<?xml version="1.0" encoding="UTF-8" standalone="yes"?>
<PcGts xmlns="http://schema.primaresearch.org/PAGE/gts/pagecontent/2013-07-15" xmlns:xsi="http://www.w3.org/2001/XMLSchema-instance" xsi:schemaLocation="http://schema.primaresearch.org/PAGE/gts/pagecontent/2013-07-15 http://schema.primaresearch.org/PAGE/gts/pagecontent/2013-07-15/pagecontent.xsd">
    <Metadata>
        <Creator>prov=READ-COOP:name=PyLaia@TranskribusPlatform:version=2.12.1:model_id=39995:lm=provided:date=29_03_2024_17:56</Creator>
        <Created>2019-10-07T20:40:09.318+02:00</Created>
        <LastChange>2024-03-29T17:56:14.512+01:00</LastChange>
        <TranskribusMetadata docId="224465" pageId="9581105" pageNr="197" tsid="156506695" status="IN_PROGRESS" userId="40391" imgUrl="https://files.transkribus.eu/Get?id=PCPSHDYMVINKYMMHJYPJVLFF&amp;fileType=view" xmlUrl="https://files.transkribus.eu/Get?id=SOAWIVONSLSLNAUILZPMJFEY" imageId="6208860"/>
    </Metadata>
    <Page imageFilename="224465_0197.jpeg" imageWidth="3344" imageHeight="4256">
        <ReadingOrder>
            <OrderedGroup id="ro_1712662349811" caption="Regions reading order">
                <RegionRefIndexed index="0" regionRef="tr_1"/>
            </OrderedGroup>
        </ReadingOrder>
        <TextRegion orientation="0.0" id="tr_1" custom="readingOrder {index:0;}">
            <Coords points="193,285 193,3412 3286,3412 3286,285"/>
            <TextLine id="tr_1_tl_1" custom="readingOrder {index:0;}">
                <Coords points="172,348 348,315 604,359 1047,351 1047,264 421,238 351,275 172,242"/>
                <Baseline points="193,307 236,307 279,312 322,313 365,308 408,309 451,312 494,313 537,313 580,311 623,314 666,316 709,316 752,316 795,316 838,316 881,316 924,317 967,319 1010,320 1053,328"/>
                <TextEquiv>
                    <Unicode>13. Miscellaneous</Unicode>
                </TextEquiv>
            </TextLine>
            <TextLine id="tr_1_tl_2" custom="readingOrder {index:1;}">
                <Coords points="1223,319 1322,326 1366,348 1424,319 1530,344 1552,330 1585,355 1655,330 1713,337 1713,256 1666,242 1618,264 1567,245 1534,264 1384,256 1358,271 1278,238 1223,253"/>
                <Baseline points="1244,310 1269,313 1294,316 1319,316 1344,317 1369,318 1394,319 1420,319 1445,319 1470,319 1495,321 1520,322 1545,322 1571,322 1596,322 1621,321 1646,319 1671,319 1696,319 1722,316"/>
                <TextEquiv>
                    <Unicode>box 44/10</Unicode>
                </TextEquiv>
            </TextLine>
            <TextLine id="tr_1_tl_3" custom="readingOrder {index:2;}">
                <Coords points="322,1596 1483,1607 1479,1549 1439,1541 319,1530"/>
                <Baseline points="337,1581 394,1579 452,1581 509,1581 567,1581 625,1581 682,1583 740,1584 797,1584 855,1586 913,1587 970,1590 1028,1587 1085,1587 1143,1587 1201,1588 1258,1588 1316,1590 1373,1590 1431,1590 1489,1590"/>
                <TextEquiv>
                    <Unicode>tantismus" witterten. Alle großen Männer, die je gelebt,</Unicode>
                </TextEquiv>
            </TextLine>
            <TextLine id="tr_1_tl_4" custom="readingOrder {index:3;}">
                <Coords points="1512,1600 2486,1607 2482,1552 2442,1545 1508,1545"/>
                <Baseline points="1534,1587 1582,1587 1630,1590 1678,1592 1726,1590 1774,1591 1822,1592 1870,1592 1918,1593 1966,1595 2014,1596 2062,1596 2110,1596 2158,1599 2206,1596 2254,1596 2302,1596 2350,1596 2398,1596 2446,1597 2495,1599"/>
                <TextEquiv>
                    <Unicode>obschon leidlich Erfolgreiche, wußten nichts von</Unicode>
                </TextEquiv>
            </TextLine>
            <TextLine id="tr_1_tl_5" custom="readingOrder {index:4;}">
                <Coords points="2523,1607 2552,1604 2570,1611 2596,1607 2610,1615 2621,1604 2629,1604 2636,1611 2665,1611 2665,1552 2567,1549 2559,1556 2545,1549 2523,1549"/>
                <Baseline points="2542,1596 2568,1598 2594,1599 2621,1599 2647,1600 2674,1602"/>
                <TextEquiv>
                    <Unicode>solchen</Unicode>
                </TextEquiv>
            </TextLine>
            <TextLine id="tr_1_tl_6" custom="readingOrder {index:5;}">
                <Coords points="2687,1607 3255,1618 3255,1560 3116,1574 3053,1556 2687,1552"/>
                <Baseline points="2709,1596 2736,1598 2764,1599 2792,1599 2820,1600 2848,1602 2875,1602 2903,1602 2931,1602 2959,1604 2987,1605 3014,1605 3042,1605 3070,1605 3098,1605 3126,1605 3153,1605 3181,1607 3209,1608 3237,1608 3265,1605"/>
                <TextEquiv>
                    <Unicode>irreguläre Großmutter eine</Unicode>
                </TextEquiv>
            </TextLine>
            <TextLine id="tr_1_tl_7" custom="readingOrder {index:6;}">
                <Coords points="319,1640 1475,1651 1475,1604 1421,1593 319,1589"/>
                <Baseline points="337,1629 394,1629 451,1629 508,1629 566,1629 623,1630 680,1632 738,1635 795,1632 852,1634 910,1635 967,1635 1024,1635 1081,1637 1139,1635 1196,1636 1253,1637 1311,1635 1368,1638 1425,1636 1483,1638"/>
                <TextEquiv>
                    <Unicode>auf allen Gebieten, sind mehr oder minder Autodidakten</Unicode>
                </TextEquiv>
            </TextLine>
            <TextLine id="tr_1_tl_8" custom="readingOrder {index:7;}">
                <Coords points="1512,1648 2654,1662 2654,1611 2508,1589 2332,1618 1512,1596"/>
                <Baseline points="1531,1635 1587,1638 1644,1640 1701,1639 1757,1638 1814,1641 1871,1641 1927,1644 1984,1644 2041,1644 2098,1644 2154,1644 2211,1646 2268,1644 2324,1644 2381,1647 2438,1647 2494,1645 2551,1646 2608,1647 2665,1647"/>
                <TextEquiv>
                    <Unicode>Krücken, und obschon Hartlebens Talent erst nach Antrit¬</Unicode>
                </TextEquiv>
            </TextLine>
            <TextLine id="tr_1_tl_9" custom="readingOrder {index:8;}">
                <Coords points="2695,1655 3266,1670 3266,1615 2962,1622 2911,1600 2695,1615"/>
                <Baseline points="2715,1647 2744,1647 2773,1648 2803,1650 2832,1650 2862,1650 2891,1650 2920,1650 2950,1651 2979,1653 3009,1653 3038,1653 3068,1653 3097,1655 3126,1656 3156,1656 3185,1656 3215,1656 3244,1654 3274,1653"/>
                <TextEquiv>
                    <Unicode>ihn natürlich empfahl, aber se</Unicode>
                </TextEquiv>
            </TextLine>
            <TextLine id="tr_1_tl_10" custom="readingOrder {index:9;}">
                <Coords points="326,1688 1340,1706 1475,1699 1472,1651 322,1637"/>
                <Baseline points="346,1677 402,1678 459,1680 516,1680 572,1680 629,1680 686,1682 742,1683 799,1683 856,1683 913,1685 969,1686 1026,1685 1083,1683 1139,1683 1196,1686 1253,1686 1309,1686 1366,1686 1423,1686 1480,1686"/>
                <TextEquiv>
                    <Unicode>oder „Dilettanten“ gewesen. Freilich scheint auch hierbe¬</Unicode>
                </TextEquiv>
            </TextLine>
            <TextLine id="tr_1_tl_11" custom="readingOrder {index:10;}">
                <Coords points="1512,1699 2654,1702 2654,1659 2552,1648 1512,1651"/>
                <Baseline points="1534,1683 1590,1686 1646,1688 1703,1689 1759,1689 1816,1689 1872,1689 1928,1689 1985,1689 2041,1692 2098,1692 2154,1692 2210,1692 2267,1693 2323,1695 2380,1695 2436,1695 2492,1694 2549,1694 2605,1695 2662,1689"/>
                <TextEquiv>
                    <Unicode>einer beträchtlichen Erbschaft entdeckt wurde, hatte Suder¬</Unicode>
                </TextEquiv>
            </TextLine>
            <TextLine id="tr_1_tl_12" custom="readingOrder {index:11;}">
                <Coords points="2687,1702 3273,1721 3269,1666 3229,1659 2687,1662"/>
                <Baseline points="2709,1695 2737,1695 2765,1696 2793,1698 2822,1698 2850,1698 2878,1700 2906,1701 2935,1701 2963,1701 2991,1701 3019,1701 3048,1701 3076,1701 3104,1701 3132,1702 3161,1704 3189,1704 3217,1704 3245,1704 3274,1704"/>
                <TextEquiv>
                    <Unicode>richtung fiel dem auserwählt</Unicode>
                </TextEquiv>
            </TextLine>
            <TextLine id="tr_1_tl_13" custom="readingOrder {index:12;}">
                <Coords points="319,1732 1468,1750 1468,1699 1402,1691 319,1695"/>
                <Baseline points="340,1722 396,1726 453,1728 510,1728 567,1728 624,1729 681,1731 737,1731 794,1731 851,1731 908,1731 965,1734 1022,1734 1079,1734 1135,1734 1192,1734 1249,1734 1306,1734 1363,1734 1420,1734 1477,1734"/>
                <TextEquiv>
                    <Unicode>eine günstige wirthschaftliche Basis unumgänglich nöthig</Unicode>
                </TextEquiv>
            </TextLine>
            <TextLine id="tr_1_tl_14" custom="readingOrder {index:13;}">
                <Coords points="1512,1743 2647,1754 2647,1706 2523,1695 1512,1699"/>
                <Baseline points="1534,1734 1590,1737 1646,1737 1702,1737 1758,1740 1814,1737 1870,1739 1926,1740 1982,1740 2038,1740 2095,1740 2151,1740 2207,1740 2263,1741 2319,1742 2375,1742 2431,1742 2487,1742 2543,1742 2599,1742 2656,1745"/>
                <TextEquiv>
                    <Unicode>mann, ein armer Teufel, schlechterdings nichts für sich</Unicode>
                </TextEquiv>
            </TextLine>
            <TextLine id="tr_1_tl_15" custom="readingOrder {index:14;}">
                <Coords points="2684,1750 3266,1765 3266,1717 3244,1713 2764,1717 2684,1695"/>
                <Baseline points="2704,1742 2732,1742 2760,1742 2789,1742 2817,1742 2845,1742 2874,1744 2902,1746 2930,1748 2959,1748 2987,1748 3015,1748 3044,1750 3072,1750 3100,1748 3129,1750 3157,1751 3185,1751 3214,1751 3242,1751 3271,1751"/>
                <TextEquiv>
                    <Unicode>die Nerven. Wollzogen und</Unicode>
                </TextEquiv>
            </TextLine>
            <TextLine id="tr_1_tl_16" custom="readingOrder {index:15;}">
                <Coords points="322,1783 1472,1794 1443,1743 322,1732"/>
                <Baseline points="343,1775 399,1775 456,1775 513,1775 570,1778 627,1778 684,1778 740,1778 797,1778 854,1781 911,1781 968,1781 1025,1781 1082,1781 1138,1781 1195,1781 1252,1782 1309,1784 1366,1784 1423,1784 1480,1784"/>
                <TextEquiv>
                    <Unicode>Berg behauptet, daß Proletarier heute überhaupt nicht</Unicode>
                </TextEquiv>
            </TextLine>
            <TextLine id="tr_1_tl_17" custom="readingOrder {index:16;}">
                <Coords points="1512,1801 2662,1805 2662,1757 2578,1743 1512,1746"/>
                <Baseline points="1531,1784 1587,1782 1644,1784 1701,1784 1758,1784 1815,1785 1872,1787 1928,1787 1985,1787 2042,1787 2099,1787 2156,1787 2213,1790 2270,1790 2326,1790 2383,1790 2440,1790 2497,1790 2554,1790 2611,1790 2668,1793"/>
                <TextEquiv>
                    <Unicode>als die Protection des Mosse=Levysonschen Kreises vom</Unicode>
                </TextEquiv>
            </TextLine>
            <TextLine id="tr_1_tl_18" custom="readingOrder {index:17;}">
                <Coords points="2691,1816 2834,1794 2988,1816 3002,1801 3273,1809 3273,1765 3251,1761 2691,1750"/>
                <Baseline points="2712,1796 2740,1794 2768,1793 2796,1793 2825,1793 2853,1793 2881,1795 2909,1796 2938,1796 2966,1798 2994,1798 3022,1796 3051,1798 3079,1799 3107,1799 3135,1799 3164,1799 3192,1799 3220,1800 3248,1802 3277,1802"/>
                <TextEquiv>
                    <Unicode>jüngst in die „Berliner Börs</Unicode>
                </TextEquiv>
            </TextLine>
            <TextLine id="tr_1_tl_19" custom="readingOrder {index:18;}">
                <Coords points="319,1834 1475,1838 1475,1798 1377,1783 319,1783"/>
                <Baseline points="340,1820 397,1823 454,1823 511,1823 568,1826 625,1826 682,1826 740,1829 797,1826 854,1827 911,1829 968,1832 1025,1832 1082,1832 1140,1832 1197,1832 1254,1833 1311,1833 1368,1832 1425,1832 1483,1832"/>
                <TextEquiv>
                    <Unicode>mehr in Literatur und Kunst hineinkönnen, daß ein</Unicode>
                </TextEquiv>
            </TextLine>
            <TextLine id="tr_1_tl_20" custom="readingOrder {index:19;}">
                <Coords points="1508,1849 2651,1860 2651,1805 2567,1790 1508,1805"/>
                <Baseline points="1528,1838 1584,1832 1641,1834 1697,1833 1754,1835 1810,1835 1867,1835 1923,1835 1980,1838 2036,1835 2093,1835 2150,1838 2206,1838 2263,1838 2319,1838 2376,1838 2432,1841 2489,1841 2545,1841 2602,1841 2659,1838"/>
                <TextEquiv>
                    <Unicode>„Berliner Tageblatt". Dies wurde allerdings ausschlag¬</Unicode>
                </TextEquiv>
            </TextLine>
            <TextLine id="tr_1_tl_21" custom="readingOrder {index:20;}">
                <Coords points="2753,1849 2863,1864 2896,1845 2958,1864 3050,1849 3119,1871 3145,1853 3280,1860 3280,1812 3174,1801 3149,1816 2999,1801 2980,1816 2830,1794 2753,1816"/>
                <Baseline points="2772,1841 2797,1841 2823,1841 2849,1843 2874,1844 2900,1844 2926,1844 2951,1844 2977,1846 3003,1847 3029,1847 3054,1847 3080,1847 3106,1848 3131,1850 3157,1850 3183,1851 3208,1852 3234,1852 3260,1850 3286,1853"/>
                <TextEquiv>
                    <Unicode>ließen sich ja auch in jüd</Unicode>
                </TextEquiv>
            </TextLine>
            <TextLine id="tr_1_tl_22" custom="readingOrder {index:21;}">
                <Coords points="326,1893 1475,1893 1475,1838 326,1831"/>
                <Baseline points="346,1871 402,1872 459,1874 516,1874 573,1874 630,1874 687,1874 743,1877 800,1877 857,1877 914,1879 971,1880 1028,1879 1085,1879 1141,1880 1198,1880 1255,1880 1312,1880 1369,1883 1426,1880 1483,1877"/>
                <TextEquiv>
                    <Unicode>Herausringen aus der Armuth wie bei Schiller und</Unicode>
                </TextEquiv>
            </TextLine>
            <TextLine id="tr_1_tl_23" custom="readingOrder {index:22;}">
                <Coords points="1512,1897 2662,1897 2618,1845 1512,1849"/>
                <Baseline points="1534,1886 1590,1882 1647,1882 1704,1883 1761,1883 1818,1884 1875,1884 1931,1883 1988,1883 2045,1884 2102,1886 2159,1889 2216,1886 2273,1888 2329,1887 2386,1886 2443,1889 2500,1889 2557,1889 2614,1889 2671,1889"/>
                <TextEquiv>
                    <Unicode>gebend. Denn Herr Leo Berg, weil selber Jude, hat</Unicode>
                </TextEquiv>
            </TextLine>
            <TextLine id="tr_1_tl_24" custom="readingOrder {index:23;}">
                <Coords points="2687,1904 3269,1908 3269,1856 3204,1853 3185,1871 3141,1853 3119,1871 3050,1849 2918,1860 2892,1845 2859,1864 2687,1845"/>
                <Baseline points="2707,1892 2735,1892 2764,1892 2792,1892 2821,1892 2850,1892 2878,1892 2907,1892 2936,1892 2964,1894 2993,1894 3022,1892 3050,1892 3079,1893 3108,1895 3136,1895 3165,1896 3194,1898 3222,1898 3251,1897 3280,1895"/>
                <TextEquiv>
                    <Unicode>leisteten Erfreuliches in schi¬</Unicode>
                </TextEquiv>
            </TextLine>
            <TextLine id="tr_1_tl_25" custom="readingOrder {index:24;}">
                <Coords points="322,1926 1475,1940 1475,1897 1391,1882 322,1878"/>
                <Baseline points="343,1919 400,1920 457,1922 514,1922 571,1922 628,1923 685,1925 742,1925 799,1928 856,1928 913,1930 970,1931 1027,1929 1084,1929 1141,1928 1198,1928 1255,1930 1312,1930 1369,1928 1426,1928 1483,1925"/>
                <TextEquiv>
                    <Unicode>Hebbel heute unmöglich sei. „Die sogenannte moderne</Unicode>
                </TextEquiv>
            </TextLine>
            <TextLine id="tr_1_tl_26" custom="readingOrder {index:25;}">
                <Coords points="1508,1937 2658,1948 2658,1897 2589,1889 1508,1897"/>
                <Baseline points="1528,1928 1585,1930 1642,1930 1699,1931 1756,1931 1813,1931 1870,1931 1927,1931 1984,1934 2041,1934 2098,1935 2155,1936 2212,1936 2269,1936 2326,1936 2383,1936 2440,1936 2497,1936 2554,1939 2611,1936 2668,1931"/>
                <TextEquiv>
                    <Unicode>natürlich nicht den Blick dafür, daß außer der „Capitals¬</Unicode>
                </TextEquiv>
            </TextLine>
            <TextLine id="tr_1_tl_27" custom="readingOrder {index:26;}">
                <Coords points="2691,1955 2819,1959 2845,1940 2955,1959 2999,1944 3273,1955 3269,1908 3185,1900 2687,1904"/>
                <Baseline points="2712,1942 2740,1940 2769,1940 2797,1942 2826,1940 2854,1939 2883,1939 2911,1939 2940,1939 2968,1941 2997,1942 3026,1942 3054,1942 3083,1943 3111,1945 3140,1945 3168,1945 3197,1945 3225,1945 3254,1945 3283,1945"/>
                <TextEquiv>
                    <Unicode>gewisse arische Sentimental</Unicode>
                </TextEquiv>
            </TextLine>
            <TextLine id="tr_1_tl_28" custom="readingOrder {index:27;}">
                <Coords points="319,1981 1443,1992 1472,1944 315,1926"/>
                <Baseline points="334,1966 391,1970 448,1970 506,1972 563,1972 621,1972 678,1972 736,1972 793,1973 851,1973 908,1974 965,1978 1023,1975 1080,1975 1138,1975 1195,1978 1253,1978 1310,1978 1368,1978 1425,1977 1483,1978"/>
                <TextEquiv>
                    <Unicode>Bewegung war der letzte Verzweiflungsschrei aus dem</Unicode>
                </TextEquiv>
            </TextLine>
            <TextLine id="tr_1_tl_29" custom="readingOrder {index:28;}">
                <Coords points="1512,1992 2654,1999 2654,1944 2589,1940 1512,1937"/>
                <Baseline points="1531,1978 1587,1977 1644,1977 1701,1978 1757,1978 1814,1981 1871,1981 1927,1981 1984,1981 2041,1981 2098,1981 2154,1984 2211,1984 2268,1984 2324,1984 2381,1984 2438,1985 2494,1987 2551,1985 2608,1984 2665,1984"/>
                <TextEquiv>
                    <Unicode>kraft" doch noch erheblich der Factor für Erfolg eines</Unicode>
                </TextEquiv>
            </TextLine>
            <TextLine id="tr_1_tl_30" custom="readingOrder {index:29;}">
                <Coords points="2684,1992 3273,2010 3273,1955 2684,1948"/>
                <Baseline points="2704,1984 2734,1986 2764,1987 2795,1987 2825,1987 2856,1987 2886,1987 2917,1989 2947,1990 2978,1990 3008,1990 3039,1990 3069,1990 3100,1993 3130,1993 3161,1993 3191,1993 3222,1993 3252,1993 3283,1993"/>
                <TextEquiv>
                    <Unicode>Nichtigkeit des Juden Fulde</Unicode>
                </TextEquiv>
            </TextLine>
            <TextLine id="tr_1_tl_31" custom="readingOrder {index:30;}">
                <Coords points="322,2025 1457,2036 1457,1988 322,1977"/>
                <Baseline points="343,2014 399,2018 455,2020 511,2020 567,2020 623,2020 679,2022 735,2025 791,2023 847,2023 904,2023 960,2023 1016,2023 1072,2026 1128,2026 1184,2026 1240,2026 1296,2026 1352,2026 1408,2026 1465,2026"/>
                <TextEquiv>
                    <Unicode>Grabe des deutschen Intellect, eines lebendig Begrabenen.</Unicode>
                </TextEquiv>
            </TextLine>
            <TextLine id="tr_1_tl_32" custom="readingOrder {index:31;}">
                <Coords points="1508,2043 2658,2047 2658,1999 2541,1984 1508,1988"/>
                <Baseline points="1528,2032 1585,2029 1642,2027 1699,2028 1756,2029 1813,2029 1870,2029 1927,2029 1984,2032 2041,2032 2098,2034 2155,2035 2212,2032 2269,2034 2326,2032 2383,2032 2440,2034 2497,2034 2554,2035 2611,2035 2668,2032"/>
                <TextEquiv>
                    <Unicode>geistig Schaffenden mitspricht, ob er als Jude oder Juden¬</Unicode>
                </TextEquiv>
            </TextLine>
            <TextLine id="tr_1_tl_33" custom="readingOrder {index:32;}">
                <Coords points="2684,2043 3273,2054 3273,2010 3226,2003 2684,1999"/>
                <Baseline points="2704,2035 2734,2035 2764,2036 2795,2038 2825,2038 2856,2038 2886,2038 2917,2038 2947,2038 2978,2038 3008,2038 3039,2038 3069,2038 3100,2041 3130,2041 3161,2041 3191,2041 3222,2041 3252,2041 3283,2041"/>
                <TextEquiv>
                    <Unicode>man brauchte noch etwas an</Unicode>
                </TextEquiv>
            </TextLine>
            <TextLine id="tr_1_tl_34" custom="readingOrder {index:33;}">
                <Coords points="319,2072 1475,2087 1475,2032 319,2021"/>
                <Baseline points="340,2059 397,2066 454,2068 511,2068 568,2068 625,2069 682,2071 740,2071 797,2071 854,2071 911,2073 968,2071 1025,2072 1082,2074 1140,2074 1197,2074 1254,2076 1311,2074 1368,2074 1425,2074 1483,2074"/>
                <TextEquiv>
                    <Unicode>Der Triumph Hauptmanns über uns andere, die wir die</Unicode>
                </TextEquiv>
            </TextLine>
            <TextLine id="tr_1_tl_35" custom="readingOrder {index:34;}">
                <Coords points="1512,2094 2662,2105 2662,2047 2512,2036 1512,2047"/>
                <Baseline points="1531,2080 1587,2075 1644,2077 1701,2075 1758,2077 1815,2078 1872,2080 1928,2080 1985,2080 2042,2083 2099,2083 2156,2080 2213,2080 2270,2082 2326,2083 2383,2083 2440,2080 2497,2082 2554,2083 2611,2086 2668,2092"/>
                <TextEquiv>
                    <Unicode>genosse zu der großen gegenseitigen Ruhmesassecuranz</Unicode>
                </TextEquiv>
            </TextLine>
            <TextLine id="tr_1_tl_36" custom="readingOrder {index:35;}">
                <Coords points="2695,2091 3280,2105 3277,2054 3215,2043 3119,2065 3083,2047 2695,2043"/>
                <Baseline points="2715,2083 2743,2083 2771,2083 2800,2083 2828,2085 2857,2086 2885,2086 2913,2086 2942,2086 2970,2088 2999,2089 3027,2089 3055,2091 3084,2092 3112,2092 3141,2090 3169,2089 3197,2091 3226,2092 3254,2092 3283,2092"/>
                <TextEquiv>
                    <Unicode>sinnfällig Decadente, das sat</Unicode>
                </TextEquiv>
            </TextLine>
            <TextLine id="tr_1_tl_37" custom="readingOrder {index:36;}">
                <Coords points="315,2135 2109,2142 2109,2091 2058,2087 315,2072"/>
                <Baseline points="334,2116 423,2116 512,2116 601,2119 691,2119 780,2119 869,2119 958,2122 1048,2122 1137,2122 1226,2122 1315,2125 1405,2122 1494,2127 1583,2125 1672,2125 1762,2126 1851,2126 1940,2129 2029,2128 2119,2128"/>
                <TextEquiv>
                    <Unicode>Bahn brachen, sei ein Sieg des Capitalismus gewesen. von Obermauschelheim gehört.</Unicode>
                </TextEquiv>
            </TextLine>
            <TextLine id="tr_1_tl_38" custom="readingOrder {index:37;}">
                <Coords points="2676,2142 2834,2138 2907,2160 2936,2142 3112,2156 3163,2138 3237,2160 3277,2145 3277,2102 3204,2094 3149,2113 3119,2094 3053,2113 3021,2094 2676,2094"/>
                <Baseline points="2698,2130 2727,2132 2756,2133 2785,2133 2815,2133 2844,2133 2873,2133 2902,2135 2932,2136 2961,2136 2990,2136 3019,2136 3049,2136 3078,2138 3107,2139 3136,2137 3166,2137 3195,2139 3224,2139 3253,2139 3283,2139"/>
                <TextEquiv>
                    <Unicode>Lebensverekelnde. Da kamen</Unicode>
                </TextEquiv>
            </TextLine>
            <TextLine id="tr_1_tl_39" custom="readingOrder {index:38;}">
                <Coords points="319,2178 1457,2186 1435,2131 319,2135"/>
                <Baseline points="340,2169 396,2166 452,2166 508,2166 565,2166 621,2166 677,2166 733,2168 790,2169 846,2168 902,2168 958,2169 1015,2169 1071,2169 1127,2171 1183,2172 1240,2173 1296,2177 1352,2173 1408,2172 1465,2175"/>
                <TextEquiv>
                    <Unicode>„Ein Millionärssohn wie Fulda wird im Flug gemacht</Unicode>
                </TextEquiv>
            </TextLine>
            <TextLine id="tr_1_tl_40" custom="readingOrder {index:39;}">
                <Coords points="1593,2178 2658,2197 2654,2135 2519,2098 2358,2131 2303,2098 2219,2145 1589,2138"/>
                <Baseline points="1614,2172 1666,2172 1719,2172 1772,2174 1824,2175 1877,2172 1930,2175 1982,2175 2035,2175 2088,2175 2141,2177 2193,2178 2246,2181 2299,2180 2351,2179 2404,2181 2457,2181 2509,2181 2562,2183 2615,2181 2668,2181"/>
                <TextEquiv>
                    <Unicode>Berg theilte in einem andern geistreichen Buch „Der</Unicode>
                </TextEquiv>
            </TextLine>
            <TextLine id="tr_1_tl_41" custom="readingOrder {index:40;}">
                <Coords points="2687,2189 3273,2200 3273,2149 2687,2138"/>
                <Baseline points="2707,2178 2735,2182 2764,2184 2793,2184 2822,2184 2851,2184 2879,2184 2908,2184 2937,2184 2966,2184 2995,2184 3023,2184 3052,2184 3081,2185 3110,2187 3139,2187 3167,2187 3196,2187 3225,2187 3254,2187 3283,2187"/>
                <TextEquiv>
                    <Unicode>Hartleben, jeder in seiner</Unicode>
                </TextEquiv>
            </TextLine>
            <TextLine id="tr_1_tl_42" custom="readingOrder {index:41;}">
                <Coords points="322,2219 1472,2237 1472,2182 1413,2175 322,2178"/>
                <Baseline points="343,2211 399,2211 456,2213 513,2214 569,2214 626,2215 683,2217 739,2217 796,2217 853,2215 910,2215 966,2217 1023,2218 1080,2220 1136,2222 1193,2220 1250,2221 1306,2221 1363,2220 1420,2223 1477,2223"/>
                <TextEquiv>
                    <Unicode>wie ein Millionengeschäft.“ Das hat ja viel für sich</Unicode>
                </TextEquiv>
            </TextLine>
            <TextLine id="tr_1_tl_43" custom="readingOrder {index:42;}">
                <Coords points="1501,2226 2387,2252 2654,2237 2654,2189 1497,2171"/>
                <Baseline points="1522,2220 1579,2220 1636,2222 1693,2223 1750,2220 1807,2223 1864,2223 1922,2223 1979,2225 2036,2224 2093,2226 2150,2226 2207,2227 2264,2229 2322,2229 2379,2229 2436,2227 2493,2229 2550,2229 2607,2230 2665,2229"/>
                <TextEquiv>
                    <Unicode>Uebermensch in der Literatur“ die literarische Revolution</Unicode>
                </TextEquiv>
            </TextLine>
            <TextLine id="tr_1_tl_44" custom="readingOrder {index:43;}">
                <Coords points="2695,2244 3259,2248 3259,2193 3138,2211 3116,2189 3072,2200 3050,2182 2797,2204 2695,2189"/>
                <Baseline points="2715,2232 2742,2230 2770,2230 2797,2231 2825,2232 2853,2232 2880,2232 2908,2232 2936,2232 2963,2232 2991,2232 3019,2232 3046,2232 3074,2232 3102,2234 3129,2235 3157,2235 3185,2235 3212,2235 3240,2237 3268,2238"/>
                <TextEquiv>
                    <Unicode>sind denn diese drei Arier</Unicode>
                </TextEquiv>
            </TextLine>
            <TextLine id="tr_1_tl_45" custom="readingOrder {index:44;}">
                <Coords points="340,2277 1472,2281 1472,2237 1380,2222 340,2219"/>
                <Baseline points="361,2261 419,2260 478,2262 537,2265 596,2265 655,2265 714,2265 773,2265 832,2265 891,2267 949,2268 1008,2266 1067,2268 1126,2268 1185,2268 1244,2268 1303,2268 1362,2268 1421,2268 1480,2268"/>
                <TextEquiv>
                    <Unicode>In der That entdeckten Brahm=Schlenther den Haupt¬</Unicode>
                </TextEquiv>
            </TextLine>
            <TextLine id="tr_1_tl_46" custom="readingOrder {index:45;}">
                <Coords points="1512,2288 3259,2296 3259,2244 3152,2237 1512,2226"/>
                <Baseline points="1531,2274 1617,2271 1704,2271 1791,2271 1878,2274 1965,2274 2052,2274 2138,2274 2225,2276 2312,2277 2399,2277 2486,2277 2573,2279 2660,2280 2746,2280 2833,2277 2920,2280 3007,2283 3094,2282 3181,2283 3268,2289"/>
                <TextEquiv>
                    <Unicode>so ein, daß auf den Kampf um die große Persönlichkeit arische Abkunft unbestritten</Unicode>
                </TextEquiv>
            </TextLine>
            <TextLine id="tr_1_tl_47" custom="readingOrder {index:46;}">
                <Coords points="319,2325 1479,2336 1479,2285 1329,2270 319,2277"/>
                <Baseline points="337,2310 394,2310 452,2310 509,2313 567,2313 625,2313 682,2313 740,2313 797,2314 855,2316 913,2316 970,2316 1028,2314 1085,2316 1143,2316 1201,2316 1258,2316 1316,2316 1373,2316 1431,2317 1489,2319"/>
                <TextEquiv>
                    <Unicode>mann erst, nachdem sie von seinen Vermögensumständen</Unicode>
                </TextEquiv>
            </TextLine>
            <TextLine id="tr_1_tl_48" custom="readingOrder {index:47;}">
                <Coords points="1571,2343 2654,2336 2654,2292 2574,2285 1571,2281"/>
                <Baseline points="1590,2321 1643,2319 1697,2319 1751,2319 1805,2319 1858,2321 1912,2321 1966,2321 2020,2321 2073,2321 2127,2321 2181,2321 2235,2319 2288,2319 2342,2323 2396,2324 2450,2325 2503,2327 2557,2327 2611,2327 2665,2324"/>
                <TextEquiv>
                    <Unicode>„das waren die um Bleibtreu — die kleinen Leute</Unicode>
                </TextEquiv>
            </TextLine>
            <TextLine id="tr_1_tl_49" custom="readingOrder {index:48;}">
                <Coords points="2680,2343 2826,2332 3068,2354 3134,2332 3207,2358 3207,2292 2944,2288 2925,2307 2874,2288 2680,2292"/>
                <Baseline points="2701,2327 2726,2327 2752,2327 2778,2327 2804,2327 2830,2327 2855,2327 2881,2327 2907,2329 2933,2329 2959,2328 2984,2327 3010,2327 3036,2328 3062,2330 3088,2330 3113,2330 3139,2330 3165,2329 3191,2327 3217,2327"/>
                <TextEquiv>
                    <Unicode>weicht vom Jüdischen ab</Unicode>
                </TextEquiv>
            </TextLine>
            <TextLine id="tr_1_tl_50" custom="readingOrder {index:49;}">
                <Coords points="319,2369 1475,2380 1432,2325 319,2325"/>
                <Baseline points="337,2357 394,2358 451,2360 509,2360 566,2357 624,2360 681,2360 739,2363 796,2363 854,2365 911,2366 968,2363 1026,2366 1083,2364 1141,2366 1198,2366 1256,2364 1313,2365 1371,2366 1428,2369 1486,2366"/>
                <TextEquiv>
                    <Unicode>ersprießliche Ueberzeugung gewannen. Bei andern spielen</Unicode>
                </TextEquiv>
            </TextLine>
            <TextLine id="tr_1_tl_51" custom="readingOrder {index:50;}">
                <Coords points="1501,2380 2651,2387 2651,2336 2545,2329 1501,2321"/>
                <Baseline points="1522,2366 1578,2366 1635,2366 1692,2366 1749,2369 1806,2371 1863,2369 1919,2369 1976,2369 2033,2370 2090,2370 2147,2372 2204,2371 2261,2369 2317,2376 2374,2375 2431,2375 2488,2377 2545,2378 2602,2375 2659,2372"/>
                <TextEquiv>
                    <Unicode>mit der messianischen Hoffnungen — „die um Haupt¬</Unicode>
                </TextEquiv>
            </TextLine>
            <TextLine id="tr_1_tl_52" custom="readingOrder {index:51;}">
                <Coords points="2684,2383 3251,2398 3251,2336 3174,2351 3134,2332 3068,2354 2955,2336 2684,2340"/>
                <Baseline points="2704,2378 2731,2378 2759,2378 2787,2378 2815,2378 2843,2378 2871,2378 2899,2378 2927,2378 2955,2378 2983,2378 3010,2378 3038,2379 3066,2381 3094,2381 3122,2381 3150,2381 3178,2381 3206,2381 3234,2381 3262,2381"/>
                <TextEquiv>
                    <Unicode>geworden. Denn nicht auf</Unicode>
                </TextEquiv>
            </TextLine>
            <TextLine id="tr_1_tl_53" custom="readingOrder {index:52;}">
                <Coords points="319,2420 1468,2427 1468,2376 319,2372"/>
                <Baseline points="340,2405 396,2406 453,2410 510,2409 567,2411 624,2411 681,2411 737,2411 794,2408 851,2412 908,2412 965,2411 1022,2412 1079,2414 1135,2414 1192,2414 1249,2416 1306,2412 1363,2414 1420,2414 1477,2408"/>
                <TextEquiv>
                    <Unicode>wieder gesellschaftliche Vortheile mit. Auch ein Adels¬</Unicode>
                </TextEquiv>
            </TextLine>
            <TextLine id="tr_1_tl_54" custom="readingOrder {index:53;}">
                <Coords points="1505,2427 1534,2427 1538,2431 1567,2420 1640,2427 1640,2380 1611,2383 1600,2372 1593,2380 1585,2376 1505,2380"/>
                <Baseline points="1525,2417 1550,2415 1575,2414 1600,2414 1625,2414 1650,2414"/>
                <TextEquiv>
                    <Unicode>mann</Unicode>
                </TextEquiv>
            </TextLine>
            <TextLine id="tr_1_tl_55" custom="readingOrder {index:54;}">
                <Coords points="1721,2431 2559,2449 2651,2438 2647,2387 1717,2383"/>
                <Baseline points="1742,2420 1787,2420 1833,2420 1879,2417 1925,2420 1971,2420 2017,2420 2062,2423 2108,2423 2154,2420 2200,2421 2246,2423 2292,2423 2338,2424 2383,2425 2429,2423 2475,2423 2521,2424 2567,2425 2613,2423 2659,2420"/>
                <TextEquiv>
                    <Unicode>gefolgt seien, um zuletzt in kindischem Lyriker¬</Unicode>
                </TextEquiv>
            </TextLine>
            <TextLine id="tr_1_tl_56" custom="readingOrder {index:55;}">
                <Coords points="2684,2435 3277,2435 3277,2398 3189,2383 2684,2387"/>
                <Baseline points="2704,2423 2733,2425 2762,2426 2791,2426 2820,2426 2849,2426 2878,2426 2907,2426 2936,2426 2965,2426 2995,2428 3024,2429 3053,2429 3082,2429 3111,2429 3140,2429 3169,2430 3198,2432 3227,2432 3256,2432 3286,2432"/>
                <TextEquiv>
                    <Unicode>kommt es bei der Judenfrag¬</Unicode>
                </TextEquiv>
            </TextLine>
            <TextLine id="tr_1_tl_57" custom="readingOrder {index:56;}">
                <Coords points="315,2471 1475,2471 1475,2424 1325,2416 315,2424"/>
                <Baseline points="334,2456 391,2457 449,2459 506,2459 564,2459 622,2459 679,2457 737,2459 794,2459 852,2461 910,2459 967,2462 1025,2462 1082,2460 1140,2462 1198,2462 1255,2462 1313,2462 1370,2462 1428,2462 1486,2462"/>
                <TextEquiv>
                    <Unicode>titel ist nicht zu verachten. Wildenbruch war am Ende</Unicode>
                </TextEquiv>
            </TextLine>
            <TextLine id="tr_1_tl_58" custom="readingOrder {index:57;}">
                <Coords points="1508,2482 2442,2471 2442,2442 2307,2427 1508,2427"/>
                <Baseline points="1528,2465 1574,2465 1620,2465 1666,2465 1713,2465 1759,2464 1805,2462 1851,2463 1898,2468 1944,2468 1990,2467 2036,2466 2083,2469 2129,2471 2175,2471 2221,2471 2268,2471 2314,2473 2360,2472 2406,2469 2453,2468"/>
                <TextEquiv>
                    <Unicode>größenwahn — Gruppe Dehmel u. s. w. -</Unicode>
                </TextEquiv>
            </TextLine>
            <TextLine id="tr_1_tl_59" custom="readingOrder {index:58;}">
                <Coords points="2482,2482 2504,2490 2530,2490 2556,2475 2589,2482 2651,2482 2654,2438 2578,2435 2556,2449 2537,2438 2482,2435"/>
                <Baseline points="2501,2474 2527,2474 2553,2474 2580,2474 2606,2474 2632,2472 2659,2468"/>
                <TextEquiv>
                    <Unicode>zu ver¬</Unicode>
                </TextEquiv>
            </TextLine>
            <TextLine id="tr_1_tl_60" custom="readingOrder {index:59;}">
                <Coords points="2687,2490 3273,2490 3273,2435 2687,2435"/>
                <Baseline points="2707,2474 2735,2474 2764,2474 2793,2474 2822,2476 2851,2477 2879,2477 2908,2477 2937,2477 2966,2477 2995,2477 3023,2477 3052,2477 3081,2478 3110,2480 3139,2478 3167,2478 3196,2480 3225,2480 3254,2480 3283,2480"/>
                <TextEquiv>
                    <Unicode>gibt es Juden, die zu entsch</Unicode>
                </TextEquiv>
            </TextLine>
            <TextLine id="tr_1_tl_61" custom="readingOrder {index:60;}">
                <Coords points="319,2512 1351,2523 1329,2468 319,2468"/>
                <Baseline points="340,2501 391,2504 442,2505 493,2507 544,2507 595,2507 646,2507 697,2507 748,2507 799,2510 850,2510 901,2508 952,2509 1003,2510 1054,2510 1105,2510 1156,2511 1207,2513 1258,2513 1309,2513 1360,2510"/>
                <TextEquiv>
                    <Unicode>ein anonymer Hohenzoller, sein Bruder Oberst</Unicode>
                </TextEquiv>
            </TextLine>
            <TextLine id="tr_1_tl_62" custom="readingOrder {index:61;}">
                <Coords points="1377,2519 1399,2519 1402,2523 1421,2526 1468,2523 1468,2471 1424,2475 1421,2479 1410,2479 1402,2471 1395,2479 1377,2479"/>
                <Baseline points="1396,2513 1423,2513 1450,2512 1477,2510"/>
                <TextEquiv>
                    <Unicode>und</Unicode>
                </TextEquiv>
            </TextLine>
            <TextLine id="tr_1_tl_63" custom="readingOrder {index:62;}">
                <Coords points="1512,2530 2647,2530 2647,2482 2567,2471 1512,2490"/>
                <Baseline points="1531,2513 1587,2513 1643,2513 1699,2513 1756,2513 1812,2515 1868,2517 1924,2518 1981,2515 2037,2515 2093,2517 2149,2518 2206,2518 2262,2519 2318,2521 2374,2521 2431,2521 2487,2518 2543,2520 2599,2518 2656,2521"/>
                <TextEquiv>
                    <Unicode>sumpfen. Nun wohl, jene erste Periode (1883 bis 1890,</Unicode>
                </TextEquiv>
            </TextLine>
            <TextLine id="tr_1_tl_64" custom="readingOrder {index:63;}">
                <Coords points="2684,2534 3269,2534 3269,2486 3237,2501 3156,2479 2684,2493"/>
                <Baseline points="2704,2518 2732,2520 2761,2521 2789,2521 2818,2521 2847,2521 2875,2521 2904,2522 2933,2524 2961,2524 2990,2524 3019,2524 3047,2524 3076,2524 3105,2524 3133,2526 3162,2527 3191,2527 3219,2527 3248,2526 3277,2524"/>
                <TextEquiv>
                    <Unicode>neigen und deshalb für die</Unicode>
                </TextEquiv>
            </TextLine>
            <TextLine id="tr_1_tl_65" custom="readingOrder {index:64;}">
                <Coords points="315,2563 1468,2578 1468,2523 315,2512"/>
                <Baseline points="334,2551 391,2552 448,2554 505,2554 562,2554 619,2552 676,2554 734,2557 791,2557 848,2557 905,2559 962,2557 1019,2559 1076,2557 1134,2560 1191,2560 1248,2560 1305,2560 1362,2560 1419,2560 1477,2560"/>
                <TextEquiv>
                    <Unicode>Militärattaché. Wolzogens „Ueberbrett!“ reussirte, weil</Unicode>
                </TextEquiv>
            </TextLine>
            <TextLine id="tr_1_tl_66" custom="readingOrder {index:65;}">
                <Coords points="1497,2570 2647,2585 2647,2526 1497,2519"/>
                <Baseline points="1516,2560 1572,2562 1629,2560 1686,2560 1743,2563 1800,2563 1857,2563 1913,2563 1970,2566 2027,2566 2084,2566 2141,2566 2198,2570 2255,2570 2311,2569 2368,2569 2425,2570 2482,2572 2539,2569 2596,2569 2653,2572"/>
                <TextEquiv>
                    <Unicode>ist fast ausschließlich von Ariern, Idealisten, durchkämpft</Unicode>
                </TextEquiv>
            </TextLine>
            <TextLine id="tr_1_tl_67" custom="readingOrder {index:66;}">
                <Coords points="2676,2581 3134,2592 3167,2574 3277,2592 3277,2537 3255,2534 2991,2548 2922,2523 2676,2530"/>
                <Baseline points="2698,2569 2727,2569 2756,2570 2785,2572 2815,2572 2844,2572 2873,2572 2902,2572 2932,2572 2961,2572 2990,2574 3019,2575 3049,2575 3078,2575 3107,2575 3136,2575 3166,2575 3195,2575 3224,2575 3253,2575 3283,2572"/>
                <TextEquiv>
                    <Unicode>verantwortlich gemacht werd</Unicode>
                </TextEquiv>
            </TextLine>
            <TextLine id="tr_1_tl_68" custom="readingOrder {index:67;}">
                <Coords points="315,2607 1472,2621 1472,2574 1377,2559 315,2563"/>
                <Baseline points="334,2599 391,2599 448,2601 505,2602 563,2602 620,2602 677,2602 735,2602 792,2605 849,2605 907,2607 964,2608 1021,2608 1078,2606 1136,2608 1193,2608 1250,2608 1308,2608 1365,2608 1422,2608 1480,2608"/>
                <TextEquiv>
                    <Unicode>der Bourgeois sich daran labte, einen Reichsfreiherrn</Unicode>
                </TextEquiv>
            </TextLine>
            <TextLine id="tr_1_tl_69" custom="readingOrder {index:68;}">
                <Coords points="1497,2618 2651,2629 2599,2578 1497,2570"/>
                <Baseline points="1516,2608 1573,2608 1630,2610 1687,2611 1744,2611 1801,2611 1858,2611 1915,2611 1972,2612 2029,2614 2086,2616 2143,2617 2200,2617 2257,2619 2314,2620 2371,2620 2428,2621 2485,2621 2542,2620 2599,2617 2656,2617"/>
                <TextEquiv>
                    <Unicode>worden; deshalb der Schwung, der große Zug, das Ge¬</Unicode>
                </TextEquiv>
            </TextLine>
            <TextLine id="tr_1_tl_70" custom="readingOrder {index:69;}">
                <Coords points="2684,2643 2731,2651 2848,2621 2955,2640 2973,2621 3204,2651 3269,2640 3269,2589 3167,2578 2684,2581"/>
                <Baseline points="2704,2617 2732,2619 2761,2620 2790,2620 2819,2620 2848,2620 2876,2620 2905,2620 2934,2620 2963,2620 2992,2621 3020,2623 3049,2625 3078,2626 3107,2626 3136,2624 3164,2623 3193,2623 3222,2621 3251,2621 3280,2623"/>
                <TextEquiv>
                    <Unicode>auf, ob etwas den jüdischen</Unicode>
                </TextEquiv>
            </TextLine>
            <TextLine id="tr_1_tl_71" custom="readingOrder {index:70;}">
                <Coords points="315,2662 1475,2665 1450,2618 315,2607"/>
                <Baseline points="334,2650 391,2650 449,2652 506,2653 564,2653 622,2653 679,2653 737,2653 794,2653 852,2655 910,2653 967,2656 1025,2657 1082,2657 1140,2656 1198,2656 1255,2656 1313,2659 1370,2659 1428,2658 1486,2656"/>
                <TextEquiv>
                    <Unicode>den Bajazzo persönlich mimen zu sehen. Lilienkron, vom</Unicode>
                </TextEquiv>
            </TextLine>
            <TextLine id="tr_1_tl_72" custom="readingOrder {index:71;}">
                <Coords points="1501,2665 2651,2676 2651,2625 2574,2614 2446,2643 1501,2618"/>
                <Baseline points="1522,2656 1578,2657 1635,2659 1692,2659 1749,2659 1806,2660 1863,2662 1919,2662 1976,2662 2033,2663 2090,2665 2147,2665 2204,2665 2261,2667 2317,2668 2374,2668 2431,2666 2488,2668 2545,2668 2602,2668 2659,2665"/>
                <TextEquiv>
                    <Unicode>dankliche, Stürmende darin. Die zweite aber (1890 bis</Unicode>
                </TextEquiv>
            </TextLine>
            <TextLine id="tr_1_tl_73" custom="readingOrder {index:72;}">
                <Coords points="2768,2684 3277,2684 3277,2640 3204,2651 3086,2643 3068,2625 2995,2636 2977,2621 2958,2640 2768,2625"/>
                <Baseline points="2787,2665 2813,2667 2839,2668 2865,2668 2891,2668 2917,2668 2943,2668 2969,2668 2995,2668 3021,2669 3048,2670 3074,2671 3100,2671 3126,2673 3152,2674 3178,2674 3204,2674 3230,2674 3256,2674 3283,2674"/>
                <TextEquiv>
                    <Unicode>Bei dem scharf ausgespro</Unicode>
                </TextEquiv>
            </TextLine>
            <TextLine id="tr_1_tl_74" custom="readingOrder {index:73;}">
                <Coords points="319,2702 1468,2713 1468,2673 1380,2658 319,2658"/>
                <Baseline points="340,2695 396,2698 453,2698 510,2700 566,2701 623,2701 680,2701 736,2701 793,2701 850,2704 907,2704 963,2707 1020,2707 1077,2707 1133,2705 1190,2707 1247,2706 1303,2706 1360,2707 1417,2704 1474,2701"/>
                <TextEquiv>
                    <Unicode>Stamm des Pumpus von Perusia, galt den naiven Fern¬</Unicode>
                </TextEquiv>
            </TextLine>
            <TextLine id="tr_1_tl_75" custom="readingOrder {index:74;}">
                <Coords points="1508,2713 2651,2728 2651,2680 2585,2669 1508,2665"/>
                <Baseline points="1528,2704 1584,2705 1641,2707 1697,2707 1754,2707 1810,2709 1867,2709 1923,2707 1980,2709 2036,2712 2093,2712 2150,2712 2206,2712 2263,2712 2319,2712 2376,2712 2432,2715 2489,2715 2545,2715 2602,2715 2659,2715"/>
                <TextEquiv>
                    <Unicode>1898, denn etwa so lange dauerte der Schwindel des</Unicode>
                </TextEquiv>
            </TextLine>
            <TextLine id="tr_1_tl_76" custom="readingOrder {index:75;}">
                <Coords points="2676,2724 3266,2728 3266,2684 2823,2684 2768,2654 2746,2673 2676,2662"/>
                <Baseline points="2698,2715 2726,2715 2755,2715 2784,2715 2813,2715 2842,2715 2870,2715 2899,2715 2928,2715 2957,2717 2986,2718 3014,2718 3043,2718 3072,2718 3101,2718 3130,2720 3158,2721 3187,2721 3216,2721 3245,2721 3274,2721"/>
                <TextEquiv>
                    <Unicode>thums, in seinem Gegensatz z</Unicode>
                </TextEquiv>
            </TextLine>
            <TextLine id="tr_1_tl_77" custom="readingOrder {index:76;}">
                <Coords points="319,2753 1472,2768 1472,2713 1355,2702 319,2702"/>
                <Baseline points="340,2748 397,2748 454,2748 511,2748 568,2748 625,2749 682,2751 739,2748 796,2748 853,2749 910,2751 967,2751 1024,2752 1081,2754 1138,2754 1195,2754 1252,2751 1309,2753 1366,2757 1423,2754 1480,2754"/>
                <TextEquiv>
                    <Unicode>stehenden als reicher Edelmann auf altem Schloß und</Unicode>
                </TextEquiv>
            </TextLine>
            <TextLine id="tr_1_tl_78" custom="readingOrder {index:77;}">
                <Coords points="1508,2775 2651,2779 2651,2728 2578,2717 1508,2713"/>
                <Baseline points="1528,2748 1584,2754 1641,2754 1697,2756 1754,2754 1810,2757 1867,2759 1923,2758 1980,2760 2036,2760 2093,2760 2150,2760 2206,2763 2263,2761 2319,2763 2376,2763 2432,2766 2489,2765 2545,2765 2602,2766 2659,2763"/>
                <TextEquiv>
                    <Unicode>Berlino-judischen Naturalismus als alleinseligmachender</Unicode>
                </TextEquiv>
            </TextLine>
            <TextLine id="tr_1_tl_79" custom="readingOrder {index:78;}">
                <Coords points="2676,2775 2775,2768 2816,2790 2936,2772 2969,2794 3277,2783 3277,2728 2676,2724"/>
                <Baseline points="2698,2763 2727,2763 2756,2763 2785,2763 2815,2763 2844,2764 2873,2766 2902,2766 2932,2766 2961,2766 2990,2766 3019,2766 3049,2766 3078,2768 3107,2769 3136,2769 3166,2769 3195,2769 3224,2769 3253,2769 3283,2772"/>
                <TextEquiv>
                    <Unicode>mit Sicherheit annehmen: Wa</Unicode>
                </TextEquiv>
            </TextLine>
            <TextLine id="tr_1_tl_80" custom="readingOrder {index:79;}">
                <Coords points="326,2805 1468,2816 1468,2768 1380,2753 326,2753"/>
                <Baseline points="346,2799 402,2797 459,2797 515,2796 572,2799 628,2799 685,2799 741,2797 798,2799 854,2799 911,2799 968,2802 1024,2799 1081,2802 1137,2802 1194,2802 1250,2802 1307,2802 1363,2802 1420,2802 1477,2802"/>
                <TextEquiv>
                    <Unicode>spreizte sich auch so in seinen dichterischen Lebensbeichten</Unicode>
                </TextEquiv>
            </TextLine>
            <TextLine id="tr_1_tl_81" custom="readingOrder {index:80;}">
                <Coords points="1508,2812 2647,2826 2614,2775 1508,2764"/>
                <Baseline points="1528,2796 1584,2802 1640,2804 1697,2805 1753,2805 1810,2806 1866,2808 1922,2808 1979,2808 2035,2809 2092,2811 2148,2811 2204,2814 2261,2813 2317,2813 2374,2814 2430,2814 2486,2814 2543,2814 2599,2814 2656,2814"/>
                <TextEquiv>
                    <Unicode>Heilswahrheit) ist ganz und gar von Juden geleitet worden.</Unicode>
                </TextEquiv>
            </TextLine>
            <TextLine id="tr_1_tl_82" custom="readingOrder {index:81;}">
                <Coords points="2680,2819 3273,2826 3273,2783 2676,2775"/>
                <Baseline points="2701,2814 2730,2812 2759,2812 2788,2814 2817,2814 2846,2814 2875,2814 2904,2814 2933,2814 2962,2814 2992,2816 3021,2817 3050,2817 3079,2817 3108,2817 3137,2817 3166,2817 3195,2817 3224,2819 3253,2820 3283,2820"/>
                <TextEquiv>
                    <Unicode>presse gefällt, muß von v.</Unicode>
                </TextEquiv>
            </TextLine>
            <TextLine id="tr_1_tl_83" custom="readingOrder {index:82;}">
                <Coords points="315,2852 1468,2863 1468,2816 1413,2812 315,2805"/>
                <Baseline points="334,2844 391,2844 448,2846 505,2847 562,2847 619,2849 676,2847 734,2847 791,2850 848,2849 905,2847 962,2850 1019,2850 1076,2850 1134,2853 1191,2853 1248,2852 1305,2852 1362,2853 1419,2853 1477,2853"/>
                <TextEquiv>
                    <Unicode>das hat den grünen Jungen mächtig imponirt. Paul</Unicode>
                </TextEquiv>
            </TextLine>
            <TextLine id="tr_1_tl_84" custom="readingOrder {index:83;}">
                <Coords points="1512,2863 2651,2878 2651,2826 2556,2819 1512,2812"/>
                <Baseline points="1531,2853 1587,2853 1643,2853 1700,2853 1756,2856 1813,2856 1869,2854 1925,2855 1982,2856 2038,2858 2095,2858 2151,2859 2207,2862 2264,2861 2320,2859 2377,2859 2433,2862 2489,2860 2546,2862 2602,2865 2659,2865"/>
                <TextEquiv>
                    <Unicode>Ist das nicht merkwürdig? O nein! Israel hatte erkannt,</Unicode>
                </TextEquiv>
            </TextLine>
            <TextLine id="tr_1_tl_85" custom="readingOrder {index:84;}">
                <Coords points="2684,2870 3266,2885 3266,2826 3233,2819 3086,2837 2684,2823"/>
                <Baseline points="2704,2859 2732,2861 2761,2862 2789,2862 2818,2862 2846,2862 2875,2862 2903,2862 2932,2862 2960,2864 2989,2864 3017,2862 3046,2864 3074,2865 3103,2865 3131,2865 3160,2865 3188,2865 3217,2866 3245,2868 3274,2868"/>
                <TextEquiv>
                    <Unicode>deutsche Kunst, undeutsch sei¬</Unicode>
                </TextEquiv>
            </TextLine>
            <TextLine id="tr_1_tl_86" custom="readingOrder {index:85;}">
                <Coords points="315,2903 1468,2918 1468,2870 1362,2852 315,2852"/>
                <Baseline points="334,2892 391,2895 448,2895 505,2895 562,2895 619,2895 676,2897 734,2895 791,2895 848,2896 905,2898 962,2898 1019,2899 1076,2899 1134,2898 1191,2898 1248,2901 1305,2901 1362,2901 1419,2900 1477,2898"/>
                <TextEquiv>
                    <Unicode>Lindau besaß an seinem Bruder, dem wirklichen Geheim¬</Unicode>
                </TextEquiv>
            </TextLine>
            <TextLine id="tr_1_tl_87" custom="readingOrder {index:86;}">
                <Coords points="1505,2918 2643,2925 2621,2870 1505,2863"/>
                <Baseline points="1525,2901 1581,2901 1637,2901 1694,2903 1750,2903 1807,2903 1863,2903 1919,2905 1976,2906 2032,2906 2089,2906 2145,2906 2201,2909 2258,2907 2314,2909 2371,2909 2427,2909 2483,2911 2540,2911 2596,2909 2653,2909"/>
                <TextEquiv>
                    <Unicode>hier war zu machen ein Geschäft. Früher ließ sich nur</Unicode>
                </TextEquiv>
            </TextLine>
            <TextLine id="tr_1_tl_88" custom="readingOrder {index:87;}">
                <Coords points="2684,2914 2786,2933 2830,2914 2867,2933 2907,2911 2936,2929 3273,2929 3273,2885 3248,2881 2684,2867"/>
                <Baseline points="2704,2906 2734,2908 2764,2909 2795,2909 2825,2909 2856,2909 2886,2909 2917,2909 2947,2910 2978,2912 3008,2912 3039,2912 3069,2912 3100,2915 3130,2915 3161,2915 3191,2915 3222,2915 3252,2915 3283,2915"/>
                <TextEquiv>
                    <Unicode>Undeutsche producirt, komm¬</Unicode>
                </TextEquiv>
            </TextLine>
            <TextLine id="tr_1_tl_89" custom="readingOrder {index:88;}">
                <Coords points="315,2947 1475,2962 1475,2914 1402,2907 315,2903"/>
                <Baseline points="334,2942 391,2943 448,2943 506,2942 563,2942 621,2944 678,2944 736,2942 793,2944 851,2944 908,2945 965,2948 1023,2948 1080,2948 1138,2948 1195,2947 1253,2947 1310,2948 1368,2945 1425,2948 1483,2951"/>
                <TextEquiv>
                    <Unicode>rath, einem durch jüdische Einflüsse ins Auswärtige Amt</Unicode>
                </TextEquiv>
            </TextLine>
            <TextLine id="tr_1_tl_90" custom="readingOrder {index:89;}">
                <Coords points="1505,2966 2654,2969 2654,2918 2578,2914 1505,2918"/>
                <Baseline points="1525,2951 1581,2948 1638,2948 1695,2948 1751,2948 1808,2949 1865,2951 1921,2954 1978,2954 2035,2954 2092,2954 2148,2954 2205,2955 2262,2957 2318,2957 2375,2957 2432,2957 2488,2957 2545,2957 2602,2957 2659,2954"/>
                <TextEquiv>
                    <Unicode>mit Lindau=Blumenthal und anderen Leibjuden des con¬</Unicode>
                </TextEquiv>
            </TextLine>
            <TextLine id="tr_1_tl_91" custom="readingOrder {index:90;}">
                <Coords points="2680,2962 3266,2984 3262,2925 2991,2914 2936,2933 2911,2914 2870,2933 2676,2914"/>
                <Baseline points="2698,2957 2726,2959 2755,2960 2784,2960 2813,2958 2842,2957 2870,2957 2899,2957 2928,2957 2957,2959 2986,2960 3014,2960 3043,2960 3072,2961 3101,2963 3130,2963 3158,2963 3187,2963 3216,2963 3245,2963 3274,2963"/>
                <TextEquiv>
                    <Unicode>ist z. B. im Mischling Bahr</Unicode>
                </TextEquiv>
            </TextLine>
            <TextLine id="tr_1_tl_92" custom="readingOrder {index:91;}">
                <Coords points="315,3002 1464,3010 1464,2962 1373,2951 315,2951"/>
                <Baseline points="334,2990 390,2992 447,2992 504,2991 561,2990 618,2993 675,2991 731,2993 788,2993 845,2995 902,2993 959,2996 1016,2996 1073,2996 1129,2996 1186,2996 1243,2996 1300,2998 1357,2996 1414,2996 1471,2993"/>
                <TextEquiv>
                    <Unicode>bugsirten Geschäftsmann, mächtigen Fürspruch. Ein an¬</Unicode>
                </TextEquiv>
            </TextLine>
            <TextLine id="tr_1_tl_93" custom="readingOrder {index:92;}">
                <Coords points="1505,3010 2654,3024 2654,2969 2556,2958 1505,2962"/>
                <Baseline points="1525,2999 1581,2996 1638,2996 1695,2998 1752,2996 1809,2999 1866,2999 1922,2999 1979,2999 2036,3003 2093,3005 2150,3005 2207,3005 2264,3005 2320,3007 2377,3005 2434,3006 2491,3010 2548,3006 2605,3008 2662,3011"/>
                <TextEquiv>
                    <Unicode>cessionirten Geistesbordells, „moderne Literatur“ getauft,</Unicode>
                </TextEquiv>
            </TextLine>
            <TextLine id="tr_1_tl_94" custom="readingOrder {index:93;}">
                <Coords points="2676,3013 2801,3032 2889,3013 3269,3028 3269,2977 2676,2973"/>
                <Baseline points="2698,3002 2728,3004 2758,3006 2789,3008 2819,3008 2850,3008 2880,3008 2911,3008 2941,3007 2972,3005 3002,3007 3033,3008 3063,3008 3094,3011 3124,3011 3155,3011 3185,3011 3216,3011 3246,3011 3277,3011"/>
                <TextEquiv>
                    <Unicode>rarisch immer stärker hervor¬</Unicode>
                </TextEquiv>
            </TextLine>
            <TextLine id="tr_1_tl_95" custom="readingOrder {index:94;}">
                <Coords points="322,3046 1457,3064 1457,3006 322,2999"/>
                <Baseline points="343,3041 399,3041 455,3041 511,3041 567,3041 623,3044 679,3042 735,3041 791,3044 847,3041 904,3043 960,3044 1016,3044 1072,3045 1128,3047 1184,3047 1240,3047 1296,3047 1352,3047 1408,3047 1465,3050"/>
                <TextEquiv>
                    <Unicode>derer unserer „beliebtesten“ Schmiersinken hatte wenig</Unicode>
                </TextEquiv>
            </TextLine>
            <TextLine id="tr_1_tl_96" custom="readingOrder {index:95;}">
                <Coords points="1505,3057 2647,3064 2607,3013 1505,3010"/>
                <Baseline points="1525,3047 1581,3047 1638,3045 1694,3046 1751,3047 1807,3048 1864,3050 1920,3048 1977,3047 2033,3050 2090,3050 2147,3053 2203,3053 2260,3053 2316,3055 2373,3056 2429,3056 2486,3055 2542,3055 2599,3056 2656,3053"/>
                <TextEquiv>
                    <Unicode>eine kleine feine koschere Gründung leisten; doch der Adler¬</Unicode>
                </TextEquiv>
            </TextLine>
            <TextLine id="tr_1_tl_97" custom="readingOrder {index:96;}">
                <Coords points="2684,3061 2995,3064 3046,3094 3141,3064 3215,3079 3273,3061 3273,3028 3215,3017 2911,3028 2881,3013 2805,3032 2684,3013"/>
                <Baseline points="2704,3056 2734,3054 2764,3054 2795,3056 2825,3056 2856,3056 2886,3056 2917,3056 2947,3057 2978,3059 3008,3057 3039,3056 3069,3056 3100,3056 3130,3058 3161,3060 3191,3062 3222,3062 3252,3060 3283,3056"/>
                <TextEquiv>
                    <Unicode>kaum noch von der racesem</Unicode>
                </TextEquiv>
            </TextLine>
            <TextLine id="tr_1_tl_98" custom="readingOrder {index:97;}">
                <Coords points="319,3097 1468,3101 1421,3053 315,3046"/>
                <Baseline points="340,3089 396,3089 453,3089 510,3089 566,3089 623,3090 680,3090 736,3089 793,3092 850,3092 907,3092 963,3092 1020,3093 1077,3095 1133,3095 1190,3092 1247,3093 1303,3095 1360,3095 1417,3095 1474,3097"/>
                <TextEquiv>
                    <Unicode>stens eine kostspielige Hinterlassenschaft eines deutschen</Unicode>
                </TextEquiv>
            </TextLine>
            <TextLine id="tr_1_tl_99" custom="readingOrder {index:98;}">
                <Coords points="1505,3112 2647,3112 2647,3064 2526,3057 1505,3057"/>
                <Baseline points="1525,3095 1581,3095 1638,3095 1694,3095 1751,3095 1807,3096 1864,3096 1920,3097 1977,3097 2033,3097 2090,3099 2147,3100 2203,3100 2260,3101 2316,3103 2373,3106 2429,3103 2486,3104 2542,3106 2599,3106 2656,3100"/>
                <TextEquiv>
                    <Unicode>blick der Levy= und Abrahamsöhne erkannte jetzt in Haupt¬</Unicode>
                </TextEquiv>
            </TextLine>
            <TextLine id="tr_1_tl_100" custom="readingOrder {index:99;}">
                <Coords points="2684,3119 2856,3105 3266,3123 3266,3072 3134,3072 3112,3053 3013,3053 2984,3079 2684,3061"/>
                <Baseline points="2704,3103 2732,3103 2760,3103 2789,3103 2817,3103 2845,3103 2874,3103 2902,3103 2930,3103 2959,3103 2987,3104 3015,3106 3044,3106 3072,3106 3100,3106 3129,3108 3157,3109 3185,3107 3214,3106 3242,3106 3271,3106"/>
                <TextEquiv>
                    <Unicode>scheidet. Doch das arische B.</Unicode>
                </TextEquiv>
            </TextLine>
            <TextLine id="tr_1_tl_101" custom="readingOrder {index:100;}">
                <Coords points="322,3156 1464,3160 1461,3101 319,3097"/>
                <Baseline points="343,3142 399,3139 456,3137 512,3138 569,3136 625,3138 682,3138 738,3139 795,3139 851,3139 908,3139 965,3139 1021,3139 1078,3142 1134,3142 1191,3142 1247,3142 1304,3142 1360,3142 1417,3145 1474,3148"/>
                <TextEquiv>
                    <Unicode>Fürsten ehrlich übernommen. Doch man würde zu wei¬</Unicode>
                </TextEquiv>
            </TextLine>
            <TextLine id="tr_1_tl_102" custom="readingOrder {index:101;}">
                <Coords points="1501,3156 2578,3171 2651,3163 2651,3116 1497,3108"/>
                <Baseline points="1522,3142 1578,3142 1635,3142 1692,3142 1748,3145 1805,3145 1862,3145 1918,3145 1975,3145 2032,3146 2089,3148 2145,3148 2202,3151 2259,3151 2315,3151 2372,3151 2429,3154 2485,3154 2542,3154 2599,3151 2656,3148"/>
                <TextEquiv>
                    <Unicode>und Sudermännern ein feistes „treifes" Actienunter¬</Unicode>
                </TextEquiv>
            </TextLine>
            <TextLine id="tr_1_tl_103" custom="readingOrder {index:102;}">
                <Coords points="2673,3160 2790,3178 2808,3160 3273,3171 3273,3119 3218,3112 2673,3116"/>
                <Baseline points="2692,3151 2721,3151 2750,3151 2780,3151 2809,3151 2839,3151 2868,3151 2897,3151 2927,3152 2956,3154 2986,3154 3015,3154 3044,3154 3074,3154 3103,3155 3133,3157 3162,3157 3191,3157 3221,3157 3250,3157 3280,3154"/>
                <TextEquiv>
                    <Unicode>wenigstens anfangs einen gew</Unicode>
                </TextEquiv>
            </TextLine>
            <TextLine id="tr_1_tl_104" custom="readingOrder {index:103;}">
                <Coords points="319,3207 1461,3207 1461,3156 1307,3145 319,3156"/>
                <Baseline points="340,3193 396,3187 453,3187 509,3187 566,3187 622,3187 679,3187 735,3187 792,3187 848,3187 905,3187 962,3187 1018,3187 1075,3190 1131,3190 1188,3190 1244,3191 1301,3192 1357,3190 1414,3193 1471,3196"/>
                <TextEquiv>
                    <Unicode>gehen, wollte man diese Behauptung Bergs rundweg au</Unicode>
                </TextEquiv>
            </TextLine>
            <TextLine id="tr_1_tl_105" custom="readingOrder {index:104;}">
                <Coords points="1505,3200 2654,3215 2654,3171 2610,3163 1505,3152"/>
                <Baseline points="1525,3193 1581,3192 1638,3192 1695,3193 1751,3193 1808,3193 1865,3193 1921,3193 1978,3193 2035,3194 2092,3196 2148,3196 2205,3199 2262,3199 2318,3199 2375,3199 2432,3199 2488,3201 2545,3202 2602,3202 2659,3202"/>
                <TextEquiv>
                    <Unicode>nehmen, dessen Coupons an der Börse gehandelt werden</Unicode>
                </TextEquiv>
            </TextLine>
            <TextLine id="tr_1_tl_106" custom="readingOrder {index:105;}">
                <Coords points="2676,3207 2984,3222 3068,3207 3160,3229 3226,3211 3251,3229 3277,3226 3273,3171 2673,3167"/>
                <Baseline points="2698,3199 2727,3199 2756,3199 2786,3199 2815,3199 2845,3200 2874,3202 2903,3202 2933,3203 2962,3205 2992,3203 3021,3203 3050,3205 3080,3205 3109,3205 3139,3205 3168,3208 3197,3211 3227,3209 3256,3207 3286,3208"/>
                <TextEquiv>
                    <Unicode>nach höheren Zielen griff, wo</Unicode>
                </TextEquiv>
            </TextLine>
            <TextLine id="tr_1_tl_107" custom="readingOrder {index:106;}">
                <Coords points="315,3244 1457,3248 1457,3207 1314,3196 315,3211"/>
                <Baseline points="334,3235 390,3235 447,3235 503,3235 560,3235 616,3235 673,3235 729,3235 786,3238 842,3238 899,3238 956,3238 1012,3238 1069,3239 1125,3239 1182,3238 1238,3238 1295,3239 1351,3241 1408,3241 1465,3241"/>
                <TextEquiv>
                    <Unicode>alle anwenden, die sich berühmt machten, obschon auch</Unicode>
                </TextEquiv>
            </TextLine>
            <TextLine id="tr_1_tl_108" custom="readingOrder {index:107;}">
                <Coords points="1497,3251 2651,3262 2651,3211 1497,3200"/>
                <Baseline points="1516,3241 1573,3241 1630,3241 1687,3241 1744,3241 1801,3241 1858,3241 1916,3244 1973,3244 2030,3244 2087,3244 2144,3244 2201,3245 2258,3247 2316,3247 2373,3247 2430,3250 2487,3250 2544,3253 2601,3250 2659,3250"/>
                <TextEquiv>
                    <Unicode>konnten. Und warum erkannten sie dies, obschon die</Unicode>
                </TextEquiv>
            </TextLine>
            <TextLine id="tr_1_tl_109" custom="readingOrder {index:108;}">
                <Coords points="2684,3262 3269,3266 3269,3215 2684,3207"/>
                <Baseline points="2704,3250 2732,3250 2761,3250 2790,3250 2819,3250 2848,3250 2876,3250 2905,3250 2934,3250 2963,3252 2992,3253 3020,3253 3049,3251 3078,3251 3107,3253 3136,3253 3164,3253 3193,3253 3222,3253 3251,3252 3280,3250"/>
                <TextEquiv>
                    <Unicode>sich wohl davor hütete und</Unicode>
                </TextEquiv>
            </TextLine>
            <TextLine id="tr_1_tl_110" custom="readingOrder {index:109;}">
                <Coords points="319,3295 1461,3299 1461,3251 319,3244"/>
                <Baseline points="337,3280 393,3286 450,3286 507,3286 563,3286 620,3286 677,3286 733,3286 790,3286 847,3286 904,3286 960,3286 1017,3286 1074,3286 1130,3286 1187,3286 1244,3288 1300,3288 1357,3288 1414,3291 1471,3291"/>
                <TextEquiv>
                    <Unicode>bei Schnitzler, Hofmannsthal und Stefan George die weiche</Unicode>
                </TextEquiv>
            </TextLine>
            <TextLine id="tr_1_tl_111" custom="readingOrder {index:110;}">
                <Coords points="1505,3299 2647,3306 2647,3259 2589,3251 1505,3251"/>
                <Baseline points="1525,3291 1581,3288 1638,3288 1694,3288 1751,3291 1807,3291 1864,3291 1920,3291 1977,3291 2033,3293 2090,3291 2147,3294 2203,3294 2260,3294 2316,3294 2373,3294 2429,3297 2486,3297 2542,3297 2599,3297 2656,3294"/>
                <TextEquiv>
                    <Unicode>Dichter von „Ehre" und „Sonnenaufgang" doch höchst¬</Unicode>
                </TextEquiv>
            </TextLine>
            <TextLine id="tr_1_tl_112" custom="readingOrder {index:111;}">
                <Coords points="2673,3299 2764,3317 2848,3299 2977,3299 3002,3321 3039,3302 3273,3313 3273,3266 3163,3255 3042,3273 2984,3255 2673,3259"/>
                <Baseline points="2692,3294 2721,3296 2750,3297 2780,3297 2809,3297 2839,3297 2868,3297 2897,3297 2927,3297 2956,3297 2986,3299 3015,3300 3044,3300 3074,3300 3103,3300 3133,3300 3162,3302 3191,3303 3221,3301 3250,3301 3280,3300"/>
                <TextEquiv>
                    <Unicode>verstand“, d. h. uns immer</Unicode>
                </TextEquiv>
            </TextLine>
            <TextLine id="tr_1_tl_113" custom="readingOrder {index:112;}">
                <Coords points="315,3343 1457,3354 1432,3295 315,3295"/>
                <Baseline points="334,3330 390,3333 447,3335 504,3334 560,3333 617,3333 674,3333 730,3330 787,3333 844,3333 901,3331 957,3333 1014,3335 1071,3333 1127,3335 1184,3336 1241,3336 1297,3336 1354,3336 1411,3339 1468,3339"/>
                <TextEquiv>
                    <Unicode>Bettung auf dem jüdischen Geldsack dem Renommée nach</Unicode>
                </TextEquiv>
            </TextLine>
            <TextLine id="tr_1_tl_114" custom="readingOrder {index:113;}">
                <Coords points="1497,3346 2647,3361 2647,3306 2592,3302 1497,3295"/>
                <Baseline points="1516,3336 1572,3336 1629,3338 1686,3337 1743,3336 1800,3337 1857,3339 1913,3339 1970,3339 2027,3340 2084,3342 2141,3342 2198,3342 2255,3342 2311,3342 2368,3345 2425,3345 2482,3347 2539,3348 2596,3345 2653,3348"/>
                <TextEquiv>
                    <Unicode>wahrscheinlich keine Judenstämmlinge und nur zufällig</Unicode>
                </TextEquiv>
            </TextLine>
            <TextLine id="tr_1_tl_115" custom="readingOrder {index:114;}">
                <Coords points="2691,3357 2999,3350 3211,3372 3273,3357 3269,3313 3207,3306 2999,3317 2969,3295 2878,3310 2852,3295 2764,3317 2687,3302"/>
                <Baseline points="2707,3342 2735,3344 2764,3345 2793,3345 2822,3347 2851,3347 2879,3345 2908,3345 2937,3345 2966,3345 2995,3346 3023,3348 3052,3346 3081,3346 3110,3348 3139,3350 3167,3351 3196,3351 3225,3351 3254,3351 3283,3351"/>
                <TextEquiv>
                    <Unicode>sein äußerliches künstlerische</Unicode>
                </TextEquiv>
            </TextLine>
            <TextLine id="tr_1_tl_116" custom="readingOrder {index:115;}">
                <Coords points="319,3431 3255,3412 3255,3368 3006,3350 319,3343"/>
                <Baseline points="337,3387 483,3387 629,3384 776,3382 922,3384 1069,3385 1215,3384 1361,3387 1508,3393 1654,3387 1801,3390 1947,3390 2093,3390 2240,3391 2386,3396 2533,3399 2679,3401 2825,3396 2972,3398 3118,3397 3265,3396"/>
                <TextEquiv>
                    <Unicode>half, Aber Halbe und viele andere minder Bekannte, Judengenossen waren? Es ist ja richtig, daß Wildenbruchs des Juden Unfähigkeit zu</Unicode>
                </TextEquiv>
            </TextLine>
            <TextEquiv>
                <Unicode></Unicode>
            </TextEquiv>
        </TextRegion>
    </Page>
</PcGts>
