3344 4384
52 290 215 371 an Bahn
55 1553 208 1638 Exner
46 2781 270 2875 und Freud
46 4057 241 4152 Hank
518 117 1371 202 en Frangien, die er und
1400 111 2247 208 og at de aen de
2504 127 2879 218 un an.
521 192 1371 260 liche verfügt, die Unsterblichen der Nation
1397 176 3126 264 Laufbahn als Professor der Hochschule für augenblicklich der berühmteste österreichische
514 234 1342 296 durch eben diese Auszeichnung evident hält.
1397 234 2244 293 Bodenkultur in Wien, die ihm das Ehrendok-
2270 247 3133 306 Bildhauer, ein eigenmächtiger Schöpfer von
1387 280 2244 348 torat verlich. Seine fachwissenschaftliche, tech¬
2279 293 3133 352 Visionen in Stein und Erz. Sein Hauptwerk ist
550 283 1342 361 Es wird ein Numerus clausus geschaffen
1390 326 2244 381 nische und technologische Tätigkeit fand in
2270 339 3123 394 wohl die Skulptur „Der letzte Mensch“ in der
550 345 1322 404 werden, so daß nur vierundzwanzigster
1384 358 1941 423 zahlreichen Standardwerken
2006 381 3119 440 über diese Österreichischen Galerie. Augenblicklich arbei¬
550 394 1345 446 reicher und vierundzwanzig ausländische
1384 407 2237 475 Materie ihren Niederschlag. Er war Herren
2276 423 3064 508 tet er an einem Denkmal für Gustav Mahler
554 430 1332 505 Persönlichkeiten zu gleicher Zeit Inhaber
1384 453 2231 518 hausmitglied und hat sich auf fast allen Gebie
622 472 1263 541 dieses Ehrenzeichens sein können.
2481 472 2892 550 Prof. Josef Hoffmann,
1384 495 2247 563 ten der Wirtschaftspolitik, der Industrie- und
2266 505 3119 589 der schöpferische Architekt und Baumeister
557 505 2234 602 Wie gesagt, werden die ersten zwölf Träger, Gewerbepolitik schöpfersch betätigt. Die vor
2266 573 3126 632 der der österreichischen Kunst der letzten
511 554 3123 674 die den Grundstock des Ordens bilden und ihm geschaffene Gewerbeförderung mit ihren Jahrzehnte Richtung und Geltung gegeben hat.
514 625 2237 697 die über die weiteren sechsunddreißig Würdi Musterbetrieben gilt als auch im Ausland viel
2270 661 3129 726 Er gilt als die stärkste Persönlichkeit unter den
508 668 2208 733 gen zu entscheiden haben, auf Vorschlag des fach nachgeahmte Art der Wirtschaftspflege.
514 713 1049 772 Unterrichtsministers ernannt.
1674 710 1967 791 Sigmund Freud
557 742 1361 817 Wir nennen nachstehend mit Bedachtnahme
1384 739 2244 840 ist der Begründer der Psychoanalyse und als
505 801 2247 882 auf ihren künstlerischen und wissenschaft solcher weltbekannt. Eine lange Reihe von
508 850 2237 922 lichen Rang zwölf Persönlichkeiten der öster-Werken, in alle Kultursprachen übertragen, be¬
508 899 2247 967 reichischen Kunst und Wissenschaft, die für kräftigen den Ruhm dieser internationalen
508 948 2240 1006 die Verleihung dieser hohen Auszeichnung der Kapazität auf dem Gebiete der Seelenkunde.
511 980 1361 1042 Republik Österreich in Betracht kommer
1387 993 2240 1055 Seine Hauptwerke, die richtunggebend für die
501 1026 2244 1094 können, wenn moderne Anschauung und die ganze Wissenschaft sind, heißen: „Über den
2455 1778 2901 1882 Prof. Josef Hoffmann
518 2491 837 2608 .
749 2602 1970 2703 Sensationelle Ausgrabungen bei Krems
2478 2892 2849 3002 Oskar Kokoschka
488 3973 2175 4057 In der Nähe von Krems wurden, wie wir darüber ausführlich berichteten, anläßlich von Aus¬
485 4044 2182 4126 grabungen 25.000 Jahre alte Knochen und Gerippe von Urtieren gefunden. — Unser Bild zeigt
768 4077 1898 4148 Mammutzähne und andere Knochen an der Auffindungsstelle.
2410 4061 2849 4171 Prof. Oswald Redlich
