3392 4352
177 204 352 295 13.
1231 202 1703 295 b 44/10
428 202 1041 305 s
1201 455 3177 578 Nichts zu thun; seine Aufgabe ist, ein Ge¬ ob es dem Dichter gelungen ist, über eine bestimme
1213 549 2178 625 schmacksurtheil abzugeben und das empfiehlt
187 458 1174 635 Der Theatererlaß des
2205 561 3177 625 Tendenz sich auszusprechen, die man vorher als
1208 591 2171 645 sich besser nach als vor der Aufführung. Bei dem
2203 601 2606 665 zulässig erkannt hatte.
1196 630 2171 684 dritten Mann besteht die Gefahr, daß er sein Ge¬
2321 628 3175 711 In dem Erlasse des Ministerpräsidenten berührt
251 593 1125 748 Ministerpräsidenten.
1204 674 2173 731 schmacksurtheil immer seinem Votum zu Grunde
2200 687 3175 748 die offene Sprache angenehm. Er gibt den Censoren
1204 716 2173 770 legen wird, wie dies in Zeiten heftiger literarischer
2203 738 3177 790 einen Wink, sich den Wandel der Zeiten vor Augen
310 704 1179 802 Der Erlaß des Ministerpräsidenten Doctor
1206 761 2171 829 Kämpfe — es ist noch nicht so lange her — auch
2205 783 3175 832 zu halten und es bedeutet nicht wenig, wenn in
197 783 1971 854 v. Koerber über die Handhabung der Theater den besten und feinsten Köpfen passirt ist.
2200 825 3177 881 einem amtlichen Erlasse offen zugestanden wird, daß
197 832 1181 898 censur, den wir in unserem Ostersonntagsblatte
1317 822 2171 901 Uebrigens verlangt ja der Erlaß auch be¬
2200 866 3173 925 die Versuche einer gewaltsamen Hemmung sich erfolg¬
199 884 1174 955 veröffentlicht haben, hat in allen Kreisen, in denen
1201 876 2171 940 dem Verwaltungsbeamten und dem richterlichen
2198 913 2764 982 und werthlos erwiesen haben.
1206 933 2171 982 Beamten, die in den Beirath berufen werden sollen,
197 923 1176 994 man sich für das Theater und seine Freiheit
1204 967 2176 1034 literarische Bildung, dasjenige Verständniß für die
197 975 1176 1041 interessirt und wo wäre dies mehr i Fall, als
1206 1016 2171 1085 Aufgaben der Bühne, das zur Uebung des Censor¬
207 1019 1176 1080 in Wien? — großes und berechtig Aufsehen
2203 1009 3175 1098 Hof- und Gerichtsadvocat Dr. Edmund
1199 1051 1713 1117 amtes nothwendig erscheint.
204 1066 1174 1125 hervorgerufen. Ueber die Tendenz des Erlasses
2567 1078 2801 1167 Benedikt.
1322 1078 2181 1157 So klar der Erlaß im Allgemeinen stylisirt
204 1112 1164 1176 herrscht nur eine Stimme: Man erkennt all
1204 1137 2166 1196 ist, er enthält doch Stellen, die leicht einer Miß¬
204 1172 1176 1233 gemein an, daß der Erlaß des Ministerpräsidenten
2309 1144 2614 1238 Die Regierung
2661 1154 3180 1238 soll nicht berechtigt sein,
1208 1186 2171 1240 deutung unterliegen können. Dazu gehört der Passus,
2314 1208 2712 1285 Verbreitung irgend
2757 1216 3074 1277 welcher Ideen
199 1218 1169 1272 ausschließlich von Wohlwollen für die freie Ent¬
1199 1226 2163 1282 in welchem es heißt: „Allein die pure, crasse Sinn
2203 1226 3173 1304 verhindern. Deshalb war die Büchercensur
194 1255 1169 1317 wicklung der Bühnendichtung und der Bühnen
1199 1270 2176 1327 lichkeit muß sich die Fernhaltung von der Bühne
2213 1304 3175 1354 ganz unstatthaft. Dagegen glaube ich, daß
199 1304 1176 1371 dictirt ist und daß er die durchaus anerkennens¬
1206 1314 2171 1371 ebenso gefallen lassen, wie sie vom gesellschaftlichen
2200 1344 3173 1403 die Theatercensur im Princip nie ganz zu
1201 1354 1888 1415 Verkehre seit jeher ausgeschlossen ist.
194 1354 1176 1415 werthe Absicht hat, den Polizeigeist, der von
2205 1383 3175 1435 entbehren sein wird, weil auf der Bühne Hand¬
1312 1381 2171 1457 Ich mache mich anheischig, auf Grund dieser
207 1400 1174 1462 früheren Zeiten her das kritische Walten der
2205 1430 3165 1477 lungen vor einer großen Versammlung sich voll¬
1204 1418 2166 1496 Stelle — „Romeo und Julie zu verbieten
199 1452 1169 1514 Censurbehörden nur allzusehr beeinflußt hat, in
2198 1469 3170 1521 ziehen. Wenn Jemand ein Buch liest, in welchem
1201 1484 2171 1536 weil die Situation, in der sich dieses Liebespaar
194 1484 1176 1556 die gebührenden Schranken zu verweisen. Wenn
2200 1516 3165 1563 noch so viele revolutionäre Ideen propagirt werden,
1196 1533 2171 1583 am Morgen nach der Brautnacht befindet, kaum mit
194 1548 1167 1607 man das Theater einen Tempel der Kunst nennen
2208 1556 3163 1610 so kann sich doch nicht jene Atmosphäre entwickeln,
1196 1568 2161 1637 den — Forderungen des gesellschaftlichen Verkehre
202 1592 1174 1664 kann, so hat der Ministerpräsident nun eine
2210 1602 3168 1647 in der Explosionen möglich sind, wie beim Theater.
1201 1615 2176 1661 vereinbar ist. Ich könnte noch mit ganz anderen
2205 1639 3163 1696 Die Schaubühne darf nicht zum Schauplatze von
204 1639 1172 1703 Tempelaustreibung im Sinne, bei welcher eng¬
1201 1654 2171 1706 Beispielen aufwarten; ich thue es aber nicht, weil
2200 1686 3163 1735 Vorbereitungsarten für gewaltthätige Handlungen
197 1686 2171 1747 herziges Bureaukratenthum und alter Zopf aus ich weiß, daß der Herr Ministerpräsident nur die
2210 1733 3168 1779 gemacht werden; man darf nicht Dinge vorführen,
1204 1735 1711 1794 Zote tressen, der Jote di¬
194 1738 1176 1789 den Räumen, die der Kunst gewidmet sind, ver¬
1848 1740 2166 1802 verschließen will.
2198 1772 3168 1819 die, weil sie vor einer Versammlung geschehen,
1201 1777 1642 1843 Ein übereliriger Censo¬
1885 1784 2171 1843 an den Tenor
194 1787 1169 1836 wiesen werden sollen. Nicht der Schrankenlosigkeit
2198 1811 3175 1863 auch empfindlicher das Schamgefühl verletzen. Die
1196 1821 1585 1875 des Erlasses sich ha=
1826 1821 2161 1883 unter „purer
199 1829 1164 1885 soll Thor und Thür geöffnet werden, aber die
2203 1851 3168 1900 Polizei in absolutistischen Staaten hat engherzig die
1204 1861 1600 1922 crasser Sinnlichkeit"
1831 1866 2166 1927 Dinge suchen, er
199 1873 1176 1937 Censur soll größere Beschränkung erfahren und
2200 1898 3165 1949 Discussion von politischen oder socialen Fragen auf
1199 1895 2171 1984 kann mit diesen Wort nicht gegen Dichtungen
194 1927 1167 1986 die Bühne soll mehr Freiheit erhalten. Dies ist das
2198 1939 3163 1991 der Bühne verhindert — aber der Zote wurde ein
1191 1954 2166 2001 wie Halbes „Jugend zum Streiche ausholen. Ich
194 1974 1169 2026 Hauptprincip des Erlasses, der es gestatten wird,
2195 1981 3168 2040 breiter Spielraum gewährt. Die Zote erschien weniger
1199 1996 2161 2045 legge den Nachdruck auf das Wort „Dichtungen" und
2203 2028 3163 2075 gefährlich, sie wurde als Ventil genommen, als
194 2018 1179 2080 daß sich im Rahmen des Theaters nun auch die
1201 2040 2161 2109 habe damit meinen Standpunkt begründet. Jeder
2200 2067 3165 2134 Compensation gegeben für die Niederhaltung poli¬
199 2070 2166 2149 socialen Erscheinungen des Lebens von heute, so wahren, echten Dichtung muß die Bühne sich
2186 2109 2542 2183 tischer Meinungen.
197 2117 1167 2178 wie sie das Auge des Dichters sieht, wiederspiegeln
1201 2122 1349 2183 aufthun
2311 2124 3165 2203 Es hat sich ein Wandel der Zeiten schon seit
1314 2139 2166 2215 Wenn man schon die Censur als eine Institu¬
204 2163 1167 2232 können. Gerade die moderne dramatische Dichtung
2193 2176 3165 2252 Langem ergeben und es wird noch mancher Wandel
1199 2191 2163 2279 tion anerkennen will, dann ist die Beschreitung des
194 2210 1167 2274 hat am meisten Veranlassung, sich dieses Erlasses zu
2203 2237 3160 2299 folgen So wird man sehr bald — ich hoffe es und
1199 2250 2159 2309 Rechtsweges, meines Erachtens nach, das einzige
204 2257 1169 2318 freuen. Denn er erleichtert ihr den Zutritt zur
2195 2274 3128 2331 glaube es mit Bestimmtheit annehmen zu können
1199 2294 2159 2375 Mittel, um Uebergriffe einzelner Censoren zu ver¬
197 2304 1167 2365 Bühne, der ihr bisher oft durch allerlei von über¬
2203 2321 3165 2375 Hauptmann's „Die Weber freigeben müssen,
1201 2336 1309 2397 hüten.
197 2358 1174 2419 ängstlicher oder übereifriger, unliterarischer oder
2195 2365 3160 2417 weil doch Niemand wird behaupten können, daß auf
1312 2350 2163 2432 In Preußen ist folgender Rechtsweg: Polizei,
199 2402 1169 2469 unkritischer Censur vorgeschobene Querbalken ver¬
2195 2407 3158 2464 die Aufführung dieser Dichtung Gewaltacte außer¬
1199 2410 2163 2476 Bezirksausschuß, Oberverwaltungs=Gericht. Und da
194 2451 379 2520 legt war.
2198 2454 2826 2515 halb des Theaters folgen werden.
1201 2466 2163 2515 entsinne ich mich, daß Gerhart Hauptmann's „Die
2309 2464 3168 2547 Wenn man Zweifel hegen könnte, ob die
313 2469 1167 2555 Es erschien uns richtig, das Urtheil von
1201 2508 2171 2557 Weber“ von der Polizei und vom Bezirks¬
2200 2533 3163 2587 Person des Heilands auf die Bühne zu bringen
199 2535 1169 2602 Fachleuten über den Erlaß des Ministerpräsidenten
1199 2552 2026 2602 ausschuß in Berlin verboten wurden
2203 2584 3160 2638 wäre, so ist dieses Bedenken durch die Passions¬
1199 2584 2163 2651 Bezirksausschuß sitzen neben den Richtern die Ver¬
197 2599 1169 2658 einzuholen. Wir befragten einen Theaterdirector,
2205 2621 3113 2688 spiele in Oberammergau und Brixlegg widerlegt.
1196 2636 2161 2688 treter der Burgerschaft. Was that das Ober¬
199 2643 1169 2695 einen Dichter und einen angesehenen Juristen um
2309 2656 3160 2715 Die Idee des Censurbeirathes ist nicht neu.
1201 2675 2166 2730 verwaltungsgericht? Dort sitzen nur gelehrte Richter.
197 2683 1174 2749 ihre Meinungen über den Erlaß. Sie Alle, die
2203 2698 3165 2759 Ich begrüße aber trotzdem den Erlaß des Minister¬
1204 2722 2166 2803 Sie hoben das Verbot auf und gaben „Die
199 2734 1162 2794 gewiß als competente Richter über die Be¬
2195 2749 3165 2803 präsidenten, weil er eine in Vergessenheit gerathene,
1199 2759 1432 2835 Weber“ frei.
207 2791 1179 2848 stimmungen des Erlasses anerkannt werden
2198 2796 3175 2843 wichtige Institution wieder lebendig machen will.
1309 2786 2168 2858 Ich halte die Censur für eine Rechtsfrage.
192 2826 1169 2890 müssen, begrüßen den Erlaß im Allgemeinen
2195 2833 3165 2885 Mit welchem Erfolge, wird sich zeigen. Es bleibt
1201 2843 2163 2899 Deshalb verlange ich die reinliche Scheidung aller
2200 2872 3177 2926 abzuwarten, ob nicht die Beamten im Beirathe den
197 2877 1169 2936 sympathisch, aber sie erheben Einwendungen gegen
1199 2894 2166 2946 ästhetisch=kritischen Geschmack urtheile von allen eigent¬
2195 2919 3177 2968 literarischen Fachmann majorisiren werden. Von
197 2919 2163 2981 manche Einzelnheiten. Wir geben im Nach¬ lichen Censurfragen. Weil ich dieser Anschauung bin
2198 2961 3175 3035 diesem literarischen Fachmanne erwarte ich nur
1191 2978 2144 3052 vermag ich in der Beiziehung des „dritten Mannes
194 2968 1090 3059 stehenden das, was wir vernommen, wieder:
2195 3000 2501 3072 eigentlich wenig.
1194 3015 1720 3079 keinen Vortheil zu erblicken.
2309 3037 3168 3099 Die vom Minister Bach im Jahre 1850 er¬
266 3049 1112 3128 Der Director des Hofburgtheaters
2188 3074 3170 3138 lassene Theaterverordnung kennt bereits einen Beirath
2786 3131 3165 3195 Der Censurbeirath
2198 3133 2737 3197 „sachverständiger Männer“.
416 3106 950 3207 Dr. Paul Schlenther:
1396 3109 1979 3197 Dr. Arthur Schnitzler:
2845 3170 3175 3234 vielleicht kommt
2195 3153 2811 3239 wurde damals nicht gebildet,
305 3173 1167 3264 Ich bemerke zunächst, daß durch den Erlaß
1314 3182 2161 3261 Der urbane, vornehme Ton des Erlasse
2198 3205 3168 3264 er diesmal zu Stande. Mit welchem Er¬
190 3217 2166 3318 des Herrn Ministerpräsidenten Dr. v. Koerber das berührte mich sehr sympathisch. Wenn ich auch nicht
2195 3256 3160 3305 folge, wird ja die Zukunft lehren. Ich persönlich
192 3293 1169 3337 Hofburgtheater nicht berührt wird. Wir haben unsere
1199 3301 2171 3350 der Kundgebung des H. a Ministerpräsidenten rück¬
2198 3303 3168 3350 bin kein Anhänger dieser Instin on, weil
197 3330 1167 3382 Hauscensur und wir werden sie hoffentlich auch
1204 3337 2166 3409 haltlosen Beifall zu spenden vermag, so bedeutet sie
2200 3342 3163 3392 die Censur nur beschränkt werden soll auf die
197 3374 1167 3429 behalten. Ich kann mir einen glückseligeren Zustand
1199 3382 1826 3458 doch einen wesentlichen Fortschritt
2200 3392 3190 3446 Begehung strafbarer Handlungen, desgleichen, wenn ein
190 3421 1172 3468 nicht denken. In den nachfolgenden Zeilen nehme
2198 3431 3163 3478 Bühnenwerk direct Unruhen hervorzurufen geeignet
1314 3414 2173 3485 Nach dem Erlaß wird ein Censurbeirath aus
197 3453 443 3520 ich deshalb
473 3470 2161 3539 als Director des Burgtheaters drei Männern gebildet. Wer werden diese Persön¬
2195 3475 3165 3547 erscheint. Um solche zu verhindern, braucht man
192 3502 1167 3552 nicht das Wort. Ich würde jedoch selbst dann,
2198 3512 2474 3579 keinen Beirath.
1201 3522 2163 3571 lichkeiten sein? Werden sie die entsprechende
194 3547 1174 3606 wenn ich nicht Director des Burgtheaters
2314 3537 3074 3620 Viel wichtiger wäre es, einen Rechtszug
1206 3561 2163 3616 Objectivität in ihr Amt mitbringen? Ein
197 3586 308 3640 wäre,
349 3576 1174 3640 mich mit dem Tenor des Erlasses
2195 3593 3165 3645 den Verwaltungsgerichtshof einzurichten, einen
1201 3601 2161 3680 Verwaltungs= und ein richterlicher Beamten
194 3625 290 3682 nicht
340 3623 1167 3682 blos einverstanden erklären, sondern die
2195 3643 3165 3716 Rechtszug, der heute nicht besteht. Man soll
1199 3643 1334 3694 werden
1585 3643 1676 3699 mit
1743 3645 1871 3699 einem
1939 3645 2163 3702 literarischen
192 3670 1174 3724 Kundgebung des Ministerpräsidenten insoferne
2188 3680 3160 3731 die Dichtungen, die echten Kunstwerke, dem
1199 3677 2163 3736 Fachmann im Beirathe zusammenfinden. Ich möchte
209 3712 1167 3771 freudig begrüßen, als die Autorität des Chefs der
2200 3721 3160 3780 freien Ermessen der Polizei entziehen; der Dichter
1191 3731 2171 3805 nicht schwarz sehen, allein ich fürchte, daß die
199 3756 1162 3810 Regierung Grundsätze unterstützt, die künftig eine
2195 3768 3155 3827 soll Schutz bei den obersten Richtern finden können.
1191 3771 2163 3820 amtlichen Censoren den Fachmann oft — nicht
197 3800 1169 3857 übertriebene Strenge der Censur ausschließen.
2311 3812 3148 3862 Die Kundgebung des Ministerpräsidenten ent¬
1194 3810 2163 3867 immer - überstimmen werden. Der Landeschef ist
197 3837 1046 3894 Andere Staatslenker haben in Sachen
1199 3852 3165 3904 an diese Gutachten nicht gebunden, er kann die Auf¬ hält eine Reihe guter Gedanken, es sind aber auch
204 3881 1167 3936 Theatercensur anders gesprochen. Der österreichische
1204 3891 3141 3950 führung eines Stückes freigeben oder verbieten. Ich Kautschukbestimmungen dar. Es wird sich be¬
204 3926 2161 3992 Ministerpräsident gibt den Censoren eine Richtschnur im will von jedem Landeschef das Beste denken, aber
2195 3938 3165 3997 zeigen, ob die Theater Ursache haben, sich des Er¬
204 3965 549 4036 freisinnigen Geiste.
2191 3977 2513 4046 lasses zu freuen.
1204 3985 2163 4036 selbst der mächtigste Statthalter außer Stande,
308 3980 1167 4059 Was ich nun auszuführen gedenke, wird mir
1199 4024 2163 4078 den gewissen „Wind" abzuwehren, der sich gegen
190 4036 1167 4110 vielleicht als reactionär ausgelegt werden. Und doch
1191 4068 2166 4123 die sogenannten gefährlichen Stück erhebt. Dieser
194 4096 1167 4147 kann ich auf Grund meiner Erfahrungen nicht
1196 4115 2082 4187 „Wind" hat schon häufig Stücke weggeblasen,
197 4137 1174 4192 umhin, über die Zusammensetzung des
1201 4157 1740 4196 man für sehr zulässig erkannt
