3392 4352
302 217 1171 339 13. Miscellaneous
1352 244 1828 361 box 44/10
1985 263 3047 334 I. österr. beh. konz. Unternehmen für Zeitungs¬
2201 303 2845 370 Ausschnitte und Bibliographie.
2169 372 2890 453 Wien, I., Concordiaplatz 4.
2401 432 2669 490 Vertretungen
1993 468 3047 536 Berlin, Brüssel, Budapest, Chicago, Cleveland, Christiania,
2000 515 3059 575 Genf, Kopenhagen, London, Madrid, Mailand, Minneapella,
1992 554 3050 621 New-York, Paris, Rom, San Francisco, Stockholm, St. Peters¬
2397 597 2665 653 burg, Toronto.
2351 637 2713 696 allda der
1994 677 2902 775 Ausschnitt aus: Das Forum, Wien
2228 783 2456 870 1-10 197
2201 913 3168 993 Literarische Buschklepper. Ein österreichischer
2102 963 3172 1031 Schriftsteller schreibt uns: „Damit meinen wir nicht
2110 1011 3168 1084 etwa die Plagiatoren, die von fremden literarischen
2107 1062 3168 1141 Ideen etwas vernehmen und sie dann materiell ver¬
2111 1123 3165 1179 werten; auch jene Herrchen verstehen wir nicht dar¬
2107 1167 3164 1233 unter, die in den Kaffeehäusern sich von Feuilletons
2099 1214 3168 1294 und Gedichten anregen lassen und diese Anregung
2102 1255 3163 1340 dann in den Varietes oder Kabaretts zur Darstellung
2106 1306 3159 1383 bringen: Wir verstehen vielmehr darunter jene räube¬
2092 1344 3155 1435 rischen Verleger Deutschlands, die in ihrem Reiche so¬
2096 1415 3159 1482 wohl als in Oesterreich junge und alte Talente brand¬
2086 1449 3160 1522 schatzen. In Oesterreich haben wir nur sehr wenige Ver¬
2090 1512 3160 1576 leger, denn Oesterreich hält bekanntlich nichts von sich,
2087 1563 3157 1623 und wenn ein österreichischer Verleger selbst mit dem
2090 1597 3155 1682 besten Buche hervorkommt, so findet das Buch beim
2090 1646 3152 1734 Publikum keinen Absatz und kann daher beim Buch¬
2087 1706 3153 1778 händler keinen Anklang finden. Selbst der grosse Artur
2080 1754 3152 1828 Schnitzler muss in Berlin erscheinen, und es ist
2080 1796 3145 1879 ja Wirklich merkwürdig, dass die Bücher noch grösserer
2079 1852 3151 1922 Männer, wie z. B. Grillparzers und Anzengruber, nur
2075 1890 3145 1980 aus dem Deutschen Reiche zu uns kommen. Wenn wir
2083 1946 3151 2019 Wolfgang Goethe hätten, er fände keinen österreichischen
2084 1994 3147 2064 Verleger. Und so ist denn auch der österreichische
2075 2036 3143 2122 Dichter oder Schriftsteller genötigt, von Deutschland
2075 2088 3143 2163 Gastrecht zu begehren. Hat er nun noch keinen promi¬
2067 2154 3144 2214 nenten Namen, so findet er auch in Deutschland nicht
2064 2197 3135 2276 sofort seinen Verleger, und da es das Bestreben jedes
2072 2245 3133 2328 Dichters und Schriftstellers ist, sich doch einmal ge¬
2064 2304 3137 2362 druckt zu sehen, so sucht er mit allen Kräften nach
2063 2347 3137 2417 einem Verlage. Das benützen nun die literarischen
2059 2391 3126 2473 Buschklepper. Sie sind gerne bereit, das Buch heraus¬
2059 2440 3121 2508 zugeben, aber nicht nur, dass sie den Autor nicht hono¬
2067 2483 3122 2567 rieren, sie verlangen sogar, dass der Autor die Druck¬
2053 2540 3121 2619 kosten bezahle, verlangen aber dabei viel mehr, als
2051 2577 3128 2661 die Drucksachen betragen, und ködern den Autor damit,
2055 2646 3118 2707 dass sie ihm so eine Art Vergesellschaftung antragen.
2056 2676 3122 2775 Unter dem Titel „Druckkosten“ nehmen sie ihm einen
2055 2735 3122 2806 diese Kosten weit übersteigenden Betrag ab, sichern ihm
2045 2799 3114 2864 aber dafür die Hälfte des Reingewinnes zu, der sich
2047 2841 3116 2900 aus dem Verkaufe der Bücher ergeben sollte. Sie ver¬
2039 2881 3109 2963 rechnen ihm aber selbst bei entsprechendem Absatz die
2045 2924 3110 3012 Einnahmen und Ausgaben so, dass auf den Autor ge¬
2045 2987 3105 3062 wöhnlich nicht einmal die Hälfte des von ihm als Druck¬
2039 3023 3105 3114 kosten verausgabten Betrages kommt. Die Firma
2041 3066 3109 3161 E. Piersons Verlag in Leipzig und Dres¬
2040 3137 3108 3204 den treibt, es jedoch noch viel ärger, Sie nimmt die
2041 3172 3106 3258 Druckkosten, lässt den Autor Propaganda machen, wie
2036 3228 3104 3289 er nur kann, sackt dann den Gewinn ein und ver¬
2031 3285 3100 3345 rechnet nicht einmal mit ihm. Verlangt der
2036 3318 3104 3412 Autor seine Verrechnung in noch so dringender Weise,
2035 3367 3100 3450 so antwortet sie nicht einmal, diese saubere Firma,
2028 3427 3093 3505 denn sie rechnet darauf, dass der Autor sie doch nicht
2027 3459 3090 3544 klagen werde, da er vor der Klage Scheu hegen könnte.
2027 3510 3092 3591 Ein bisschen menschliche Eitelkeit wohnt doch jedem
2029 3564 3093 3639 Dichter inne, und es geniert ihn, wenn er bekannt
2024 3620 3089 3687 geben soll, dass er sein Werk auf eigene Kosten zu
2021 3666 3089 3737 drucken bemüssigt war. Zu Nutz und Frommen öster¬
2020 3711 3088 3785 reichischer Autoren sei hiemit eine Warnung speziell
2021 3773 3082 3836 vor E. Piersons Verlag erlassen! Man hüte sich,
2015 3813 3078 3891 mit diesem Verlage irgendwie in Berührung zu kommen.
2020 3865 3081 3947 Aber auch die österreichischen Buchhändler mögen sich
2016 3912 3090 3975 vor Augen halten, dass die Firma E. Piersons Ver¬
2012 3955 3073 4034 lag eine unanständige ist, und es sei Ehrensache für
2008 4004 3080 4084 die österreichischen Buchhändler, von dieser sauberen
2008 4048 2505 4123 Firma nichts zu beziehen.
