3344 4352
17 180 118 268 3.
165 180 842 281 sans
148 537 958 616 Restaurant Türkenschanzpark
752 612 964 676 aller Linie
174 616 367 681 ende
337 623 790 698 Täglich Tanz im Freien
337 694 797 773 COTTAGE-BAR
668 737 969 801 Komponist Cesoll
155 722 563 805 Zigeunerprimae Bandri
425 1999 724 2100 Hermann Bahr
430 3288 739 3359 Wilhelm Exner
1027 168 1503 271 box 44/10
2764 494 2994 625 16.7.
1020 496 2725 655 Die zwölf österreichischen
2753 629 3052 726 mann
1462 679 2341 777 Unsterblichen
1018 771 2740 855 Ein Vorschlag zur Wahl der ersten Träger
1018 846 2740 932 des neuen Ehrenzeichens für Kunst und
1619 908 2135 1011 Wissenschaft
1896 992 2745 1087 Anerkennung internationaler Geltung diesmal
1048 986 1866 1067 Der österreichische Staat ist eben daran,
2818 1009 3039 1104 versichert
1896 1057 2414 1127 den Ausschlag geben sollen.
1018 1057 1866 1115 für Kunst und Wissenschaft etwas zu tun, ein
1007 1102 1864 1151 Ehrenzeichen zu schaffen, das seine Träger
2167 1106 2465 1181 Harmann Bahr,
1007 1149 1860 1205 im hohen Maße auszeichnen wird. Das Ehren¬
1890 1142 2747 1220 der bekannte österreichische Schriftsteller, in
1014 1194 1853 1241 zeichen für Kunst und Wissenschaft soll vor
1890 1209 2736 1263 Linz geboren. Er wurde seinerzeit auf der Uni¬
1011 1233 1868 1286 erzt zwölf österreichischen Persönlichkeiten
1896 1256 2742 1312 versität Wien wegen einer auf einem burschen¬
1014 1286 1860 1329 auf Vorschlag des Unterrichtsministers ver¬
1886 1304 2738 1359 schaftlichen Kommers gehaltenen Rede dem
1014 1323 1860 1374 liehen werden, Menschen von Rang, selbstän¬
1890 1351 2736 1398 Andenken Richard Wagners gewidmet, rele
1011 1366 1860 1417 dig, nicht nur reproduktiv arbeitenden Künst
2835 1344 3047 1443 R
1896 1385 2742 1450 giert. Er schrieb eine Menge Theaterstücke
1018 1415 1868 1467 lern und Wissenschaftlern, die dann im weite¬
1896 1432 2738 1488 und Romane, in denen das Wesen Österreichs
2822 1430 3054 1510 1, TUCHLA
1014 1454 1860 1508 ren bestimmen, wem von Fall zu Fall diese
1896 1480 2742 1531 repräsentativ zur Geltung kommt. Sein Stil
1022 1501 1868 1548 Ehrenzeichen verliehen werden soll. Das
1896 1523 2734 1589 war für eine ganze Generation von Schriftstel¬
1022 1535 1868 1591 Ehrenzeichen für Kunst und Wissenschaft ist
1892 1566 2745 1613 lern vorbildlich. Vom September 1918 bis
1018 1585 1866 1634 eine Auszeichnung, die im Rang vor dem
1890 1596 3060 1671 März 1919 war er Direktor des Burgtheaters. Traum“, „Über
1027 1630 1866 1684 großen Ehrenzeichen für Verdienste um die
1896 1651 2596 1716 Seit Jahren lebt er jetzt in München.
2768 1660 3041 1714 pathologie des
1022 1666 1868 1729 Republik stehen soll. Die Dekoration wird wie
2766 1694 3060 1759 ist auch Heraus¬
2182 1694 2459 1765 Wilhelm Exner
1014 1718 1866 1772 ein Kommandeurkreuz am rot-weißen Band
2764 1742 3056 1808 choanalyse, de
1890 1729 2738 1817 ist der bedeutendste Technologe, den Öster¬
1018 1759 1587 1825 um den Hals getragen werden.
1894 1787 3054 1849 reich hat. Er führt den Titel eines wirklichen Journal of Psy
1052 1806 1862 1860 Es ist also eine Institution, die ähnlich de
1020 1840 2738 1911 Academie Française, die über vierzig Unsterb¬ Geheimen Rates. Er beschloß seine akademische
1898 1855 3056 1941 Laufbahn als Professor der Hochschule für augenblicklich
1020 1901 1866 1961 liche verfügt, die Unsterblichen der Nation
2772 1928 3045 1986 Bildhauer, ein
1886 1926 2738 1984 Bodenkultur in Wien, die ihm das Ehrendok-
1022 1946 1843 2010 durch eben diese Auszeichnung evident hält.
2772 1971 3060 2023 Visionen in Ste
1896 1976 2738 2021 torat verlieh, Seine fachwissenschaftliche, tech¬
1059 1997 1840 2062 Es wird ein Numerus clausus geschaffen
1896 2014 3056 2070 nische und technologische Tätigkeit fand in wohl die Skul¬
1063 2051 1836 2105 werden, so daß nur vierundzwanzig öster¬
2502 2059 3047 2111 über diese Österreichischer
1892 2057 2448 2109 zahlreichen Standardwerken
1057 2098 1838 2152 reicher und vierundzwanzig ausländische
1896 2102 3056 2182 Materie ihren Niederschlag. Er war Herren- et er an einem
1057 2145 1843 2212 Persönlichkeiten zu gleicher Zeit Inhaber
1892 2148 2738 2199 hausmitglied und hat sich auf fast allen Gebie¬
2979 2148 3056 2223 Pro
1140 2180 1765 2242 dieses Ehrenzeichens sein können.
1892 2190 2740 2240 ten der Wirtschaftspolitik, der Industrie- und
2768 2199 3060 2268 der schöpferis.
1892 2236 3054 2300 Gewerbepolitik schöpferisch betätigt. Die von der der öster¬
1065 2223 1862 2304 Wie gesagt, werden die ersten zwölf Träger
1020 2272 2747 2349 die den Grundstock des Ordens bilden und ihm geschaffene Gewerbeförderung mit ihren
2772 2294 3062 2349 Jahrzehnte Rich
1892 2319 2740 2373 Musterbetrieben gilt als auch im Ausland viel¬
1020 2330 1862 2388 die über die weiteren sechsunddreißig Würdi
2764 2343 3054 2414 Er gilt als die
1896 2369 2714 2425 fach nachgeahmte Art der Wirtschaftspflege.
1022 2377 1868 2452 gen zu entscheiden haben, auf Vorschlag des
2175 2412 2480 2485 Sigmund Freud
1029 2425 1555 2472 Unterrichtsministers ernannt.
1896 2465 2749 2528 ist der Begründer der Psychoanalyse und als
1072 2452 1866 2525 Wir nennen nachstehend mit Bedachtnahme
1896 2513 2749 2568 solcher weltbekannt. Eine lange Reihe von
1029 2519 1864 2571 auf ihren künstlerischen und wissenschaft
1901 2558 2747 2633 Werken, in alle Kultursprachen übertragen, be¬
1029 2562 1866 2624 lichen Rang zwölf Persönlichkeiten der öster¬
1029 2603 2747 2656 reichischen Kunst und Wissenschaft, die für kräftigen den Ruhm dieser internationalen
1027 2641 2745 2699 die Verleihung dieser hohen Auszeichnung der Kapazität auf dem Gebiete der Seelenkunde.
1033 2691 2740 2747 Republik Österreich in Betracht kommen Seine Hauptwerke, die richtunggebend für die
1027 2732 2749 2787 können, wenn moderne Anschauung und die ganze Wissenschaft sind, heißen: „Über den
2452 3900 2551 4042 5
1875 3908 2113 4082 24
