3436 4224
314 113 485 225 13.
514 136 1182 250 Miscellanes
1374 146 1849 251 box 44/10
1096 1136 2403 1248 gewissen Vokabeln hat. So vor der Vokabel stilisiert. Ein
1106 1179 2402 1295 Inszenierer, der (namentlich theoretisch) sehr stark das Wie betont.
1093 1230 2398 1346 Aber man frage mich nicht, was dabei herauskommt. Was dieser
1088 1272 2393 1399 Künstler zu sagen hat. Wo sein Schmerz, seine Angst, seine Freude,
1088 1318 2385 1435 sein Zittern leben. Ich denke nicht an laute Tragödien und kate¬
1087 1386 2387 1491 gorische Kontraste. Nur kommt, wenn er ein ganz gewiß technisch
1085 1435 2390 1543 nicht fleckenloses) Seelendrama allerersten Ranges, wie eben den
1078 1468 2382 1596 Solnes, inkarniert, nichts Seltenes, nichts Apartmenschliches her¬
1082 1534 2379 1632 aus. Sondern ein Stück. Hagemanns Solnes erzählt nichts.
1082 1576 2379 1695 Nichts von einer Menschenseele; nichts von prophetischen, lyrischen,
1077 1640 2379 1733 epischen, dramatischen Visionen, nichts von Fieber und Leidenschaft.
1070 1667 2370 1783 Es lebt nicht in den Schauspielern das Ebenbild des Regisseurs.
1156 1733 2395 1853 ... Er ist nur ein Sehnsüchtiger. Dem lebendige Kunst ganz,
1072 1779 2370 1913 gewiß ernste Arbeit bedeutet und unter der Hand zu literarischer
1054 1826 1310 1908 Kunst wird
1049 1900 2362 2017 -
1019 1971 1979 2112 awakami von Hanns Fuchs
1121 2084 2359 2194 s ist sehr lustig, aber ausgerechnet in dem ganz und gar unexoti¬
1050 2111 2354 2245 schen Hannover habe ich einmal eine Stunde mit Kawakami
1052 2180 2349 2282 und der Sada Nacco verbracht, und wenn natürlich aus dieser
1039 2232 2347 2339 mehr als flüchtigen Berührung keine Bekanntschaft oder gar eine Be¬
1039 2283 2346 2382 ziehung wurde, wie man im Literatencafé sagt, so taucht er doch oft
1042 2346 2347 2448 genug in meiner Erinnerung auf, dieser seltsame Mensch, den sich
1036 2390 2009 2466 jetzt der Tod mitten aus seiner Arbeit geholt hat.
1123 2429 2344 2530 Ein Zufall brachte mich in seine Nähe. Ich kam dazu, als er
1026 2495 2346 2579 und die Yacco mit heißen Augen in der Kulisse standen und zusahen,
1027 2546 2323 2643 wie ihre deutschen Kollegen draußen Schnitzlers „Abschiedssouper
1034 2582 2328 2694 spielten (womit der Abend des japanischen Gastspiels eröffnet wurde.
1024 2640 2329 2745 Ein englischer Impresario, oder so etwas ähnliches, stand neben ihnen
1029 2692 2326 2780 und verdolmetschte dies und das und fragte mich, der ich die Gelegen¬
1022 2734 2329 2842 heit wahrnahm, mir die fremden Gäste recht aus der Nähe anzusehen,
1021 2793 2324 2873 plötzlich nach Schnitzler. —: ob er sehr bekannt sei, ob er noch mehr
1021 2847 2321 2929 Stücke geschrieben habe, ob er viel gespielt würde. Ich antwortete
1014 2909 2324 2995 englisch, und als Kawakami das hörte, wandte auch er sich an mich,
1013 2937 2314 3036 und seine erste Frage war, ob ich vom Theater sei. Das gerade
1009 2985 2309 3090 nicht —: aber wenn man schreibt, gehört man vielleicht doch ein wenig
1009 3033 2306 3133 dazu. Ich sagte also: Schriftsteller, und das schien ihn zu freuen.
1001 3092 2311 3195 Er lud mich gleich zu einer Unterredung ein, denn er müsse mit mir
1001 3138 1562 3210 über deutsche Stücke sprechen.
1085 3195 2305 3281 Mein Gott —: ich war jung, japanische Schauspieler trifft man
993 3238 2303 3342 nicht jeden Tag, und ich hatte das Gefühl, es sei eine Art von Kultur¬
2199 3368 2331 3449 639
