3392 4320
226 217 1096 346 13 Miscellaneous
1278 235 1753 347 box 44/10
1091 1272 2155 1349 wissen; mir persönlich ist jenseits des Außerordent¬
1093 1341 2157 1404 lichen, was Sie als Dichter, Journalist und Schrift¬
1084 1410 2165 1480 steller gewirkt haben (dies ist eine alphabetische
1091 1470 2160 1523 Reihenfolge und keine Klassifikation) vor allem das
1091 1520 2160 1597 Gesamtbild Ihres Wesens wert und bedeutungsvoll,
1093 1597 2161 1664 dessen Entwicklung seit frühesten Anfängen ich mit
1084 1646 2160 1722 Spannung, Sympathie und Teilnahme nachbarlich
1084 1716 2160 1779 mitangesehen und bis zum heutigen Tage als Freund
1088 1781 2160 1844 begleitet habe. Einem Manne, wie Sie, der, erfüllt
1083 1861 2148 1911 von der fruchtbarsten Neugier und von der dank¬
1084 1913 2152 1972 barsten Empfänglichkeit, angeregt von überallher,
1084 1968 2152 2042 anregend in die Nähe und in die Ferne, Einfühler
1088 2048 2149 2100 und Eindenker in bestem Sinn, und dabei eigen¬
1091 2093 2152 2171 willig und selbständig wie Wenige, sich so viele
1088 2172 2140 2233 Schätzer und Bewunderer erwarb, konnte es natür¬
1084 2233 2155 2309 lich auch nicht an Widersachern fehlen; — welche
1088 2284 2149 2360 Genugtuung muß es für Sie sein, wenn Sie heute
1084 2355 2155 2424 an der Schwelle Ihrer dritten Jugend, in diesem Land
1084 2413 2152 2482 der Mißgunst und der Vorbehalte sich sagen dürfen,
1084 2479 2155 2545 daß Ihre reiche, vielfältige und in jedem Augenblick
1084 2547 2145 2623 lebendige Begabung gegen manches nicht immer un¬
1079 2612 2153 2695 absichtliche Mißverstehen sich von Jahr zu Jahr in
1079 2683 2153 2733 stets höherem Maße durchzusetzen vermocht hat. Sie
1079 2736 2153 2812 stehen am Ziele — würde ich sagen, wenn ich nicht,
1079 2800 2155 2870 durch Ihre eigene Schuld verwöhnt, gerade nach den
1084 2864 2145 2935 Arbeits- und Lebensleistungen Ihrer letztvergangenen
1079 2929 2153 3017 Jahre ein immer Weiter- und Höherschreiten mit
1081 2998 2156 3072 froher Gewißheit von Ihnen erwartete. Ich will nichts
1081 3059 2157 3137 prophezeien, so wenig diese bescheidenen Worte als
