3344 4320
218 193 367 306 13.
413 199 1085 313 Miscellaneous
1268 208 1759 313 box 44/10
153 1352 1830 1423 ten nichts von solchen, irreguläre Großmutter eine Jüdin gewesen sein soll, was
686 1410 1822 1471 ihn natürlich empfahl, aber seine pathetische arische Geistes¬
162 1415 642 1478 Talent erst nach Antritt
678 1452 1830 1517 richtung fiel dem auserwählten Volk doch gar zu arg auf
149 1461 642 1524 deckt wurde, hatte Suder¬
678 1509 1824 1559 die Nerven. Wolzogen und Tovote — letzterer heiratete
147 1503 638 1570 terdings nichts für sich,
684 1553 1830 1620 jüngst in die „Berliner Börsencourier"-Mischpoche hinein
143 1553 644 1624 wysonschen Kreises vom
749 1603 1828 1660 ließen sich ja auch in jüdischen Salons poussiren und
143 1599 634 1673 de allerdings ausschlag¬
674 1643 1830 1708 leisteten Erfreuliches in schlüpfriger Manier, aber eine
185 1652 636 1721 weil selber Jude, hat
680 1700 1832 1759 gewisse arische Sentimentalität störte und die graciöse
149 1702 640 1767 daß außer der „Capitals¬
678 1748 1830 1811 Nichtigkeit des Juden Fulda erreichten sie nicht. Nein,
149 1746 640 1815 Factor für Erfolg eines
684 1799 1828 1849 man brauchte noch etwas anderes: das Zersetzende, das
153 1792 638 1857 er als Jude oder Juden¬
680 1845 1834 1906 sinnfällig Decadente, das satyrisch Frivole oder hysterisch
143 1853 649 1925 tigen Ruhmesassecuranz
674 1893 1826 1952 Lebensverekelnde. Da kamen Hauptmann, Sudermann,
674 1941 1830 1994 Hartleben, jeder in seiner Weise, gerade recht. Und so
147 1925 644 2009 en geistreichen Buch „Der
686 1983 1828 2053 sind denn diese drei Arier — wenigstens scheint ihre
147 1998 644 2065 sie literarische Revolution
680 2038 1834 2101 arische Abkunft unbestritten und Vieles in ihrer Art
164 2044 644 2113 die große Persönlichkeit
684 2084 1830 2145 weicht vom Jüdischen ab — die eigentlichen Judendichter
283 2092 651 2158 die kleinen Leute
684 2137 1830 2195 geworden. Denn nicht auf die Nationalität als solche
296 2141 651 2204 „die um Haupt¬
674 2187 1830 2246 kommt es bei der Judenfrage in der Kunst an, vielmehr
141 2149 644 2262 itzt in kindischem Lyriker¬
684 2235 1828 2300 gibt es Juden, die zu entschieden arischer Richtung hin¬
481 2239 642 2300 zu ver¬
141 2241 386 2302 el u. s. w.
680 2279 1836 2338 neigen und deshalb für die Verjudung der Literatur nicht
136 2279 644 2359 Periode (1883 bis 1890)
684 2336 1828 2390 verantwortlich gemacht werden können — sondern dar¬
168 2332 642 2403 Idealisten, durchkämpft
684 2369 1830 2439 auf, ob etwas den jüdischen Geschmack fördert oder nicht.
141 2386 644 2439 der große Zug, das Ge¬
777 2426 1834 2487 Bei dem scharf ausgesprochenen Charakter des Juden¬
143 2435 644 2500 se zweite aber (1890 bis
680 2474 1843 2539 thums, in seinem Gegensatz zum Germanischen, kann man
143 2485 649 2542 perte der Schwindel des
680 2525 1843 2584 mit Sicherheit annehmen: Was den Juden und der Juden¬
162 2535 649 2596 als alleinseligmachender
690 2573 1836 2634 presse gefällt, muß von vorneherein schädlich für die
147 2579 651 2649 son Juden geleitet worden.
686 2615 1841 2678 deutsche Kunst, undeutsch sein. Ob Jude oder Arier dies
143 2628 649 2686 in Israel hatte erkannt,
686 2663 1834 2722 Undeutsche producirt, kommt aufs Gleiche hinaus. So
143 2676 651 2737 ft. Früher ließ sich nur
686 2714 1841 2785 ist z. B. im Mischling Bahr das specifisch Jüdische lite¬
143 2728 644 2781 deren Leibjuden des con¬
686 2768 1841 2823 rarisch immer stärker hervorgetreten, so daß er sich heute
145 2775 653 2840 derne Literatur“ getauft,
695 2819 1836 2875 kaum noch von der racesemitischen Schnitzlerei unter¬
134 2823 644 2894 ng leisten; doch der Adler¬
697 2867 1841 2930 scheidet. Doch das arische Blut im Mischling verursachte
136 2875 651 2945 die erkannte jetzt in Haupt¬
693 2911 1836 2972 wenigstens anfangs einen gewissen Sturm und Drang, der
141 2921 655 2978 „treifes" Actienunter¬
695 2961 1859 3018 nach höheren Zielen griff, während der Semit Schnitzler
141 2968 657 3039 Börse gehandelt werden
705 3010 1847 3077 sich wohl davor hütete und von Anfang an seine Zeit
134 3014 659 3075 en sie dies, obschon die
693 3056 1828 3119 verstand“, d. h. uns immer blos erotisch kam. Daher
141 3066 657 3142 nenaufgang" doch höchst¬
705 3108 1841 3169 sein äußerliches künstlerisches Uebergewicht. Denn eben
141 3117 653 3182 mlinge und nur zufällig
153 3163 1839 3249 richtig, daß Wildenbruchs des Juden Unfähigkeit zu abstracter Idealität, seine Ge¬
1874 1337 3026 1415 graphirt: Der Ballon „Meteor, der heute um 12 Uhr
1880 1396 3024 1452 mittags beim Arsenal in Wien mit den Rittmeistern
1883 1444 3028 1492 Burka und Uhl, Lieutenant Komarek, dem schwedi¬
1880 1488 3035 1543 schen Lieutenant Salamann und dem Hauptmann
1880 1528 3028 1585 Hinterstoßer hochgelassen wurde, landete um 2 Uhr
1880 1574 2424 1639 nachmittags glatt bei Szill.
1967 1616 3028 1681 [Der vermißte Lientenant Kussi gefunden.] Am
1874 1666 3037 1736 21. Januar 1900 entfernte sich der Lieutenant Karl
1883 1721 3028 1784 Kussi des Infanterie=Regiments Nr. 64 aus seiner da¬
1883 1763 3024 1820 maligen Wohnung Mariahilf, Grabnergasse Nr. 12, in
1880 1811 3031 1872 Civilkleidung und war seither vermißt. Lieutenant Kussi,
1880 1864 3033 1922 der in der Gumpendorfer Kaserne bequartirt war, wohnte
1880 1910 3028 1969 bei einer Witwe. Vor dem Verschwinden befand er sich an¬
1887 1956 3035 2017 scheinend in heiterster Laune und hatte mit der Quartiers¬
1880 2002 3039 2074 frau Scherzworte gewechselt. Als er nach einigen Tagen
1880 2048 3033 2116 nicht kam, wurde die Abgängigkeitsanzeige erstattet. In
1889 2099 3035 2160 Gegenwart einer gemischten Commission wurde die Thür seines
1883 2149 3035 2208 Zimmers aufgesprengt, doch weder in Kasten, noch in Laden
1889 2195 3031 2256 fand man Aufzeichnungen über den Grund der Desertion. Der
1880 2246 3035 2300 Officier hatte vorher ein flottes Leben geführt und war in
1878 2288 3033 2361 Schulden gerathen. Uniformstücke und Wäsche waren das
1880 2342 3035 2397 einzige, was man fand. Im Regiment war Kuss wegen
1893 2388 3028 2451 seiner guten Umgangsformen sehr beliebt. Man sprach auch
1880 2439 3028 2495 viel über seine Desertion und glaubte, er habe sich nach
1880 2485 3035 2539 Amerika oder zu den Boeren begeben. Seine in der
1887 2529 3031 2586 Heimatsstadt Kussis (Brünn) ansässige Mutter war durch
1883 2579 3035 2636 das Verschwinden des Sohnes völlig überrascht. Das
1883 2623 3035 2688 Garnisonsgericht in Wien verfolgte den jetzt 36jährigen
1883 2680 3035 2733 Mann wegen Desertion. Heute hielten nun Polizeiagenten
1880 2722 3037 2775 in einem Hotel in der Leopoldstadt einen Mann wegen
1889 2772 3037 2825 Bedenklichkeit an. Er hatte sich dort unter dem
1893 2817 3039 2875 falschen Namen Karl Kutschera einlogirt. Es wurde
1887 2856 3035 2930 festgestellt, daß der Mann mit Kussl identisch ist. Er
1880 2905 3045 2993 wurde dem Ergänzungsbezirkscommando Nr. 4 übergeben.
1979 2966 3037 3028 Die Hitze in Nordamerika.] Aus New-York,
1887 3022 3037 3068 2. d., wird telegraphirt: In den letzten 24 Stunden waren
1887 3056 3031 3108 183 Fälle von Hitzschlag und 87 Todesfälle infolge Hitz¬
1893 3091 3037 3152 schlages zu verzeichnen. In den letzten fünf Tagen betrug
1893 3140 3028 3219 die Gesammtzahl der auf die herrschende Hitze zurückzu¬
1883 3184 2401 3266 führenden Todesfälle 136.
