3392 4352
209 261 1073 353 13. Miscellaneous
1265 257 1733 342 box 44/10
2791 1156 3296 1207 zwischen Kind und Mann i
1572 1163 2753 1221 motto: „Niemals und ... immer derselbe berichtigt habe. Die
2787 1202 3292 1252 durch alle Schriften Bahrs
1570 1207 2749 1261 Selbstkorrektur gleicht hier der Schlange, die sich in den Schwanz
2795 1238 3298 1305 listischen und journalistischen
703 1098 1196 1311 Fa.
1570 1257 2749 1301 beißt; wer sich am raschesten berichtigt und darum rastlos zu wan¬
2785 1278 3302 1338 decken von Widersprüchen, m
1572 1286 2743 1334 deln scheint, erkennt am ehesten das Unwandelbare, das in ihm
2795 1315 3290 1376 die Grenze der Sophistik
507 1296 1340 1397 Zum fünfzigsten Geburtstag
1572 1321 2749 1376 liegt, und so greift der Gegensatz zwischen einstigen Tagen, in denen
2797 1359 3292 1420 Physiognomie Hermann Be¬
1248 1330 2751 1463 man die Konsequenz des öffentlichen Auftretens nicht hoch genug
779 1365 1115 1455 Von Alfred Klaar.
2804 1397 3292 1451 seiner besten Lustspiele und
1568 1405 2749 1463 preisen konnte und jeden aufs Haupt zu schlagen meinte, dem
2793 1432 3288 1478 bar, wo der geborene Schalt
1576 1445 2749 1493 man einen Widerspruch zwischen den Aeußerungen von heute und
403 1438 1528 1520 „Bitte ein wenig still zu halten und ein freundliches Gesicht zu
2799 1478 3298 1536 seine muntere Weltbetrachtu
1570 1480 2743 1534 ehegestern nachwies, und der Gegenwart, in der man den Mut
526 1503 1532 1559 — diese Aufforderung ergeht jetzt besonders häufig an
2797 1509 3298 1568 Fangball spielt oder sich in
353 1501 493 1568 machen
1570 1520 2749 1564 der lauten Widersprüche bejubelt, gar nicht so tief, wie es den An¬
359 1543 1536 1599 une sorgenvoll beschäftigten Literaten, seit durch eine neue
1578 1551 3256 1616 schein hat; dieser Kontrast berührt weit mehr die Mode des Sich schentums hinüberflüchtet.
361 1578 1532 1639 Jubiläumswährung, die frischgeprägten Fünfziger in den öffent¬
2799 1593 3298 1641 der Heimat, das eine erg
1570 1601 2747 1647 ausspielens als den Grund des Seins. Zu allen Zeiten hat das
361 1618 1532 1674 lichen Verkehr gekommen sind. Hermann Bahr, der am 19. Juli
2787 1630 3302 1687 funden, das Bahr redlich ern
1578 1637 2747 1687 Leben, auch das ehrlichste, für Widersprüche und die Natur, auch die
355 1657 1532 1714 dieses Jahres aus der Presse kommt, wird es nicht leicht haben,
1572 1680 2743 1728 biegsamste, für Konsequenz gesorgt. Und worauf es ankam, war
2826 1676 3284 1745 Der Fünfziger von heute
353 1699 1530 1754 den Anforderungen der Jubiläumsphotographen zu entsprechen.
1570 1718 2743 1766 niemals der Zwang, sich gleichzubleiben, ein Heroismus, der in
2793 1720 3284 1770 ration", die er mitvertritt
361 1737 1528 1791 Stillehalten ist nicht seine Sache, ist ihm sogar, wie sein Fest¬
1582 1758 2749 1810 Lüge ausarten kann, sondern der Mut, sich in jedem Momente
2791 1766 3290 1810 Oesterreichs erst die Augen
361 1772 1528 1833 biograph oder Panegyriker Willi Handl") auf 160 Seiten zu be¬
1578 1791 2749 1856 gleich zu sein, das heißt immer mit Ueberzeugung zu treffen und zu
2791 1802 3296 1862 die Vergangenheit kennt, der
361 1812 1532 1872 weisen sucht, ganz unmöglich, und eine freundliche Miene gehört
1582 1835 2749 1883 irren. Hermann Bahr hat es an diesem Mute niemals fehlen
2797 1841 3298 1887 Oesterreich — einen ähnlich
359 1852 1530 1904 nicht zum Repertoire seiner sonst überaus reichhaltigen literarischen
1578 1870 2745 1923 lassen und, soviel Anteil an seinen in vielen Farben schillernden
2799 1881 3298 1937 schichtlich sind sie nicht nur
361 1893 1532 1958 Mimik. Immerhin sei ein Momentbildchen versucht. Allenfalls
1576 1914 2743 1966 Selbstbekenntnissen die Koketterie des Modeschriftstellers auch haben
2797 1914 3296 1971 im Rechte, sondern auch we
361 1933 1538 1987 mit Hilfe von ein wenig Magnesiumlicht, wovon ein reichlicher
1578 1956 2745 2000 mag, doch in allem Wesentlichen ein eigenes, bewegtes, inneres
2791 1958 3290 2004 es in der Regel die jüngste
361 1973 1526 2027 Vorrat in den Selbstbekenntnissen des jüngsten Jubilars aufge¬
1578 1994 2749 2037 Leben verdichtet. Das fast schon zu Tode gehetzte Wort „Entwick¬
2799 2000 3284 2054 will. Unsere Generation“
365 2019 580 2088 speichert ist.
1584 2033 2751 2081 lung" trifft auf ihn im Ur- und Tiefsinn der Sprache zu: er hat
2797 2029 3302 2098 Bahr, ist wohl auch schon di
399 2031 1534 2110 Im Grunde ist alles Stillstehen und alle Bewegung relativ;
1584 2073 2747 2123 sich immer munter aufgewickelt und den Kern einer interessanten
2797 2075 3302 2121 Augen der ganz Jungen, und
349 2100 1536 2158 wir messen Bewegtes an Bewegtem; deswegen gibt es doch Ziele
1584 2113 2743 2161 Persönlichkeit bloßgelegt, deren Temperament, von den mannig¬
2795 2119 3298 2165 Erbteil, das mitunter dem N
367 2140 1526 2192 und Ruhepunkte für unsere Empfindung, mit denen wir für unser
1582 2152 2749 2202 faltigsten Fragen des Lebens berührt, in die lebhaftesten Schwin¬
2797 2158 3298 2204 nicht die Triebkraft verliert
369 2177 1528 2232 Bedürfnis auslangen und auslangen mussen. Gerade der schnellste
1578 2190 2756 2246 gungen gerät und den Problemen, denen es an den Leib rückt, eine
2799 2196 3300 2240 Bahrs, der einst als jugen
369 2219 1538 2275 Wirbel zeigt uns überdies eine geschlossene Figur, an der die
1584 2229 2751 2277 anregende oder doch aufreizende Seite abgewinnt. So sind seine in
2799 2227 3298 2288 Martyrium durchmachte, ist
367 2252 1534 2311 vielen Ecken zu verschwinden scheinen, und so springt auch aus
1584 2267 2743 2321 Form und Wert sehr ungleichartigen Schriften — Dramen, Ro¬
2793 2273 3284 2328 hat es aufs schärfste betont
367 2296 1536 2348 der Beweglichkeit Hermann Bahrs, von der in diesen Tagen nach
1584 2307 2751 2361 mane und Essays in Hülle und Fülle — in der Tat ein Zeitspiegel
2797 2309 3307 2359 nem Horneck, dem im „Ott
365 2336 1532 2388 der ausgegebenen Parole viel die Rede sein wird, ein Typus her¬
1582 2346 2749 2399 geworden, und wenn man auch jenen Enthusiasten nicht bei¬
2793 2344 3296 2399 chronisten, in den Mund leg
361 2371 1538 2428 vor, den man zu fassen und zu werten versuchen kann. Es ist
1584 2388 2751 2438 pflichten mag, die diesen Spiegel für einen untrüglichen aus¬
2797 2386 3296 2438 des jungen Wien. Desweg
367 2411 1545 2467 keine Unterschätzung, weit eher eine gerechte Einschätzung, wenn
2793 2426 3309 2470 Stolz, auf dem Gesamtboden
1584 2422 2751 2472 geben, und sich über Haeckel, Mach und österreichische Verhältnisse
365 2453 1543 2515 man feststellt: Hermann Bahr sieht sich doch weit ähnlicher, als
1584 2465 2753 2507 lieber aus den Quellen orientieren wird als aus dem Strom
2797 2467 3302 2515 gemessenem Abstande" nach
367 2490 1538 2551 er selbst vermutet und als seine geschäftigen Lobredner uns glauben
2793 2503 3302 2549 zu sein, und Hermann Bahr
1582 2505 2749 2547 der Bahrschen Beredsamkeit — so steckt doch in dem Wechsel und
365 2536 635 2597 machen wollen.
2804 2545 3296 2593 seines ausgesprochenen Oest.
1584 2540 2747 2588 in der Buntheit der Anschauungen, die da zutage treten, viel scharfe
2804 2580 3288 2624 nächst noch etwas luftigen
1576 2578 2753 2630 Beobachtung, viel schlagfertiger Sinn für das Groteske und Ver¬
411 2555 1541 2630 Der kluge, schlagfertige Oberösterreicher, der sich zu einem Mit¬
2793 2618 3298 2668 Schrifttums den Platz streit
1584 2620 2751 2670 kehrte, viel rasch kombinierender Witz und keck einschneidende Sa¬
376 2618 1547 2672 führer der Wiener Literatur gemacht hat und der in so geschickten
2799 2662 3302 2701 werden die süddeutsch=österre
1586 2662 2756 2710 tire, die wir nicht missen möchten und die von den Zeitstimmungen
367 2659 1547 2707 Wendungen den Uebergang von hemdärmeliger Polterfreudigkeit
2797 2697 3298 2743 Bette unserer Nationallitera
1584 2697 2659 2747 ein subjektiv gefärbtes Bild von eigentümlichem Reiz bieten.
369 2699 1538 2760 zu sein geschliffenem Witz zu finden weiß, sagte uns gelegentlich
367 2735 1538 2799 einmal selbst, wie wir ihn zu fassen haben. In den hübsch aus¬
2793 2739 3302 2799 ihren Verleugnung des Urst
1626 2745 2751 2804 In dem schon erwähnten „Hermann Bahr=Buch" finden sich ein aus
369 2776 1538 2831 gesponnenen Anekdoten und erweiterten Epigrammen, die anläß¬
2793 2776 3302 2829 deutschen Norden wegen der
1584 2785 2751 2841 der letzten Zeit stammendes Porträt des Schriftstellers und ein
367 2812 1538 2862 lich des Jubiläums zu einem Hermann Bahr=Buch) zusammen¬
2793 2816 3302 2883 Laufes, die noch im großen
1584 2835 2689 2881 Bildchen, das ihn in seinen frühen Kindertagen darstellt.
369 2847 1547 2914 gefaßt wurden, erzählt er uns, wie er einmal in jungen Jahren
2793 2854 3033 2918 kennbar sind.
1578 2870 2756 2920 Typus von heute, der ein wenig verwitterte, trotzige Literaten¬
369 2893 1536 2941 in ein Stammbuch, in dem er die Allerweltsphrase „Immer der¬
1584 2914 2753 2960 kopf mit den fliegenden Haupt= und Barthaaren, halb Philosoph,
2829 2895 3302 2960 Zwei Strömungen namen
376 2929 1545 2987 selbe vorfand, die trotzige Gegendevise „Niemals derselbe einge¬
1582 2954 2749 3004 halb Bohémien, kontrastiert gar seltsam mit dem lachenden Köpf¬
2804 2956 3298 2998 kommen, sind nicht erst seit
374 2971 1545 3033 tragen, und wie er später diese Renommage durch das Lebens¬
1582 2993 2749 3037 chen des wohlgepflegten Babys, das sich in einem Lehnstuhl wiegt:
2799 2991 3302 3037 zu verfolgen, sondern seit me
1576 3029 2753 3075 aber eine Querfalte auf der rechten Backe, die um den geschweif¬
2793 3035 3292 3075 überglänzt die Stammesart
382 3048 1445 3121 *) „Hermann Bahr“ von Willi Handl, S. Fischer, Berlin.
1582 3064 2756 3110 ten Mund und die runde Nase das Selbstbehagen der Lustigkeit ver¬
2797 3064 3298 3110 hobenen Rede, ohne die urs¬
1564 3106 2762 3175 breitet, springt doch als stärkstes Kennzeichen der Aehnlichkeit
2791 3106 3305 3177 den Reiz lässiger Traumselig
376 3104 1346 3177 **) „Das Hermann Bahr=Buch", S. Fischer, Berlin.
