3344 4352
148 265 1002 379 13. Miscellaneous
1200 283 1679 375 box 44/10
618 1233 2155 1347 ihrem Wechsel der Jahreszeiten. Es gibt wohl keine lyrische Anthologie, die sich
621 1283 2153 1391 seinen „Milden Herbst von Anno 45“ entgehen läßt. Ja, ein so starker Schelter wie
616 1324 2158 1437 Karl Kraus weiß dem Dichter für seine drei Strophen von der Landschaft schönen
621 1377 2168 1479 Dank. In den gesammelten Gedichten ist manches hinzugekommen zu den Gebilden
623 1429 2157 1518 des ersten Bändchens „Das bekränzte Jahr, vieles als zu leicht befunden und aus¬
625 1458 2162 1570 geschieden worden. Denn Mell ist ein strenger Selbstkritiker, der Füllwörter ebenso
625 1510 2166 1614 haßt wie Füllverse — deshalb ist auch seinem Drittelhundert Gedichte keines, das
631 1595 989 1662 man missen wollte.
723 1601 2168 1693 So bleibt noch des Herausgebers zu gedenken. Nachdrücklich hinge¬
637 1635 2170 1735 wiesen sei vor allem auf die Auswahl der Briefe Piccolominis, des späteren
643 1681 2166 1779 Papstes Pius II. (darunter sich ein ergötzlicher über das Wien von 1438 befindet):
646 1733 2176 1829 schließlich auf die „Österreichischen Zeiten und Charaktere", klug ausgewählte Ab¬
648 1766 2176 1876 schnitte aus Autobiographien, anfangend mit dem „Weißkunig“ Kaiser Maximi¬
639 1810 2176 1912 lians I. und endend mit dem „Lebenslauf eines deutsch=tschechischen Handarbeiters“,
639 1889 1341 1966 des Sozialdemokraten Wenzel Holek.
733 1897 2178 1999 So rundet sich das Werk, setzt sich die österreichische Linie Altenberg-Bahr
646 1956 2182 2041 — Schnitzler, Hofmannsthal-Wildgans mit Mell fort, freilich unter neuen Um¬
650 1987 2182 2099 ständen und auf einer anderen Ebene. Denn der Dichter ist zwar der Tradition er¬
654 2037 2185 2139 geben, aber nicht von ihr abhängig, mit der Landschaft verbunden, aber die Knoten
658 2080 2182 2187 hat er selbst geknüpft. Darum ist es uns liebe Pflicht, dem Dichter für sein Werk
658 2122 2189 2228 zu danken und ihn um dauernde Gunst zu bitten, denn, wie er so schön dem
650 2193 1562 2280 Freunde Wildgans zum Gedächtnis geredet hat:
735 2193 2189 2303 „Ob wir uns dessen bewußt sind oder ob uns nur das Gefühl zu ihnen hinzieht; erst
658 2251 2199 2347 die Menschen der hohen Art schaffen uns da Land zur Heimat; wie die Nähe rein
658 2295 2197 2393 atmenden Pflanzenwuchses erfüllen sie uns die Atmosphäre mit dem Würzigen, in dem uns
664 2335 2197 2426 wohl ist. Und von Österreich gilt es vor allem: erst die Künstler haben dieses Land er¬
662 2389 1889 2489 schaffen und daß dies immer wieder von neuem geschieht, ist sein Leben.
1941 2570 2210 2657 Otto Brandt
1229 2666 1658 2801 Begegnung
771 2791 2208 2914 Langsam kommt er durchs Heidekraut geschritten. Die Gräfer zischen und
691 2874 2214 2972 schlürfen wie unter dem Schwung der Sense, ein leichter Wind atmet über
689 2909 2220 3015 Halmspitzen und Blumen; Bienensummen und Grillenzirpen und ein langer
689 2961 2224 3059 Schatten, der still und beharrlich vorwärtsläuft. Hannes ist ein stattlicher Mann,
691 3011 2224 3113 in seinen besten Jahren, der sich sehen lassen kann. Breitschultrig, mit hohem
700 3063 2224 3161 Brustkorb und starken braunen Armen in seinem weißleuchtenden Hemd, geht er
700 3105 2222 3207 nachdenklich lächelnd dahin, kraftverhalten und heiter, wie einer, der den großen
700 3195 1106 3272 Frieden gefunden hat.
798 3217 2224 3301 Am Heidrand wirft er sein Bündel hin, setzt sich auf einen Baum¬
702 3249 2233 3363 stumpf und trocknet mit seinem buntkarrierten Taschentuch die feuchte Stirn. Dann
700 3301 2233 3415 zieht er die große silberne Uhr aus der kurzen Leinenhose und betrachtet sie.
706 3347 2237 3461 Ein wenig nach sieben. Da wird er wohl nicht mehr lange warten müssen. Ein
706 3407 2239 3511 paar Glockenschläge gleiten vom Dorf herüber; daß die Kirchuhren immer
712 3445 2237 3551 zurückgehen, denkt er und wundert sich gleichzeitig über seinen leisen Arger.
712 3494 2235 3597 Warum sitzt er hier und schaut sich um? Worauf wartet er denn? Ach, auf
718 3551 2243 3657 Maria, mit der er sich von Amsterdam aus verabredet hat. Kleinigkeit, nicht
714 3594 2247 3705 wahr? Jetzt muß er selbst über sich lachen, schüttelte den Kopf und be¬
