3344 4320
184 188 1050 322 13. Miscellaneous
1239 219 1712 317 box 44/10
1558 1195 1663 1272 87 -
1002 1315 2188 1416 den Raum... Aber das ist ja von Dörmann und aus
999 1386 2179 1465 dem Walzertraum, — nein, es zog ein holdes Grüßen
999 1426 2178 1517 durch die Luft. Ich aber, im Schatten dieses Dichters,
999 1466 2178 1560 durfte schauen und atmen, wortlos fragen zum reinen
999 1515 2178 1609 Wiener Himmel empor. Aber wahre Dich, Wien
993 1571 2178 1659 mahnt Hirschfeld, anders als Bahr. Wahre Dich.
999 1620 2178 1702 „Du hast einen großen Dichter noch, der dein
987 1662 2172 1757 Erbe wahrt, dein unersetzliches Erbe. Dieser entartete
987 1724 2163 1810 Berliner verdient wirklich nicht, daß es eine Unter¬
987 1770 2173 1859 grundbahn gibt. Wir wollen ihn in Wien zuständig
987 1822 2166 1906 machen und ihn mit jenem andern Hirschfeld ver¬
987 1872 2167 1957 wechseln, der plaudern kann. Ein Herr Ernst Lothar, den
983 1926 2173 2001 man gleichfalls verwechseln darf, sagt, Schnitzler sei
987 1973 2167 2055 uns Führer gewesen hinaus zu den Grenzen des
981 2006 2166 2104 Letzten und Geheimnisvollsten. Es kommt eben
981 2067 2166 2154 darauf an, wie weit man diese Grenzen steckt, das ist
981 2113 2163 2203 Standpunktsache, für manche Leute beginnt dort schon
978 2169 2161 2253 die Ewigkeit, wo ich noch einen Zeitvertreib sehe,
977 2216 2157 2305 und manche stehen schon dort vor den Rätseln,
984 2265 2156 2348 wo andere nur eine Rätselecke vorfinden. Es
975 2316 2156 2396 ist aber nicht zu leugnen, daß zwischen allerlei
983 2354 2156 2439 Feuilletonvolk auch die Dichter Weekind, Heinrich
975 2415 2150 2498 und Thomas Mann die Gelegenheit, die sie anrief,
978 2455 2150 2547 benützt haben, um die Bedeutung des Schnitzlerschen
970 2502 2145 2596 Schaffens weit über alles in der heutigen Literatur
971 2560 2151 2642 verfügbare Maß anzuerkennen. Wenn man selbst
964 2597 2145 2686 die Liebenswürdigkeit, die der Anlaß Privatleuten zur
964 2652 2148 2744 Pflicht macht, abzieht, bleibt noch so viel übrig, daß
970 2701 2150 2783 für die kritischen Potenzen der Herren selbst nicht
974 2757 2139 2843 viel übrig bleibt. Sie sind auch zur Kritik nicht ver¬
964 2803 2144 2885 pflichtet. Wenn Frank Wedekind behauptet, daß Schnitzler
962 2857 2142 2938 ein Klassiker und der einzige Dramenschöpfer sei, der
958 2903 2141 2992 nach zwanzig Jahren deutscher Produktion lebe, so ist
961 2947 2133 3036 weder die Selbstlosigkeit solchen Lobes noch die Ver¬
958 2992 2133 3081 kennung Hauptmanns begreiflich und die Frage
965 3047 2129 3134 gestattet, ob Wedekind wirklich die theatralische Halt¬
958 3097 2133 3183 barkeit des Weiten Landes oder die journalistische
955 3141 2132 3232 Haltbarkeit des Freiwilds neben Erdgeist, und
953 3207 2130 3296 »Pippa für diskutabel hält. Solche Außerungen eines
