3392 4320
291 235 1155 341 13. Miscellaneous
1349 243 1824 349 box 44/10
736 609 850 692 -
625 668 1026 745 (Quellenangabe eine Gewähr).
413 714 987 820 mit aus: &
413 816 664 928 -
983 804 1251 931 und
1043 1034 1726 1128 Kunst und Moral.
1106 1125 1677 1202 Von Josef Stibitz, Krzeschitz.
599 1206 1365 1288 Daß die Religionsfrage oder Weltan¬
1417 1229 2239 1300 Stunden Gugeline, Prinz Kuckuck, Das
536 1262 1361 1333 schauungsfrage die brennendste Frage unserer
1423 1278 2236 1356 seidene Buch, Der Erdgeist, Frühlings¬
527 1317 1363 1369 Kunst ist, tritt immer mehr zu Tage. Die
1420 1329 2240 1393 Erwachen, Die Büchse der Pandora usw.
533 1353 1363 1411 Weltanschauungsfrage ist die Zentralfrage
1415 1370 2241 1423 als Kunstwerke und ihre Verfasser als Künstler
530 1400 1363 1463 unseres gesamten Kunstlebens, mit ihr steht
1411 1418 2241 1483 aufgeredet; während diese Stücke und Werke
518 1442 1354 1498 und fällt unsere Kunst. Nur die Veräußer¬
1417 1464 2228 1526 nichts als sensationelle, unmoralische Speku¬
518 1486 1353 1556 lichung der Kunst konnte die ästhetische Frage
1414 1502 2239 1558 lationsware und ihre Verfasser skrupellose
527 1539 1352 1591 als die für die Kunst wichtigste in den Vorder¬
1411 1551 2236 1617 Spekulanten und Gründer auf Gewissenlosig¬
530 1583 1352 1643 grund stellen und die Weltanschauungsfrage
1411 1597 2234 1667 keit, Zuchtlosigkeit, Erotik, Schamlosigkeit und
518 1627 1353 1688 als „Tendenz" im Kunstwerk zurückzustellen.
1417 1635 1721 1695 Gemeinheit sind.
525 1662 1355 1732 Die Folge davon war, daß wir statt wahrer
1468 1680 2236 1736 Aus diesem Sumpf in unserer Kunst
530 1704 1353 1772 Kunstwerke eine l’art pour l’art-Kunst er¬
1414 1718 2233 1788 kommen wir nur heraus, wenn wir an Stelle
521 1754 1351 1824 hielten und daß die Bahr, Schnitzler Dörr¬
1402 1770 2236 1819 der äußerlichen ästhetischen Wertung zu einer
521 1797 1347 1853 mann, Hartleben, Bierbaum, Wedekind rc.
1408 1812 2233 1878 inneren Weltanschauungs=Wertung über¬
522 1849 1351 1899 mit ihren Wimili Werken emporkommen
1409 1865 2238 1918 gehen. Darin ist die „katholische Literatur
518 1886 1356 1943 konnten und in der Literatur unserer Tage
1402 1904 2233 1964 der modernen überlegen und zeigt darum
519 1926 1353 1991 den Ton angeben. Auf diese schiefe Ebene
1412 1945 2233 1999 heute fast allein die Tradition der wahren
518 1972 1350 2038 in allem, was Kunst heißt, sind wir also durch
1402 1992 2233 2061 und großen Kunst auf, indem sie im wahren
519 2021 1355 2078 die Überbetonung der Asthetik für die Kunst
1415 2031 2226 2091 Sinne idealistisch ist und den wahren Idea¬
524 2067 1350 2130 gelangt. Und mittels der Ästhetik wurden
1405 2074 2222 2144 lismus pflegt. Bei ihr allein ist es die
521 2109 1347 2175 uns: Der Star, Der Krampus, Das Kon¬
1409 2126 2228 2178 grundlegende Forderung, daß der Künstler
522 2161 1346 2215 zert-Reigen, Der einsame Weg, Lebendige
1403 2175 2228 2231 vor allem idealen, moralischen, christlichen,
1451 2268 2282 2370 katholischen Geistes voll sei und seine Werke
1451 2317 2273 2417 diesen Gehalt in adanquater Form ausströmen.
1454 2358 2282 2458 Indem der katholische Künstler aus dem
1451 2403 2273 2510 Geiste seiner Kirche, der kathol. Tradition,
1449 2453 2275 2545 der katholischen Volksseele, aus seinem katho¬
1442 2494 2270 2593 lischen Geiste heraus schafft, — löst er den
1445 2533 2268 2639 Zwiespalt der modernen Literatur zwischen
1439 2578 2270 2676 Kunst und Moral im positiven Sinne. Diesem
1431 2625 2260 2722 katholischen, christlichen Standpunkte auf dem
1439 2667 2259 2765 Gebiete der Kunst nähern sich auch bereits
1431 2708 2263 2803 die besten Künstler, Kritiker und Asthetiker
1429 2766 2254 2848 außerhalb der katholischen Literaturwelt. Vor¬
1428 2806 2258 2895 weg steht der bekannte Ästhetiker Johannes
1427 2842 2253 2944 Volkelt, dessen Werk „Zwischen Dichtung
1418 2892 2245 2989 und Philosophie" (C. H. Becksche Verlags¬
1422 2932 2249 3030 buchhandlung in München) Anschauungen
1413 2977 2241 3079 über die Kunst ausspricht, die durchaus
1417 3016 1818 3089 „katholisch" anmuten.
1478 3080 2238 3163 „Der Künstler, wie ich mir ihn vorstelle,
1413 3104 2233 3205 soll von dem heißen Bedürfnis getrieben
1416 3152 2228 3252 sein, durch seine Kunst an der Erziehung
1395 3200 2155 3287 des Menschengeschlechtes mitzuarbeiten.
1402 3247 2140 3330 muß seine Werke dem Höhendrange
1407 3280 2225 3374 Menschheit zum Guten und Reinen, zum
1395 3331 2111 3415 Großen und Edlen dienstbar machen.
1395 3368 2216 3471 Fühlung mit den sittlichen Kräften muß
1391 3415 2215 3512 derart zu seiner Natur gehören, daß er in
1398 3459 2211 3547 seinem künstlerischen Schaffen ganz selbst¬
1386 3505 2214 3597 verständlich in der Richtung auf die idealen
1377 3549 1946 3627 Lebenswerte hin verharrt.
1457 3595 2211 3673 Wie Volkelt in diesem Satze sich für
1377 3634 2207 3730 das Zusammengehen von Kunst und Moral
1375 3679 2200 3780 im idealen, christlichen und katholischen Sinne
2335 2329 3165 2418 ausspricht, ebenso verdammt er die heutigen
2334 2370 3159 2472 führenden Tagesliteraturen und ihre Kunst
2330 2426 3160 2511 und nennt einen Bahr, Schnitzler, Bier¬
2329 2459 3157 2550 baum, Wedekind u. a. „Volksvergifter. Aber
2327 2503 2887 2582 den letztgenannten Künstler
2995 2539 3154 2603 Frank
2325 2542 3150 2649 Wedekind fällt er folgendes Urteil: „Ich
2329 2587 3150 2684 sehe einen Schandfleck in der Ent¬
2315 2644 3144 2736 wickelung deutschen Geisteslebens
2311 2673 3151 2779 darin, daß ein nicht geringer Teil der
2307 2727 3143 2826 Künstler, Kritiker und der sogenann¬
2311 2766 3146 2869 ten gebildeten Welt überhaupt diesen
2307 2809 3136 2911 Mann feiert, der solche Stücke wie
2306 2853 2639 2923 „Der Erdgeist
2685 2871 3125 2954 „Die Büchse der
2311 2897 3108 3005 Pandora", „Frühlings=Erwachen
2292 2941 2938 3027 der Offentlichkeit darbietet.
2362 2982 3121 3088 Ich hebe diese Kritik und Qualifizierung
2296 3026 3125 3129 Frank Wedekinds von einem der ersten
2290 3077 3123 3173 Ästhetiker besonders hervor, weil man von
2287 3122 3123 3217 „ästhetischer" bildungsbeflissener Seite eben
2287 3161 3120 3263 diesen „Mann“ und seine Werke jetzt auch
2284 3205 3111 3304 in Österreich als klassisches Gut moderner
2278 3252 3108 3346 Kunst einschmuggeln will. Frank Wedekind
2278 3300 3102 3400 und seine Werke haben also weder mit
2281 3337 3100 3430 Kultur, Kunst, noch mit Bildung etwas zu tun,
2273 3383 3093 3482 sondern gehören nach J. Volkelt in das
2266 3429 3093 3515 Kapitel „Volksvergiftung; und wer sich an
2264 3470 3094 3566 der Popularisierung derselben beteiligt, ver¬
2261 3514 3087 3600 dient keine andere Bezeichnung als „Volks¬
2253 3551 3086 3658 vergifter“. Das muß endlich einmal ganz
2257 3604 3083 3685 rücksichtslos ausgesprochen und wenn es not¬
2253 3648 3085 3740 wendig ist, wiederholt werden, damit der
2249 3694 3083 3791 zuchtlosen Falschmünzerei auf dem Gebiete
2249 3730 3034 3836 der Kunst einmal ein Ende bereitet wird.
