3344 4352
209 243 1084 358 13. Miscellaneous
1271 241 1740 355 box 44/10
1172 1254 2540 1328 bleibt dieses Buch und seine Methode unerfreulich. Die Psycho¬
1181 1313 2536 1378 analyse kann vielleicht manche Innenvorgänge des Lebens deuten,
1177 1362 2536 1429 aber über das Wesen des Kunstwerkes weiß sie uns nichts zu
1187 1417 2536 1481 sagen. Die Überschätzung des Erotischen in Schnitzlers Dichtung
1255 1468 2533 1519 eine Lebensauffassung, die wir an ihm lieben — mag die
1184 1505 2536 1570 Psychoanalytiker mit ihrer schematischen Witterung des Sexuellen
1181 1559 2529 1614 hinter allen Vorgängen menschlichen Innenlebens in Scharen an¬
1177 1610 2535 1670 locken. Aber weder die Dichtung noch die Psychoanalyse wird
1181 1663 2533 1717 uns liebenswerter, wenn diese nachweist, daß in jener alles psycho¬
1181 1711 2538 1773 analytisch stimmt; und diese unfruchtbare Aufgabe scheint Reik
1181 1757 2533 1814 sich gestellt zu haben; er glaubt die Trefflichkeit der Schnitzlerschen
1181 1809 2512 1860 Dichtung zu beweisen, wenn er zeigt, daß das „System Freud
1177 1857 2536 1914 in ihr intuitiv dichterischen Ausdruck gefunden hat. Der Dichter
1181 1908 2526 1965 hat sich (unbewußt) bemüht, den sexuellen Ursprung alles mensch¬
1172 1954 2538 2013 lichen Tuns und Wollens zu verhüllen, der Psychoanalytiker be¬
1172 2006 2538 2071 müht sich um den umgekehrten Vorgang. Und das alles geschieht
1177 2052 2536 2113 in einer Sprache, die sich mit Haut und Haar einem Jargon,
1181 2105 2533 2156 den die Psychoanalyse herauszubilden für nötig hielt, verschrieben
1172 2152 2533 2203 hat. Ein Autor, dem der Satz gelingt „Die Vergänglichkeit
1172 2200 2533 2263 irdischer Beziehungen ist der Grundzug und die tiefe Unsicherheit
1177 2253 2535 2305 menschlicher Verhältnisse“ hat es nicht nötig, ein Deutsch zu
1181 2288 2533 2353 schreiben wie dieses: „Die früher sublimierten homosexuellen Ge¬
1184 2343 2533 2405 fühlsbeziehungen werden bei der Paranoia mit unsublimierter Libido
1172 2394 2533 2460 besetzt und das Ich sucht sich durch den Verfolgungswahn dieses Libido¬
1177 2446 2536 2495 ansturmes zu erwehren“; wenn es der Autor dennoch tut, so muß man
1172 2495 2533 2557 ihn als ein Opfer der Psychoanalyse bezeichnen. Wie der große Ein¬
1184 2540 2533 2602 fluß und die Anziehungskraft der Psychoanalyse auf die Zeit¬
1167 2587 1624 2647 genossen zu erklären is
1729 2601 2533 2650 das mag sie selbst auf ihre Art deuten.
1176 2642 2529 2698 Aber — um Gottes willen — die produktive und reproduzierende
1172 2691 2533 2742 Literatur bleibe von ihr verschont. Das Unterbewußtsein ist uns
1170 2737 2529 2791 nicht lästig, noch stört es uns, aber über die Hemmungen, die die
1176 2784 2529 2842 Psychoanalyse aus dem Unterbewußten zu Bewußtsein erhebt,
1176 2839 2434 2910 stolpert beinahe das geistige Leben einer ganzen Generation.
1167 2944 1464 3022 Oscar Philipp.
1165 3007 1413 3092 Schicksal.
1351 3085 2202 3153 Ich dank dem Schicksal auf den Knieen,
1351 3143 2071 3211 Daß es mich so zermürbt, zerzaust,
1345 3190 2028 3240 Daß es mit knochenharter Faust
1352 3228 2244 3299 Mich traf. — Ich habe nicht geschrieen.
1342 3311 2132 3389 Und wenn auf meinen Wanderwegen
1354 3381 2066 3443 Mir jetzt ein spätes Glück gedeiht,
1352 3423 2191 3489 Nehm ich es stumm, wie einst das Leid,
1340 3484 1986 3559 Mit ruhigem Gemüt entgegen.
1804 3659 1896 3717 361
