3392 4352
209 239 1086 355 13. Miscellaneous
1262 243 1743 362 box 44/10
343 1258 2366 1407 Auge zu fassen, weil wir Deutschen keine Schauspieler man die große, für das reine Wortrag die ein
2393 1355 3311 1430 von Doppeltheatern auf sich zu nehmen, die
336 1377 1508 1448 Nation seien. Darum müßten wir die Vervollkommnung Bühne
2389 1407 3303 1486 ästhetischen Zielen irgend eines verstiegenen mod
343 1430 1333 1500 aller im Dienste des Theaters stehenden Künste an
1452 1415 2363 1512 Wenn wir hier ein bißchen den Atem anhalten
2389 1456 3300 1530 Regisseurs überliefert werden sollen. Und beim
351 1482 1336 1545 streben und dieselben zur Darstellung von rein menschlich
1362 1474 3273 1594 können wir die praktische Undurchführbarkeit all dieser großen Defizit würde dieser ja doch überall
332 1530 1333 1609 bedeutsamen Kunstwerken heranziehen. Dazu aber hätte
1366 1549 2538 1646 Vorschläge mit wenigen Worten kennzeichnen. Der müssen.
340 1583 1325 1650 jedes deutsche Stadttheater, das mitzählen wolle, eine
1362 1601 2359 1665 Standpunkt an sich ist ein idealer. Aber auch ein
2478 1579 3311 1695 So wenig wie die praktischen Ziele dieses nen
332 1639 1336 1698 modernen Regisseur mit selbstherrlichen Vollmachten
1359 1646 2363 1721 ungerechter. So schlimm steht es mit dem blühenden
2381 1627 3303 1747 Theaterreformers haben auch die künstlerischen
332 1695 1336 1751 nötig. Heute beherrsche das Publikum das Theater, und
1359 1702 3307 1795 deutschen Stadttheaterwesen denn doch nicht. Sie müssen einen greifbaren Kern. Er redet sich in schöngei¬
332 1739 1329 1814 das sei verfehlt. Was es verlange, biete man ihm
1359 1754 2366 1829 sich selbst erhalten, aber Handelshäuser sind sie darum
2389 1769 3303 1851 Weise um die selbstverständlichsten Dinge herum
332 1792 1336 1859 Es sei wie in einem Handelshaus: die zahlende Masse
1355 1818 2351 1874 nicht. Auch sind die jetzigen Pächter künstlerisch freie
2385 1833 3303 1900 meint wunders was gesagt zu haben, wenn er fort
336 1844 1333 1907 gebe den Ausschlag. Das Theater solle aber doch lieber
1355 1863 2359 1930 als es die künftigen, von den Stadtvätern abhängigen
2389 1870 3300 1948 fort vom Stil redet, immer und immer wieder
325 1896 2355 1974 den Erfolg bei den Besten anstreben, als den bei den Leiter sein würden. Den Philister überwinden soll das
2381 1933 3281 2001 gebildeten Regisseur verlangt, wenn er fordert,
332 1948 1329 2019 Zahlungsfähigsten. Und wie soll diese Befreiung des
1351 1963 3300 2042 Theater? Direkt ausgeliefert würde das gesamte deutsche jeder Dichter in seinem eigenen Stil gespielt w
328 2001 1325 2064 Theaters vom Geschmacke der Philister durchgeführt
1347 2012 3307 2109 Theaterwesen dem Philistertum durch die eigene wenn er erklärt, was modern und zwischen den leben
328 2060 1318 2128 werden? Man möge Variétés bauen, so viel man wolle
1351 2068 3300 2154 städtische Regie. Was Hagemann den Hoftheatern vor¬ Autoren und den Lebendigen früherer Zeiten zu
325 2109 1314 2165 aber überall eine ernste Bühne, eine Kunststätte. Un
1355 2120 2351 2191 hält, die Bevormundung, das würde in zehnfacher
2378 2131 3307 2198 scheidet und so weiter. Das alles ist jedem The¬
321 2161 1325 2217 „die ernste Bühne der Stadt muß ihren reinen Ge¬
1351 2169 2355 2236 Stärke bei den uniformen Stadttheatern zum Vorscheine
2374 2195 3303 2262 menschen so geläufig wie das Alphabet, und man sta
328 2206 3262 2310 schäftscharakter verlieren, das heißt, sie muß tatsächlich kommen. Mit der Abschaffung des Abonnements der wenn man aus tiefsinnige Wendungen stößt,
325 2269 1321 2322 zu einer städtischen Schaubühne werden“. Der Ver¬
1347 2273 3255 2351 besitzenden Klassen aber würde den Stadttheatern neben „Nur ein kluger Künstler kann Regie führen."
328 2314 1318 2381 fasser verlangt den städtischen Betrieb sämtlichen
1347 2325 3296 2404 ihrer jetzigen Freiheit auch ihr bürgerliches Mäzenaten, wenn er versichert, der Regisseur müsse wissen, „daß
321 2363 3288 2452 deutschen Privatbühnen. Dann will er das Abonnement tum verloren gehen, die eigentliche Quelle ihrer Blüte. „Götz" anders als der „Tasso und auch andere
321 2422 3307 2512 abgeschafft sehen, welches heute den Bühnenleiter Mit dem Jahresabonnement bezahlen die großen „Wilhelm Tell" anzufassen ist. Ja, zu wem spi
314 2467 1314 2534 hindere, ein Stück so oft zu geben, als es ihm nötig
1351 2478 2337 2546 Familien nicht nur ihre Plätze, sie genügen damit auch
2359 2493 3296 2557 denn Herr Hagemann? Wer weiß dem das nicht? „
321 2531 2337 2598 erscheine. Die Logen sollen auch fallen im modernen einer höheren Pflicht. Auch wenn sie dem Theater nicht
2363 2542 3296 2609 ist alles. Was wir für unser deutsches Theater, für
314 2564 1310 2643 Theaterbau, weil sie aus einer Zeit stammen, in der
1351 2579 2337 2650 schenken, tragen sie es. Das zu verkennen, heißt den
2366 2598 3277 2654 nächste Zukunft brauchen, ist der Stilkünstler:
314 2620 2333 2706 die Kastenunterschiede noch scharf ausgeprägt waren, doch etwas zu nüchtern rechnen. Und dann die Logen
2363 2643 2844 2717 Regisseur als Stilkünstler
2874 2646 3307 2721 Jawohl — wir brau¬
321 2672 1314 2740 So wie die hohen Beamten und die Damen heute in
1340 2684 2333 2766 Man versuche es nur, diese zweihundertjährige Form
2359 2695 3311 2773 den Mann, der zwischen „Götz" und „Tasso" zu un
314 2721 2333 2807 der Straßenbahn mit dem Proletarier fahren, so mögen des Theaterbaues zu zerstören. Dann fällt das Abonne¬
2370 2747 3281 2811 scheiden vermag. Denn das haben Schreyvogel
314 2777 2340 2881 sie auch neben dem Arbeiter im künftigen Amphitheater ment von selbst. Geistige Genüsse werden im Kreise von
2359 2803 3307 2881 Immermann, Tieck und Iffland, Laube und Dingelst
317 2829 1306 2900 sitzen. Sorge macht dem Verfasser nur die zu große
1325 2840 2225 2937 gleichgestimmten Seelen am reinsten empfangen.
2363 2855 3303 2915 Wilbrandt, August Förster und all ihre Schüler bis
310 2881 1306 2945 Bühne. Die könne man für das moderne Drama, das
1418 2889 2329 2964 Wer das heutige Theater zerstören will, der mag
2355 2900 3288 2990 nicht gewußt. Es gab keinen Hagemann, der
310 2926 1303 2990 bekanntlich intimstes Neuland der Seele sucht und auf
1329 2937 2333 3012 auf all die hier angedeuteten Ziele hinarbeiten. Aber er
2359 2952 2579 3020 ihnen sagte.
306 2982 1299 3053 kleine Räume angewiesen ist, nicht brauchen. Also
1329 2993 2322 3061 muß uns auch sagen, wie dann das neue aussieht, we¬
2441 2979 3314 3076 Neben mancher platten und mancher geschei¬
302 3038 1258 3091 acceptiert er den Vorschlag eines anderen Autors
1336 3042 2329 3120 für seine künstlerische Freiheit und seine materielle Wohl¬
2348 3023 3326 3132 Bemerkung findet sich in dem Büchlein Hageman
299 3076 1306 3143 künftig Doppelhäuser zu bauen, Häuser mit großer und
1329 3098 2325 3169 fahrt, also seinen Fortbestand bürgt. Die Gesamtheit
2355 3109 3303 3191 auch viel ausgesprochenes Mißwollen und sehr
306 3135 3300 3262 keiner Bühne, denn für das Worttondrama brauche wird es überall ablehnen, die Errichtung und Erhaltung Berliner Hochmut. Er stellt Sudermann auf die unter
