3392 4352
153 203 310 318 13.
1205 207 1684 310 box 44/10
352 199 1029 329 Miscellanos
1240 1569 3264 1695 das Leben in vollen Zügen getrunken, und nun ins Leben ist er gestürmt, verbrannt, und eran
482 1619 957 1707 Einakterabend.
1240 1668 3264 1737 sitzt er im Irrenhause. Diesen Gebrochenen läßt aus dem Feuer und wieder hinein und wiede
214 1672 1186 1768 („Unter vier Augen“. Von Ludvig Fulda.
1236 1718 3256 1791 sich der sieche Bruder zur Erbauung bringen. Er verbrannt, aber nur gelebt, gelebt, gelebt! A
199 1752 1156 1825 „Der arme Narr“. Von Hermann Bahr.
1232 1768 2242 1829 will sehen, wie das Leben den Leichtsinn vergilt
2277 1775 3260 1840 sein Lieben und seine Kunst haben ihm eine We¬
275 1791 1152 1856 „Karnerleut. Von Karl Schönherr.)
1240 1821 3264 1886 er will sehen, wie wehe Reue tut, die ihm erspart in seinem Inneren gebaut, deren Trümmer aus
275 1837 1209 1921 Aufstieg vom Lustspiel zur Tragödie. De¬
1240 1867 2242 1928 blieb, weil er sich vor allen Unregelmäßigkeiten
2269 1879 3264 1940 aus der Verwüstung, die seinen Geist ergriffe
199 1902 1213 1967 harmlos freundliche Einakter von Fulda macht noch
1240 1921 3260 1986 gehütet hat. Der „arme Narr soll her, soll ihn hat, noch leuchtend emporragen. Mitten in seine
199 1959 1209 2016 immer einen gefälligen Eindruck. Höchst unwahr
1236 1971 2162 2036 erkennen lassen, wie schwer das Leben straft.
2269 1971 3264 2039 Leiden belebt ihn ein Stückchen Melodie auf
207 2009 1217 2066 scheinlich zwar, daß die junge Frau erst an dem
1297 2005 2242 2070 Und er kommt. Man denkt bei dem kranken
2265 2024 3268 2089 einem seiner Lieder, erquickt ihn ein Bild au¬
207 2062 2238 2120 Abend, an dem wir einen Einblick in ihre Häus=Tondichter an Hugo Wolf. Man darf es auch
2261 2074 3260 2139 der Natur, das er auffängt oder auf das ihn Ar¬
207 2108 1209 2162 lichkeit erhalten, erkennt, daß ihr die Liebkosungen
1236 2116 3264 2189 denn auch Hermann Bahr hat an ihn gedacht, als oder Wärter zufällig weisen. Er ist noch immer
199 2162 1209 2215 ihres Gatten lieber sind als die großen Gesell
1236 2169 2235 2223 er den „armen Narr schrieb. Er sieht den älterer
2257 2169 3264 2235 genußfähiger und höheren, reineren Freuden zu
210 2200 1209 2265 schaften, für die sie bisher schwärmte. In den vier
1236 2212 3264 2280 Bruder, der in körperlichen Schmerzen stöhnt. Und gänglicher als der Bruder in seiner hämischen, ver¬
191 2257 1209 2311 Monaten ihrer Ehe muß doch die Situation, au
1232 2261 3248 2338 da zeigt es sich, daß der zerbrochene Spiegel, als bitterten Gesinnung es je war. Auch auf
203 2307 2231 2376 die das Lustspiel aufgebaut ist, mal dagewesen welcher die Seele des Irren erscheint, ihm noch
2257 2319 3256 2376 brochenen Schwingen erhebt er sich noch imme
207 2353 1209 2414 sein. Nun, über diese Schwäche sieht man hinweg
1232 2357 3260 2453 immer mehr von der Schönheit und vom Glanz höher als der, der sich am Anblicke seines Elend
199 2407 2231 2468 denn der Dialog ist unterhaltend, liebenswürdig, des Lebens in die Seele wirft als das reinlich¬
2261 2414 2621 2483 genug tun wollte.
195 2453 1209 2529 und wie so oft, wiegt auch hier das Vergnügen
1232 2456 2238 2521 Glas, durch das der gesittete Bruder die Welt
2315 2453 3260 2541 Hermann Bahrs Arbeit zeigt deutlich Einflüsse
195 2499 765 2575 den Mangel an Lagik auf¬
1224 2518 3260 2587 allezeit kritisch betrachtet hat. Und der muß er Arthur Schnitzlers. Sein siecher Kaufmann Haiß
264 2521 3268 2629 Anders der „Arme Narr“ von Hermann kennen, daß eigentlich er der „arme Narr“ ist. Er erinnert lebhaft an den in ähnlichen Stimmungen
191 2583 1205 2655 Bahr. Interessante Quälerei für die Zuschauer
1236 2606 2235 2667 ist ängstlich an allem vorübergegangen, das fernal
2257 2613 3260 2678 befangenen todkranken Rittmeister Moser in
191 2655 1201 2709 Ein Schauspiel, das den Trutzspruch: in philistros
1224 2655 2235 2713 vom geraden Geleise eines soliden Lebens lag den
2257 2667 3256 2728 Schnitzlers „Ruf des Lebens". Die nachdenkliche
191 2705 3260 2774 als Leitspruch trägt. Ein schwerkranker Kaufmann er hat Not und Krankheiten als „Strafe" ge¬ wehmütige Betrachtung des Daseins, wie sie sich
184 2751 1205 2808 will in seinem Leiden einen bescheidenen Tros
1232 2751 2223 2808 fürchtet. Und nun sieht er, daß er trotz aller Vor
2254 2766 3268 2824 aus dem Vergleich eines nüchtern verbrachten mit
195 2789 1205 2851 darin finden, daß er, der immer ordentlich und
1236 2805 3260 2877 sicht, trotz aller Entsagung einem körperlichen einem genossenen Leben unter dem nivellierenden
203 2851 3260 2927 solid gelebt, wenigstens nicht so vom Schicksal Leiden überantwortet ist und daß ihm dabei nicht Einflusse des Sterbens zeigt, erinnert zugleich an
199 2896 1198 2950 gestraft wurde wie seine leichtlebigeren Brüder
1221 2896 2227 2981 einmal das leuchtet, was dem leichtsinnigen
2254 2916 3264 2973 ein anderes Werk der Wiener Schule, an einen
191 2942 2231 3007 Der eine, Eduard, ist zwar noch zu jung, um ein Bruder helle, frohe Reflexe in die düstere Vor¬
2250 2958 3252 3034 Einakter in Saltens Dramenreihe: „Vom andere
187 3000 3245 3099 derartiges wohltuendes Exemplum zu bieten. dämmerung wirft, die der Todesnacht vorausgeht, Ufer“. Auch Salten steht ganz im Banne de
191 3034 1194 3103 Aber dafür Hugo, Hugo der Tondichter, Hugo der
1224 3046 2101 3122 die Erinnerung an unvergeßliche Stunden.
2246 3061 3252 3134 Dichters der „Lieberei, der den Hang des Wieners
191 3092 1221 3168 Geniale! Er hat, ohne auf das Morgen zu denken,
1286 3092 3245 3210 Der „Narr hat es gut gehalten! Mitten hinein den Genuß des Lebens durch den angstvollen Aus
