3392 4320
130 1327 233 1394 re le
201 257 1079 376 13 Miscellaneous
1254 281 1731 373 box 44/10
1614 1088 2052 1193 RASSEGNA MODERNA
2496 1122 2596 1195 153
1156 1197 1948 1284 Paracelso. — Chi lo sa! Se fosse il vero
1428 1245 2222 1349 Ch' io nel sen le lo agitato e sollevato?
1157 1284 2017 1375 Cipriano. — L'illusion le deste e dubitate?
1163 1340 2257 1422 Paracelso. — lo son mago soltanto essa è una donna.
1154 1405 2565 1474 Paracelso e la sur scienza hanno trionato, ma un terribile dubbio rode
1075 1446 2566 1530 il cuore al marito, ed egli si dibatte invano come dentro ad un cerchio fatato.
1081 1489 2565 1569 Paracelso mosso a piet, impone a Giustina di essere sincera, di dire soltanto
1079 1532 2563 1627 la verità E la verità per quanto crudele, da poi che Giustina non nasconde
1074 1577 2568 1677 i suoi sogni, le sue aspirazioni, riesce a cal nare l'animo eccitato del marito.
1074 1623 2557 1724 Egli ha perduto la illuminata fede in se esso, pero quel colpo di vento che
1070 1681 2563 1782 ha spalancato per un attimo le porte misteriose, gli permetterà d'essere più
1070 1724 1802 1782 cauto, meno imprudente nell' avvenire.
1154 1771 2557 1864 Eccoci dunque nuovamente alla tesi preferita dello Schintzler: approfon-
1066 1808 2561 1923 dire certe questioni sarebbe talvolta cosa ben fatta ; ma per riuscirvi quante
1064 1858 1541 1923 delusioni, quanti dolori
1142 1901 2559 1992 Mi resterebbe ancora d’intratteneri sul racconto Sterben (Morire) e sulla
1064 1946 2551 2059 Moglie del Saggio altra raccolta di novelle, uscita in luce nell' agosto e che
1059 2002 2095 2080 al pari dello Sterben s’ispira all' enigma della Morte.
1135 2063 2553 2151 Sterben più che un racconto è uno studio fine, acuto, quasi dire patologico
1059 2100 2550 2190 d’un animo bramoso di vita, che la vita si vede sfuggire e che invano si for¬
1060 2149 2548 2229 za di trattenera. Come uno spietato chirurgo, lo Schnitzler penetra colla
1059 2205 2550 2291 sonda in ogni nervo, in ogni fibra di quell'animo travagliato e, se lo seguirne
1059 2229 2546 2326 lo spasimo e talvolta penoso, tuttavia il lettre rimane soggiogato, vinto da
1062 2294 1910 2356 quella tragica intensità di rappresentazione.
1135 2328 2535 2427 Felice è giovane, bello, intelligente ed amato dalla sua compagna, la
1049 2378 2542 2464 bionda Maria; ma un giorno la sua robusta giovinezza si piega al soffio d'un
1051 2425 2538 2514 male vago, indefinito. Un medico, colla ruvidezza che distingue i medici vien¬
1051 2471 2537 2579 nesi, gli spiattella chiaro e tondo il suo stato. Felice & affetto dalla tisi, la
1053 2518 1989 2596 quale gli concederà poco più d’un anno di vita.
1133 2574 2533 2652 « — Morire, dovrò morire fra un anno, dice lo sventurato a Maria; imagini
1047 2620 2533 2706 tu questa angoscia, questo supplizio? Condannato a morte, nessuna speranza
1049 2660 2531 2743 di vedersi commutata la pena; una sentenza senza appello, nè possibile ricor-
1049 2706 2527 2805 so! Ogni giorno che scorrere come scorrono vertiginosamente adesso per me i
1040 2762 2346 2848 giorni, un passo verso la tomba dove si è soli, eternamente soli....
1157 2803 1838 2878 - Se tu morrai, io morrò cote... »
1133 2852 2522 2928 Questa speranza egoistica lo rianima ed egli parte per una stazione balnea¬
1036 2898 2524 2980 re accompagnato dalla sua fedele Maria. Ma il male non s’arresta, progredi¬
1040 2954 2525 3042 sce rapido e Maria non dice più : « morrò con te » bensi « ti seguir » e
1047 2997 2186 3075 più tardi aggiunge « si, forse troverò la forza di seguirti. »
1118 3049 2520 3127 E spaventosamente vera la lotta che si combatte fra la sana e forte fan¬
1034 3085 2518 3170 ciulla e quello spettro d’ uomo che ad ogni istante le rammenta la lugubre
1044 3131 2518 3239 promessa. Pi egli sente avvicinarsi la fine, più s'attacca disperatamente alla
1036 3172 1560 3241 vitae si ribella al destino.
1115 3232 2505 3314 « — Non voglio morire, no, qui fra queste nebbie, voglio andarmene lag¬
1029 3265 1970 3358 gin a Merano in cerca d’aria, di sole, di luce. »
