3344 4320
562 108 1094 213 öffentlichen wir nachstehend
1319 150 2954 225 Fragment aus einem übel gangbaren Umweg am steinichten Seerand zurück. I
565 189 2981 261 Fragment — Bruchstücke aus Gerhart Hauptmanns neuem doppeltem Lichtnebel im Wasser und über der Fläche schwebend:
571 237 2981 316 Roman „Merlin“. Der Dichter hat sich da neuerdings in eine so wird von der Toten eine Stelle jenseits des Sees erreicht,
565 282 1755 355 sehr verwickelte und vernebelte Gespenstergeschichte versponnen
1782 297 2984 361 wo sie mit einer schnellen Hellung im Boden verschwindet. Der
568 334 1764 403 deren Ende nach all dem, was hier zu lesen ist, wohl noch un¬
1785 340 2978 436 Pater scheint nun über etwas ins Klare gelangt und zu etwas
556 376 1749 445 absehbar bleibt, deren Schönheiten jedoch — wie meistens be¬
1788 382 2055 466 entschlossen.
562 436 1764 499 Gerhart Hauptmanns Prosa — durch Feuerfunken, in die
562 472 1764 562 romantische Dämmerung gestreut, besonders wirksam sind.
571 529 1773 595 Szenerie: Ein Kramladen im schlesischen Gebirge. Föhnsturm
565 571 1764 646 fegt durch den braunen Vorfrühling. Macht die Leute nervös,
577 622 1764 691 fiebrig, so daß sie Gespenster sehen. Der Flickschuster Grumm,
565 673 1767 736 seine Frau und seine Freunde sitzen in einer verqualmten Stube.
565 724 1764 787 Es herrscht Maeterlinck=Stimmung. Frau Glumm wartet auf
556 766 1758 835 einen Bergpater. Der Mönch kommt, nimmt Platz und sagt
556 832 1764 880 „Es ist sicher das Beste, wenn ich Sie einweihe. Sie wissen, wir
568 868 1767 938 sind in der zwölften Stunde. Ich habe aus einer ganz gewissen
565 920 1764 980 Ursache, trotz des Sturmes, den Weg hieher gemacht. Frau
556 959 1761 1037 Glumm hat mir nämlich heute morgen, als ich einen Augenblick
559 1013 1761 1079 vorsprach, von einem sehr sonderbaren Besuch erzählt, der
559 1067 1758 1136 gestern Schlag Mitternacht hier stattgefunden hat. Die Sache ist
553 1112 1758 1178 die: es ist Aussicht vorhanden, daß sich dieser Besuch heute um
556 1157 1758 1232 dieselbe Zeit wiederholen wird. Bis dahin hätten wir noch eine
556 1208 1761 1274 halbe Stunde. Um was ich Sie jetzt bitten möchte, meine Herren,
559 1256 1761 1319 ist, etwa fünf Minuten vor zwölf das Licht zu löschen und, was
550 1307 1761 1385 auch immer geschehe, sich nicht einzumischen, womöglich
556 1352 1761 1436 mäuschenstill zu sein, ja, durch nichts Ihre Gegenwart zu
559 1400 751 1472 verraten.“
667 1421 1764 1518 Frau Glumm erzählt nun den Hergang der Ereignisse in
550 1496 1767 1563 der vergangenen Nacht, breit, ausführlich, wie nur Gerhart
556 1551 1151 1614 Hauptmann so eine Geschichte
1178 1563 1764 1635 wiedergeben kann. Schließlich
556 1605 1665 1668 erscheint das Gespenst... (Nun zitieren wir den Dichter.)
664 1641 1758 1719 Das Schlagwerk der Uhr hatte zum zwölften Schlag aus¬
550 1683 1764 1758 geholt. Er war gefallen und gleich darauf tiefe Stille ein¬
559 1752 1758 1809 getreten. Selbst draußen verstummte das Toben der Elemente.
559 1794 1749 1851 Der Geist glich unverkennbar etwa einem siebzehnjährigen
559 1836 1752 1899 Weibe, das geboren hat, wenn sie nicht zugleich den Eindruck
553 1896 1755 1953 einer mit gebrochenen Augen blindwandelnden Toten gemacht
553 1932 1761 1998 hätte. Auf einem Wachsgesicht von holdester Magdlichkeit waren
553 1980 1758 2049 die Linien übermenschlicher Qualen eingegraben. Aus einem
562 2028 1761 2104 Winkel des wie bei einer tragischen Maske stumm geöffneten,
556 2082 1755 2140 kindlichen Mundes sickerte Blut. Sie ging gebeugt. Augen¬
556 2128 1758 2197 scheinlich mußte sie, durch die Krümmung des Körpers und durch
553 2179 1764 2242 die linke Hand, um überhaupt gehen zu können, unsäglichen
553 2227 1758 2290 Schmerz in den Eingeweiden verhalten. Grauenvoll waren die
553 2272 1758 2338 Finger der Aermsten anzusehen. Es waren zum Teil nur blutige
550 2323 1755 2386 Stummel, als habe sie sich, in zäher Wut und rasender Pein,
553 2365 1755 2428 durch Schichten Gesteins zur Erdoberfläche durchgegraben. Der
556 2416 1755 2485 Pater empfand ein Weh, das Urweh, wie man es ähnlich sonst
550 2461 1758 2536 nur im Traum empfinden kann. Die Brüste der Toten waren
550 2518 1758 2575 vertrocknet. Sie hielt, wie verzweifelt, die Hand auf eine der
544 2563 1758 2623 beiden versiegten Milchquellen. Bei schärferem Zusehen war es
541 2620 1752 2677 mitunter, als sei die ganze Gestalt nur trockner Staub. Nur
553 2659 1752 2720 das köstliche, lange, blonde Haar fiel in glänzendem Schwalle
550 2708 1749 2771 um sie nieder. Dagegen hingen die wenigen Kleidersetzen wie
553 2759 1752 2813 mürber Zunder an ihr herum. Aber die Erscheinung schien
553 2801 1752 2855 doppelt zu sein. Um den verwesten, sichtlich schmerzgeschüttelten
550 2849 1752 2906 Leichnam zeigte sich, wie eine schöne, transparente Hülle, ein
556 2897 1755 2948 anderer Leib, der die ganze ehemalige, unversehrte Weibes¬
556 2942 1755 3002 schönheit und Holdheit der rätselhaften Dulderin zeigte; und
553 2987 1758 3050 während Verwesungsduft, gemischt mit ätzenden oder weichlichen
553 3041 1752 3101 Kinderstubendüsten, von dem zerstörten Schmerzensleib aus¬
556 3080 1758 3149 zugehen schien, kam es von diesem wie unendlich feine Musik
550 3137 1755 3188 und Blumenhauchen des Paradieses. Dann ging es mit weicher
568 3185 1752 3248 Sohle, wie einige sagten, oder schwebte, wie andere meinten,
559 3233 1061 3299 durch die Glastür hinaus.
658 3248 1755 3339 „Auf", sagte der Pater, als man einen Lichtschein am
550 3324 1755 3381 Ladenfenster vorüberschwinden sah. „Folgt mir! Auf! Aber
559 3369 1758 3435 schweigsam. Und laßt mich vorangehen.“ Man stolpert ins Freie.
556 3420 1755 3474 Es beginnt etwas wie eine Jagd durch den nächtlichen Sturm,
556 3468 1755 3528 dem Lichtschein der seltsamen Kundin nach, der irrwischartig bald
562 3519 1755 3573 näher, bald ferner tanzt, aber sichtbar bleibt. Ja, er belichtet
562 3564 1752 3627 sogar den Waldboden, so daß die Verfolgung dadurch erleichtert
562 3612 1755 3672 ist. Manchmal schwebt durch den Wald nur eine Lichtballung,
556 3657 1755 3714 dann wieder zeigt sich Gestalt darin, nämlich der schlanke
556 3702 1755 3768 Mädchenleib, der, nur für das Auge des Paters, mit einer reh¬
556 3759 1755 3813 haften Anmut zwischen den schnellbeglänzten Stämmen bergan
565 3807 1749 3867 gleitet. Zuweilen bleibt der arme, aus dem Fegefeuer entlassen.
562 3855 1755 3910 Geist stehen und blickt sich um, als wünsche er, verfolgt zu sein,
562 3900 1755 3964 und wolle dem Männerrudel Zeit lassen. Der Pater erkennt,
568 3946 1767 4009 wie das süße Schmerzensangesicht des jungen Weibes unter dem
574 4000 1758 4063 Haarschleier phosphoresziert, der gleichsam darüber herunter¬
571 4045 1755 4105 rieselt. Ihm ist, als wolle aus seinem eigenen Innern ein Name
565 4093 1767 4165 empor, und er müsse damit die Erscheinung anrufen. Nun schiebt
