3296 4352
176 261 352 387 13.
1234 269 1703 379 box 44/10
377 266 1045 397 Miscellanos
2010 1296 2962 1352 alles aufnimmt, was Berlin produziert. Daneben
942 1299 1940 1379 das zum Schlusse in einem Prunkmantel für die beiden
111 1317 915 1377 noch zulässigen Autoren des Theaters. Sein
950 1344 2957 1430 Berliner „Kulturbühnen“ der Herren Max Reinhardt aber pflegt diese Bühne die Weltliteratur, die lebendigen
106 1364 922 1452 Regisseur muß ausdrücklich wissen, daß er
1967 1399 2957 1487 Werke aller Völker. Es ist also nach Hagemann die
950 1402 1940 1472 und Otto Brahm verarbeitet wird. Wien aber zahlt
108 1417 922 1487 hört. Wenn Hagemann die Namen Fulda
947 1452 2628 1530 die Kosten. Und auch Dresden und München, deren modernste aller Bühnen. Oder nicht?
103 1467 917 1533 enthal ausspricht, fragt er: „Muß man diese
2055 1485 2960 1573 Nein, „Wien ist neuerdings, wie in jeder Hinsicht,
950 1518 1935 1575 künstlerische Kultur um ein halbes Jahrtausend älter
93 1523 910 1595 noch spielen?" Seine Götter sind Ibsen
1970 1555 2955 1613 auch im Bühnenwesen zurückgeblieben," sagt er. Ja
947 1558 1927 1626 ist als die Berlins, werden zur Provinz herabgedrückt
357 1578 915 1633 Schnitzler. Da er die Namen
98 1580 241 1646 in und
1962 1600 2960 1661 damals, als Laube die Schauspieler hier noch sprechen
942 1616 1935 1678 die aufzunehmen habe, was Berlin heute produziert.
103 1626 917 1681 r und Anzengruber nie nennt, können wir ihm
1967 1658 2957 1711 lehrte, Wilbrandt den ganzen Faust" aufführte und
952 1663 1930 1729 Er kniet im Staube vor dem Ausstattungskünstler
98 1676 925 1754 Wiener Schnitzler nicht danken. Er ist ein
1970 1714 2962 1771 Mitterwurzer lebte, da war Wien noch etwas. Aber
950 1719 1927 1784 Max Reinhardt, der mit mittleren Schauspielern und
106 1734 922 1791 neben jenen Großen. In Ibsen, Hauptmann
1970 1764 2960 1827 heute? Wir zehren auch künstlerisch an der Vergangen¬
952 1766 1935 1837 gutem Drill abgerundete Vorstellungen in einem maleri¬
106 1784 907 1842 tzler sieht Hagemann die anerkannten Träge
1970 1814 2960 1879 heit, sagt er. Eine Truppe wie die Brahms kenne Wien
947 1817 1940 1897 schen Rahmen, doch ohne jeglichen Individualitätsreiz
103 1832 912 1897 ters der Lebenden. Für die siegreiche Ein¬
1970 1864 2955 1920 nicht. Schon deshalb nicht, weil hier „der Berliner
945 1872 1942 1947 zustande bringt, und er schreibt Hymnen über die
98 1879 915 1957 von Wedekind, Hoffmannsthal, Vollmöller,
945 1910 2960 1992 „Höhenkunst" der Truppe Brahms. Sie löse heute Kunstbegriff der Regie, des ästhetisch zweck= und zwang¬
113 1937 915 2000 „Wilde, Shaw und Strindberg, die ihm sehr
1962 1972 2960 2040 vollen Zusammenspiels, der Gesamtwirkung als letzter
950 1977 1935 2040 Aufgaben der modernen Schauspielkunst, wie sie kaum
113 1990 920 2050 liegen, hält er neben den städtischen Theatern
1970 2023 2889 2108 Zweck des Theaterspiels überhaupt unbekannt sei.
947 2028 1940 2113 sonst auf einer Bühne unseres Erdteiles" gelöst werden.
151 2040 915 2105 Sonderbühnen oder Freie Bühnen für
2058 2065 2962 2133 Für solchen Dünkel gibt es nur Hohn. Der im
1030 2078 1945 2141 Wer Berlin und die künstlerischen Bestrebungen
93 2088 915 2176 oße Reformen seien nur durch solche zu er¬
1967 2121 2960 2186 Drill wurzelnde Berliner Kunstbegriff ist uns nicht
957 2113 1935 2201 seiner modernen Bühnen kennt, muß die höchste Achtung
1977 2173 2960 2234 fremd, aber wir lieben ihn nicht. Das zwanglose Zu¬
950 2186 1932 2251 vor dem dort Gebotenen haben. Diesen Ueberschwang
123 2158 920 2246 man erschrecke nicht vor dieser trostlosen
1972 2229 2962 2289 sammenspiel unserer Künstler erscheint uns ästhetisch
942 2231 1937 2301 aber muß man ablehnen. Es ist noch zu viel Barbaris¬
106 2236 912 2312 Auslese, die sämtliche deutschen Bühnen in
1965 2279 2960 2352 höher als das zwangvolle der Berliner. Wir schätzen
947 2284 1937 2347 mus in der jungen Kultur. Und das Kapitalistische ihrer
98 2299 915 2354 laten umgebracht hätte. Es ist dem Autor
1965 2329 2962 2392 gute Regisseure, aber wir stellen große schauspielerische
947 2337 1930 2397 Unterlage ist mit Händen zu greifen. Wenn irgendwo
103 2349 917 2427 en Effekt, nur um die Pose der Modernität
1982 2387 2965 2447 Individualitäten unendlich höher. Uns gilt die Persön¬
947 2387 1945 2460 so ist in Berlin das Theater das, was es nach Hage¬
103 2399 917 2480 Er versteht unter modern ganz etwas Ver¬
1962 2435 2960 2492 lichkeit, nicht der Mechanismus in der Kunst. Und auf
942 2440 1558 2518 mann nicht sein soll, ein Geschäft,
138 2445 915 2515 Er dringt von den Lebenden zu den
1970 2487 2962 2548 einen Streit darüber, ob unsere Schauspieler größer sind
1030 2462 1937 2563 Von unserem Burgtheater weiß Herr Hagemann
106 2502 912 2560 aller Zeiten vor und sagt: „Das moderne
1967 2535 2962 2595 oder die Berliner, lassen wir uns nicht ein. Jede Stadt
950 2540 1942 2618 gar nichts, aber er redet darüber. Es sei ja eine „gut
98 2555 920 2621 uns die Meisterwerke aller Zeiten und Völker
1970 2588 2960 2651 glaubt, die besten zu haben. Im übrigen aber sind wir
947 2593 1940 2671 gemeinte Gründung" des Kaisers Josef gewesen. Aber
128 2605 922 2666 Modern ist ihm alles, was noch lebendig
1970 2643 2960 2701 der unbescheidenen Meinung, daß die alte Kultur eines
950 2646 1930 2711 man machte es zum Comtessentheater, man schnitt alle¬
106 2651 915 2724 wir sollen jenen Werken der Vergangenheit
1967 2693 2962 2754 Theaters, das ein Weltrepertoire von zirka zweihundert
950 2698 1942 2769 für den Horizont „junger Mädchen“ zu. Er nimmt das
98 2711 925 2766 egenwart das hinzufügen, was voraussichtlich
1972 2744 2962 2804 Stücken aller Zeiten und aller Völker zu seinem Besitz¬
957 2741 1937 2814 Spottwort ernst! Er weiß nicht, daß das Burgtheater
106 2764 907 2814 st auch „Ewigkeitswert und Ewigkeitsdauer
1980 2796 2970 2859 stand zählt, zwei Dutzend Berliner Bühnen aufwiegt,
950 2796 1930 2869 seine erste große Epoche zur Zeit Schröders und Brock
98 2809 925 2867 ird. Man sehe doch dieses Versteckensspiel
1965 2842 2962 2904 die jedes einzelne Stück, sei es eine Neuheit oder ein
950 2849 1940 2912 manns, die zweite zur Zeit Schreyvogels gehabt hat.
98 2862 915 2925 gswahrheiten. Tut denn eine ernste Bühne,
1965 2897 2960 2957 klassisches Werk, zu Tode hetzen und es aus geschäft¬
947 2899 1940 2962 Daß dann eine Zeit der Verflachung zum Comtessen¬
103 2914 917 2975 lsweise das Burgtheater, seit hundertfünfzig
1972 2950 2965 3015 lichen Gründen wie eine Zitrone auspressen. Wir sind
952 2952 1937 3028 theater des Vormärz kam, wer leugnet es? Aber die
103 2965 922 3033 was anderes? Sucht sie nicht immer das Besie
1977 3005 2962 3068 sehr zurückgeblieben, ja. Wir unterscheiden noch immer
100 2997 1935 3080 wart an das Best der Vergangenheit an achtzehnjährige Herrschaft Laubes machte ihr ein Ende,
1967 3055 2975 3118 zwischen dem modernen Raffinement einer theatralischen
942 3055 1937 3128 und auch Dingelstedt und Wilbrandt dachten so wenig
1967 3108 2706 3193 Tretmühle und einem Hause der Musen.
950 3100 1940 3171 an junge Mädchen bei ihrer Repertoirebelebung, als
103 3080 917 3178 Reform geschwätz! Nicht ein neuer Faden
2666 3128 2927 3226 Ignotus.
118 3153 1957 3261 ganzen Gewebe von schillernden Phrasen, man heute daran denkt, wo das Burgtheater — leider!
