3344 4320
1308 231 1784 333 box 44/10
249 238 1135 348 13. Miscellaneous
399 1439 3326 1505 Eigenheiten herausbeißen, daß es manchmal aussieht, als schen Schriftstellergenossenschaft weiß man hier nicht viel, semitisch-konservative Presse, in richt
396 1483 3329 1546 wollten sie ihn karrikieren. Und diese Söhne Austrias sind sie braucht Zeit, sich durchzusetzen, also wird die deutsch= Sachlage, nur dem in Deutschland schm
407 1524 3326 1586 fast immer österreichische Juden! Daher kommt es denn, daß österreichische schöngeistige Literatur der Gegenwart ziemlich aus Oesterreich-Ungarn auf die Finger
396 1568 3329 1637 der Norddeutsche gar oft den österreichischen Juden für den einseitig nach den Geistesprodukten jener Wiener Literatur lich die liberalen Zeitungen diesen U
396 1619 2589 1666 Typus des Oesterreichers hält, während wieder jene hebräer beurteilt, die von ihren in Deutschland hausenden
2611 1622 3333 1696 behandeln überhaupt die ganze Frage
403 1663 3329 1710 schnoddrigen Spree=Athener, welche den Bauern in Tirol Landsleuten natürlich mit der nötigen Reklame als Genies stischen Standpunkte. Die Position
396 1692 1483 1751 und Bayern so in der Seele zuwider sind, sich in der Rege
1513 1699 2589 1751 ausposant werden! Mit welchen Mitteln gearbeitet wird
2611 1707 3329 1762 österreichischen Juden auf dem reichsd
396 1751 3329 1806 aus der Berliner Mischpoche rekrutieren. Unsere österreichi= um so irgendeinen jüdischen Skribenten vom Donaustrande in der reichsdeutschen Presse errung
407 1787 3315 1850 schen Israeliten sind hier die eigentlichen Repräsentanten des in die Höhe zu bringen, dafür ein Beispiel für viele: Ende das deutsche Volk im allgemeinen und
396 1831 2593 1883 Kaiserstaates an der Donau und sie besorgen dies Geschäft April ging durch die Blätter die Notiz, daß die Besitzer des
2619 1839 3329 1894 sonderen eine recht ernste Angelegenh
399 1872 3326 1937 in so aufdringlicher Weise, als ob sie ganz besonders schwarz= Luisen= und Passagetheaters, Karl und Theodor Rosenfeld, sogar die deutsche Regierung österreich
388 1915 2589 1974 gelb patentiert wären. Sie besuchen mit Vorliebe jene Re= zwei echte österreichische Israeliten, mit einem eigens zu
2608 1930 3326 1978 zielle Journalisten! So wird das ha
407 1956 3333 2022 staurants, welche Wiener Küche führen, in den Cases studieren sammengestellten Ensemble ein dreiaktiges Stück aus der Telegraphenbureau von Dr. Mantler
407 2007 3150 2066 sie auffällig die „Neue Freie Presse“ vom Leitartikel bis Wiener Bohème, „Künstler“, von Josef Holtzinger im liner politischen Nachrichten“
3172 2018 3333 2088 gibt
407 2047 3315 2106 zum letzten Kuppelinserate und läßt sich ein Reichsdeutscher Neuen Theater zur Uraufführung bringen werden. Bald Schweinburg heraus und Besitzer der
396 2095 3326 2157 mit ihnen in eine Unterhaltung ein, dann ergehen sie sich darauf wurde mitgeteilt, daß die Zensur das Drama ver¬ korrespondenz" ist Herr Katz! Ferner
396 2132 3011 2194 in derartig überschwenglichen Verhimmelungen Wiens, als boten habe, worauf die Unternehmer an die höhere Instanz Hälfte der Redakteure
3033 2146 3329 2216 bei den liber
396 2176 3329 2238 wäre dieses die Hauptstadt Zions, dabei gefällt ihnen in appellierten, während man einstweilen Dörmanns Un= Blättern aus österreichischen Juden,
396 2223 3329 2293 Berlin nichts, außer dem gewaltigen Verkehre und dem sittenstück „Ledige Leut spielte. Auf einmal hieß es, die daktionsverbande der christlichen Zeit¬
407 2263 3007 2329 Nachtleben, wahrscheinlich deshalb, weil der Straßentrubel „Künstler“ seien nach entsprechenden Strichen und sonstigen Oesterreicher befinden.
3033 2278 3326 2340 Die lange Bli
472 2315 3326 2373 man denke an die orientalischen Städte — überhaupt Aenderungen freigegeben worden, und am 20. Mai fand Presse in Oesterreich hat eben einen Ue
403 2351 978 2425 etwas Semitisches an sich hat.
1502 2359 3329 2417 richtig die Premiere statt. Dieses so pikant eingeführte Stück Publizisten erzeugt, der weil er inn
480 2395 2582 2458 Den größten Einfluß aber übte das Oesterreichertum aus der Wiener Bohème erwies sich nun als eines
2608 2410 3326 2487 gelben Grenzpfähle keine Beschäftigung
396 2432 2871 2501 auf die reichsdeutschen Bühnen aus. Nicht nur daß die blutige Dilettantenarbeit, daß es einen vollständigen Durch¬ land abfließt!
1509 2487 2589 2538 fall erlebte, trotzdem sich der größte Teil des Publikums
396 2494 1483 2549 Oesterreicher das Hauptkontingent zu den Schauspieler
2685 2469 3329 2556 Unter den nach Deutschland aus
403 2520 3329 2593 stellen, es befindet sich auch ein stattlicher Bruchteil der aus dem Bekanntenkreise der Gebrüder Rosenfeld zusammen den Bühnenkünstlern und Journalister
1509 2575 3326 2644 setzte. Wer dieses schreckliche Stück geschrieben hat, weiß wenig Christen, dafür desto mehr in ei¬
396 2578 1491 2633 reichsdeutschen Theater in ihren Händen, und dabei über¬
392 2611 3329 2685 wiegt ebenfalls das jüdische Element. Diesem Umstande ist man bis heute nicht, da es der Autor angesichts seines der sich ebenfalls mit geistigen Genüss
396 2655 2578 2718 es auch zu verdanken, daß die hiesigen Bühnen mit jenen Mißerfolges vorzog, im Dunkel seiner Anonymität zu bleiben
2611 2674 3329 2725 lich im Schankgewerbe. Eine lange R
399 2699 3326 2769 gewissen Wiener Stücken jüdischer Mache, die ein voll= Hätte aber das Stück gefallen, so wäre sicherlich vor dem Restaurants und Cafes gehört Oesterrei
1509 2751 3322 2813 Vorhange ein neuer Wiener Literaturhebräer erschienen, denn die hiesige Kellnerschaft einen stark öste
407 2754 1487 2809 ständig verzerrtes Bild von den sozialen Zuständen in der
1509 2791 3329 2886 für christliche Schriftsteller stürzen sich Gebrüder Rosen= Auf gastronomischem Gebiete scheinen
399 2794 1480 2853 Hauptstadt an der Donau bieten, überschwemmt werden
1509 2827 2146 2890 feld natürlich nicht in Unkosten!
396 2846 1491 2901 und so in Deutschland die Ansicht erweckt wird, als seien
2600 2846 3329 2897 richtungen für Norddeutschland vorbildli
1590 2875 3329 2945 Dieses Vordrängen der österreichischen Juden hat das möglichen Nahrungsmittel werden unter
392 2882 1491 2941 die Oesterreicher wirklich solche Jammerkerle, wie sie
396 2930 3329 2985 Schnitzler, Dörmann, Salten und andere zeichnen. Man Wienertum in Berlin ein wenig in Mißkredit gebracht, und geboten und die Kaffeehäuser, die bekan
399 2974 3326 3033 macht sich in der habsburgischen Monarchie keine Vor= nicht nur antisemitische und konservative sondern auch national= Wien ihren Weg nach Deutschland
403 3018 3329 3073 stellung davon, wie sehr es dem literarischen Ansehen liberale Organe haben sich in letzter Zeit wiederholt recht immer auf ihren Ursprungsort hin, i
396 3058 3329 3117 Teutschösterreichs in den hiesigen ernsten nationalen Kreisen scharf gegen die „Verwienerung" Berlins gewendet. Selbst die Bezeichnung tragen: Wiener Cafe
1513 3102 3326 3153 freisinnige Blätter geben ab und zu den hier lebenden moden übt Frau Vindobona einen star
407 3102 1487 3157 geschadet hat, daß die Ausfuhr von Wiener belletristischen
1513 3142 2582 3194 Wienern einen freundschaftlichen Klaps. Freundschaftlich
407 3150 1491 3197 Erzeugnissen fast ausschließlich jüdische Marke trägt. Von
2611 3150 3329 3216 Schwester Berolina aus und in der hie¬
392 3197 3329 3271 der verhältnismäßig noch recht jungen Deutsch=österreichi¬ im wahrsten Sinne des Wortes, denn während die anti¬ viele Oesterreicher beschäftigt, allerdi¬
