3392 4352
228 207 1085 304 nus
2021 121 3266 200 seines symphonischen Schaffen. Es ist Geschmack beherrschte Alle,
2019 188 2954 240 sache, ob eine Melodie wie das vom Cello geführte
2016 233 2952 297 Trio des zweiten Satzes, so hübsch es klingt, über¬
1275 204 1753 302 box 44/10
2014 273 2952 323 haupt noch als konzertsaalfähig gelten soll — und
2014 318 2945 366 nicht besser in freier Luft, draußen im Gartenpavil¬
2016 359 2952 406 lon zu spielen wäre. Mahler liebt solche äußerste
2012 401 2950 454 Leutseligkeit, die in schroffen Gegensatz steht zu sei¬
2014 449 2945 496 nen himmelhohen, wolkensernen Ekstasen. Les ex¬
2009 489 2957 534 trêmes se touchent. Nimmt man die Motive ein¬
2016 527 2945 580 zeln, so ist wohl keines im höheren Sinne originell
2009 575 2950 620 Tongedanken, die uns als Eingebungen eines schö¬
2016 618 2952 670 pferischen Genies sofort überzeugen, fehlen ganz.
1399 598 1622 694 Musik.
2014 658 2952 705 Aber wie Mahlers starke Persönlichkeit diese Aller¬
2014 701 2954 748 welts=Motive ausprägt und ihnen ihren scharfen
1183 689 1862 784 Gustav Mahlers „Siebente".
2019 746 2950 788 Stempel ausdrückt, so daß sie mit einem Male
1375 765 1677 848 Die Aufführung.
2014 784 2945 841 Relief und Charakter zeigen, ist eines der merkwür¬
2009 824 2952 879 digsten Phänomene der Kunstgeschichte. Man nenne
1166 819 1983 900 Arthur Schnitzler soll jüngst in einem Privat
2009 874 2952 919 das nicht Mache. Es ist mehr. Es entspringt einer
1052 874 1983 948 gespräch gemein haben, wenn man nicht wüßte, das
2014 912 2952 969 fast dämonischen Kraft, das eigene Ich den Dingen
1050 933 1978 990 Richard Strauß Arier und Gustav Mahler jüdische
2014 957 2952 1002 aufzuzwingen, vielleicht einer Verachtung der Ob¬
1050 981 1988 1033 Abstammung ist, würde man bei dem Schöpfer der
2021 998 2952 1050 jektivität der Welt, die für Mahler erst Wert und
1052 1024 1983 1081 „Salome" unstreitig die üppige erotische Sinnlich
2014 1045 2952 1092 Geltung gewinnt, wenn sie in seiner Subjektivität
1050 1066 1986 1119 keit, die orientalisch ausschweifende Phantasie, der
2014 1088 2954 1142 zu leben anfängt. Als eine Vereinigung stärkster,
1043 1107 1910 1159 Hang zum äußeren Effekt und das Talent
2014 1128 2952 1178 unausgeglichener seelischer Kontraste, als gewaltiger
1057 1152 1893 1206 Selbstausmachung, überhaupt das Geschick
2016 1173 2952 1233 Willensmensch und schwärmerischer Naturfreund,
1050 1197 1905 1247 wirtschaftlichen Verwertung seiner Arbeiten
2004 1216 2954 1264 als raffiniertester, alle Mittel der Tonkunst mei¬
1054 1240 1978 1294 spezifisch semitische Eigenschaften bemerken und ihm
2019 1254 2954 1309 sternder Könner und naiver, volkstümlicher Musi¬
1054 1282 1983 1335 Gustav Mahler, als den Mann der mystischen Ver¬
2009 1299 2962 1356 kant, als Beherrscher riesiger Orchestermassen und
1050 1332 2952 1401 beltheit, als gigantischen Felsblocktürmer, als als delikatester Pointillist der Instrumentation bil¬
1050 1378 2954 1442 en leuschen Wunderhornsänger, der die Musik der der Mahler ein Problem, ein Rätsel, dessen Lösung
1033 1396 1988 1489 Fahrenden Gesellen aus dem Volke symphoniefähig
2014 1432 2954 1477 uns nicht einleuchten will, obwohl wir das geistige
1019 1461 1990 1518 macht, als Idealisten, kurzum als den Typus des
2019 1475 2962 1537 Fluidum, das von ihm ausströmt, beinahe körperlich
1054 1501 1981 1556 germanischen Künstlers entgegenhalten. Es ist nich
2014 1515 2415 1594 zu empfinden glauben.
1054 1541 1978 1591 meine Absicht, hier die heille Frage nach dem Ver¬
2118 1532 2950 1615 Man ist gewohnt, daß eine neue Orchester¬
1052 1589 2954 1662 hältnis von Kunst und Rasse auszurollen, ich streife komposition Mahlers einige instrumentale Ueber¬
1062 1632 1981 1686 sie nur angesichts des Umstandes, daß Mahler auch
2009 1648 2959 1696 raschungen bringt. Reizend nehmen sich im zweiten
1057 1672 1988 1724 im Ausstellungskonzert als spezifischer Vertreter
2014 1691 2950 1738 Notturno die obligate Gitarre und Mandoline aus.
1050 1715 1986 1765 des modernen deutschen Kunstschaffens ange¬
2009 1734 2952 1781 Herdenglocken und Ruthen kommen bei Mahler
1054 1755 1981 1810 sehen und aufgenommen wurde. Er, den das Urtei
2019 1779 2954 1834 schon in früheren Symphonien vor, werden aber
1054 1803 1990 1857 der Verständigen längst zum Generalmusikdirektor
2014 1822 2950 1867 nun, wie es scheint, nicht mehr programmatisch son¬
1050 1848 2954 1921 Oesterreichs ernannt hat, bildet als der Erste unter dern rein koloristisch angewendet. Auch ein solistisch
1050 1888 2954 1950 den deutschen Musikern aus Böhmen — ohne es hervortretendes Tenor=Horn verdient als ein apar¬
1062 1933 2950 2014 selbst zu wollen — ein Politikum. Und doch ist die tes Kunstmittel gebucht zu werden, der tausend geist¬
1057 1971 1983 2028 Macht seiner Persönlichkeit eine so zwingende, das
2016 1995 2945 2054 reichen, von einem unvergleichlichen Klangsinn er¬
1066 2019 1986 2066 sie sogar die strengen Scheidewände zwischen der
2009 2028 2698 2097 hörten Kombinationen zu geschweigen.
1054 2054 1983 2111 Nationen durchbricht und die tschechische Musikwel
2118 2052 2954 2123 Von den einzelnen Sätzen scheint mir der erste
1062 2104 1976 2154 sich zur Gefolgschaft bewegt. Während früher Sme
2007 2097 2945 2168 der kolossalste; der zweite der populärte, der vierte
1054 2147 1983 2199 tana und Dorak die Tonkunst in Böhmen repräsen¬
2009 2159 2957 2211 ein Leckerbissen, der fünfte endlich der gemeinhin
1057 2192 1983 2240 tierten, ist der Held der Ausstellungskonzerte dieses
2014 2204 2950 2252 wirksamste zu sein. Interessant sind sie alle, wie ihr
1057 2235 1983 2282 Sommers unstreitig unser Mahler gewesen, einfach
2014 2247 2945 2301 Schöpfer, in dessen Entwickelungsgange die Sympho¬
1054 2273 1981 2330 darum, weil die Andern ihm von ihren Lebenden
2009 2287 2952 2339 nie unstreitig eine wichtige Etappe bedeutet. Mahler,
1050 2323 1983 2392 heute keinen mehr als ebenbürtig an die Seite oder
2014 2335 2945 2392 der sonst durch das Ungeheure seines Wurfes auch
1052 2361 1525 2432 entgegen zu stellen haben.
2007 2377 2945 2434 denen imponierte, die ihn als Komponisten ablehn¬
1164 2396 1981 2463 Ueber die äußere Beschaffenheit der Sym¬
2009 2420 2945 2472 ten, ist in die Jahre künstlerischer Vollreise einge¬
1047 2444 1986 2510 phonie ist schon im Vorbericht das Nötigste gesagt
2012 2460 2950 2515 treten und hat seinen Maßstab endlich in sich ge¬
1057 2491 1983 2546 worden. Sie hat fünf Sätze und hier stock ich schon
2019 2503 2954 2558 funden. Das Konzentrierte seiner neuen Schaffens¬
1054 2536 1983 2586 Mahler, ist ja nicht der Erste, der die Zahl der
2014 2546 2954 2612 periode läßt die Geschlossenheit und Logik einer
1054 2579 1990 2629 Sätze vermehrt. Die alte, vierteilige Symphonie
2019 2594 2945 2639 Formengebung und Tonsprache nun umso deutlicher
1050 2629 1978 2677 war das Erzeugnis einer klugen künstlerischen Aus
2014 2636 2954 2688 hervortreten. Mahler hat Bewundernswürdigeres
1052 2662 1983 2719 lese unter den verschiedenen Möglichkeiten. Es er¬
2016 2681 2952 2731 geschrieben als diese Siebente, als er mit Quadern
1054 2710 1990 2767 schien zweckmäßig, den Komponisten von vornherein
2016 2722 2954 2781 musikalisch Fangball spielte und in verzückter In¬
1062 2762 2966 2812 zu verpflichten, die drei Haupttypen des Empfin¬ brunst seinen Preisgesang auf Gott und Welt an¬
1057 2800 1983 2843 dens: das kämpferische Allegro, das gesangvoll¬
2019 2805 2952 2860 stimmte und mit dem großen Pan auf Du und Du
1057 2843 2945 2898 Adagio, das rhythmische Scherzo zu durchmessen und verkehrte. Aber es ist nichts Duftigeres, Poetischeres
1057 2881 1981 2936 das Ganze mit dem Jubel des Finale zu bekrönen
2009 2890 2952 2940 in seiner Phantasie erblüht, als die zweite Notturne.
1062 2926 1988 2981 Ich persönlich vermute zwar, daß die Zukunft der
2019 2936 2945 2985 Der Romantiker, der Mahler in der Tiefe seines
1047 2971 2952 3035 drei sätzigen Form gehört, aber es soll uns daneben Herzens doch ist, spricht sich da so rein und unnach¬
1054 3012 1983 3059 auch jede andere recht sein, die sich selbst plausibe
2014 3016 2950 3064 ahmlich aus, daß die Bedenken, die man sich ange¬
1062 3057 1986 3106 zu machen weiß. Sollen wir aber nicht aus den
2019 3064 2954 3114 sichts mancher Momente seines Schaffens nicht ver¬
1057 3104 2950 3156 Bereich der Symphonie auf den Boden der Suite hehlen kann, vor diesem köstlichen, klingenden Ju¬
1057 3149 2954 3209 geraten, so muß ein geistiges Band die einzelnen viel verstummen. Schade, daß es bei der Aufführung
1057 3180 1988 3232 Sätze des Gesamtwerkes zusammenhalten. Leider
2016 3192 2940 3249 im hell erleuchteten Saal etwas von seiner süß¬
1054 3228 1983 3278 huldigt Mahler dem Prinzip des verhaltenen Pro¬
2014 3237 2954 3289 heimlichen Wirkung einbüßt. Bei der Generalprobe,
1057 3278 1986 3327 gramms. Wir erfahren nicht und müssen's bloß er¬
2014 3280 2954 3334 aus dem herrschenden Halbdunkel heraus war der
1054 3320 2954 3370 raten oder gedankenlos hinnehmen, warum auf die Eindruck noch suggestiver und intimer. Das wahr¬
1057 3358 1983 3403 marschmäßige „Nachtmusik" des zweiten Satzes ein
2019 3363 2950 3418 haft dämonische Scherzo aber hat mich eigentlich
1057 3401 2950 3453 düsteres Scherzo=Capriccio und dann wieder eine erst am Abend so recht gepackt, wie denn die Sym¬
1057 3448 2954 3496 „Nachtmusik" im Serenadencharakter folgt, wieso in phonie mit jedem neuen Hören in geradezu über¬
1057 3489 2950 3539 den zweiten und letzten Satz mit einemmale Herden raschender Weise gewinnt. Manches, was anfangs
1054 3529 2952 3589 glocken hineinbimmeln u. dgl. Ich verstehe, daß der banal zu klingen scheint, gewinnt später plötzlich
1057 3572 2950 3624 oft allzu buchstäbliche Gebrauch, den das Publikum den Charakter eines grotesk-gespenstischen, an E.
1057 3620 1988 3672 von detaillierten Programmen zu machen pflegt
2019 3622 2950 3676 T. A. Hoffmann gemahnenden Humors. Und was
1057 3662 2945 3717 einen Künstler wie Mahler zur Opposition reizt, man im Einzelnen an Mahler kritisch beklagen mag:
1064 3707 2950 3762 Aber er treibt uns aus dem Mißverständnis ins als Ganzes bleibt er eine bedeutende Erscheinung,
1064 3743 1981 3800 Unverständnis, wenn er sogar auf ganz kurz
2009 3748 2950 3814 die diesen begeistert, jenen empört und keinen gleich¬
1071 3790 1983 3845 Fingerzeige verzichtet, die uns Sinn und Zusam
2014 3790 2204 3857 giltig läßt.
1064 3833 1983 3907 menhang zwischen den einzelnen Teilen seine
2123 3810 2952 3881 Die vom Komponisten selbst mit faszinieren¬
1057 3871 1532 3938 Werkes andeuten könnten.
2014 3876 2950 3931 dem Temperament geleitete Symphonie wurde vor¬
1168 3921 2950 3971 Diese Schen ist doppelt unbegreiflich vortrefflich gespielt, nur in den Ecksätzen reichte der
1192 3962 2971 4030 Werke, das wie die Siebente vorzugsweise Alem und die Wucht des Blechs für die äußersten
