3392 4320
313 130 1178 268 13. Miscellaneous
1364 160 1844 268 box 44/10
925 1901 2002 1974 ein Dackel? Dieser Witz ist zwar viel besser als der
192 1880 862 1984 hr: „Das Phantom
925 1952 1989 2019 von den Apfeln: jedoch ein Spätling. Eine Nicht¬
201 1960 790 2048 ing im Künstlertheater.
931 1993 1836 2066 achtung, zu glauben, den kenne jemand nicht.
976 2043 1992 2104 Etwas gestuftere Gattung: „Die Männer sind alle
188 2064 866 2142 ährt in der Neigung fort, sich
928 2079 1988 2176 dumm. Besonders aber die Gescheiten". Jedoch schon
203 2116 861 2184 len . . . für das abendfüllende
924 2135 1898 2218 diese Reden mit „die Männer“, „die Frauen: -
924 2177 1910 2261 eine Nichtachtung. Unkameradschaftlich gehandelt.
197 2214 856 2279 eben ihre Fragen und Erwiderun¬
208 2265 858 2330 füreinander; zweitens nicht für
196 2320 860 2404 sondern drittens für dies abend¬
928 2322 1989 2395 Der Aristoteles fordert (mit Recht) im Lustspiel das
920 2381 1985 2456 rovno. Will sagen: Schmerzlosigkeit. Was den
197 2412 857 2483 während er seine Lampe niedrig¬
916 2429 1986 2495 Menschen da zustößt, soll keine schlimme Gefahr, kein
192 2472 860 2523 zudeckt und sein vorhandenes Licht
919 2481 1985 2567 ernstes Weh verhüllen — sonst hört nämlich der Spaß
185 2512 862 2571 wa niemand blenden läßt, murmelt
916 2522 1204 2587 auf. Stimmt.
189 2566 860 2625 p, was an uns liegt, wir brauchten
962 2558 1980 2653 Also hier wäre die Scylla. Die Charybdis jedoch,
189 2606 857 2662 zumachen — das ist für die Leut.“
925 2619 1976 2695 scheint mir, gewinnt an Kraft, wenn (lieber und ver¬
186 2654 857 2742 or schade. Wir möchten mal ein
920 2674 1973 2746 ehrter Aristoteles) der Mangel an Gefahr übergroß
920 2721 1966 2787 wird. Wenn so gut wie nichts auf dem Spiel steht
182 2755 853 2827 sich gehandelt: Männer vom Bau
911 2754 1730 2838 Das trifft auf dieses ... heitere Werk zu.
182 2798 849 2870 usum delphinorum et delphinarum
958 2814 1977 2897 Ihr Anodynon, Aristoteles, in Ehren. In dem Lust¬
182 2854 848 2916 spektlosigkeit: wenn er, als ob wir
920 2862 1976 2936 spiel, das ich sah, bleibt jedoch die Furcht, eine junge
189 2897 849 2960 wären, „Mamchen" sagen läßt (zu
920 2916 1973 2976 Frau könne dem Gemahl entrissen und einem im¬
185 2944 846 3007 ster)... und auch sonst ohne Rück¬
913 2967 1970 3047 potenten Verführer folgen, so klein: daß man sich nach
181 2990 543 3057 werden unternimmt.
915 3007 1184 3073 Gefahr sehnt.
231 3035 850 3124 Wir sitzen dabei; kennen ihn.
948 3063 1974 3136 Alle merken bei der Frau ... wollte sagen: bei dem
905 3106 1966 3188 Frauchen von vornherein: sie ist ein gutartiges Ding
192 3125 849 3203 send kostet ein Cézannebild? Da
912 3167 1965 3244 von Huschekopf ein gleichgültiges Barsoi=Gehirn; ein
194 3187 845 3257 dort auf zwanzigtausend Mark.
912 3200 1215 3265 Wasliegtdaran.
176 3249 849 3325 chen äußert es. Was ist das,
942 3250 1662 3320 Die Gefahr ist sehr, aber sehr klein.
2087 1922 3121 1989 Kurz: einer der Fälle, wo das Anodynon... statt
2053 1956 2767 2037 ein Erfordernis ein Hindernis wird.
2086 2025 3108 2098 Wo der Gefahrmangel nicht mehr wünschenswert.
2052 2066 3113 2146 sondern bereits wegwünschenswert ist. Wo das lustige
2052 2123 3113 2190 Zünden... durch Schmerzlosigkeit nicht ermöglicht:
2051 2169 3106 2253 sondern durch übergroße Schmerzlosigkeit unmöglich
2048 2205 2304 2276 wird. Ecco.
2086 2265 3106 2345 Oder (um nicht gerüstet und kritisch, sondern deutsch
2039 2318 2811 2389 zu sprechen: der Fall ist jedem wurst.
2523 2383 2618 2457 III.
2080 2432 2556 2519 Ich komme zum Ethos.
2080 2495 3106 2573 Beim Schnitzler sind Hahnreie zwischendurch un¬
2040 2554 3104 2614 willig: weil der Verführer die Gattin zu leicht nahm.
2039 2595 3108 2668 Unwillig: weil der sie nicht lieb, sondern bloß gehabt
2044 2640 3101 2737 hat. Unwillig: weil ihr Wert vom Verführer zu
2043 2696 2594 2760 gering veranschlagt worden.
2094 2737 2559 2806 Schön. Mag zutreffen.
2080 2783 3101 2866 Bahr geht weiter. Der Gatte beim Bahr giftet sich
2040 2845 3100 2912 vollends, daß die Frau... des Verführers Gegenliebe
2044 2896 3100 2956 nicht fand. Bei Hermann Bahr zürnt ein Gatte:
2035 2944 3101 3019 wegen der Folgen des nicht eingetretenen Geschlechts¬
2027 2982 2209 3041 verkehrs.
2075 3038 3098 3109 Er äußert gewissermaßen: „Wenn er sie genommen
2037 3081 2534 3143 hätte, wär ja alles gut!"
2079 3128 3092 3211 Dann ließe sich nämlich ein schlimmer Zahn mittels
2037 3173 3094 3251 Plombe wiederherstellen. Jetzt aber droht ein dauern¬
2028 3228 3094 3298 der Zahnschmerz; (weil das Kalb sich für verschmäht
2032 3279 2206 3357 erachtet).
