3392 4320
1273 218 1751 326 box 44/10
212 218 1092 346 13. Miscellaneous
1643 1247 1811 1317 on
739 1213 1623 1317 So fehlt jedoch anderseits nicht an
2664 1334 3306 1404 die in ihrer gräßlichen Wucht etwas
1636 1354 2641 1425 Asiaten vermischt, exquisite Abenteurer, mit der alten
605 1368 1613 1431 Teil der Bewohner ist bäuerisch. Bäuerisch im Leben und
1650 1391 3326 1465 Trauer der Nation drapirt, neben wüsten, stöhnenden Das andere ist der „Michael Gaißmay
601 1411 1623 1495 der Gesinnung. Die Menschen haben einen anderen Schlag,
1646 1445 3316 1515 Propheten, Nervöse bis zur Hysterie zwischen verthierten aus dem Tiroler Bauernkriege von 1
612 1465 1620 1536 unsere Gewohnheiten auch. Beide einen Stich in das Con¬
2671 1499 3316 1552 damals, als der Frevel der Herren zu
1646 1502 2638 1569 Idioten, alle Extreme der Welt beisammen, ein Ende der
612 1519 1613 1579 servative, dem Neuen und Ungewohnten feindselig und miß¬
2671 1536 3313 1603 Bauern und die Bürger sich einem b
1640 1552 2648 1616 Menschheit an das andere gebunden, dazu noch leise die
615 1572 1613 1623 trauisch gesinnt. Und doch kämpfen begreiflicherweise zwei
2668 1596 3306 1663 trauten, aber uneinig wurden, ihn u
1643 1599 2641 1667 dunklen Zeichen satanistischer Spuren — welche Contraste,
615 1616 1623 1683 Einflüsse gegeneinander: eben dieser schwerblütige baju¬
2675 1643 3296 1717 elend erlagen. Man mag Bedenken
1643 1656 2638 1717 welche Fülle, welche Farben! Oder warum greift Niemand
605 1667 1620 1724 varische Grundcharakter gegen den leichten Geist der Jahr¬
2668 1690 3303 1754 rührende Gestalt einer tragischen
1646 1704 2641 1764 in das politische Leben? Wir fühlen Alle, vor einer Ent¬
615 1717 1613 1801 hundertneige, dessen Träger sich in einer Stadt von sechzig¬
2675 1744 3313 1808 „dramatisch“ ist, aber er ist ja auch ge
1650 1747 2641 1821 scheidung zu sein. Wird Niemand sagen, was wir gelitten,
615 1771 1341 1835 tausend Einwohnern doch finden müssen."
2675 1794 3313 1851 Held des Dramas ist nicht der Gaißn
1650 1804 2641 1865 wie wir gerungen haben, Niemand die Angst der Ver¬
719 1804 1623 1885 Dies ist das Programm der jungen Leute, die sich
2668 1841 3306 1905 Volk selbst, das ganze Tiroler Volk
1643 1851 2641 1922 zagenden, das Vertrauen der Hoffenden, Niemand dieser
615 1882 1623 1939 seit ein paar Jahren jetzt in unseren Provinzen mit Unge¬
2675 1895 3313 1959 Gewalt des hinreißenden Stückes aus
1646 1905 2641 1969 ungeheuren Kampf um die Form unseres ganzen Dasein
612 1919 1623 1986 stüm regen. Wie sollen wir uns nun zu ihren Forderungen
2675 1942 3313 2006 gleichsam mit klopfendem Herzen da¬
1660 1952 2648 2023 schildern, ob das Vaterland zum Alten umgewendet oder
615 1976 1620 2036 verhalten, wir in der großen Stadt? Ich denke, wir werden
2668 1989 3313 2066 Volk entsteht und wie ein Volk vergeh
1646 2006 2641 2066 neu aufgerichtet werden soll? Unbetretenes überall, mar
615 2033 1626 2087 ihnen zustimmen dürfen. Ein al, weil wir ja in der That
2675 2043 3316 2100 der Einzelne aus seinen Interessen
1653 2056 2648 2117 kann nicht über die Gasse, ohne einem Roman zu begegnen,
615 2073 1626 2140 von einer österreichischen Literatur doch so lange nicht reden
2675 2087 3320 2164 Ganzen getrieben wird, wie er außer
1646 2107 2644 2171 an jeder Ede packt uns ein unerlöster Stoff an — und wir
622 2120 1626 2184 können, als immer nur Wiene Gestalten gezeigt, Wiener
2675 2140 3310 2201 meine geräth, wie durch die Gefahr
1660 2154 2648 2221 Sind wir taub? Sind wir blind? Soll es von uns einmal
625 2174 1623 2241 Fragen gestellt, Wiener Stimm ingen gegeben werden. Aber
618 2191 3316 2281 auch, weil es uns selbst, denke ich, gut thun wird, Rivalen beißen, daß wir in unserer großen Stunde klein gewesen der Schrei des Einzelnen zur Stimm¬
2678 2238 3313 2315 Vielen plötzlich eine einzige ungeheure
1660 2251 2648 2318 sind? Sind wir so träge? Aber vielleicht ist es die Provinz
615 2278 1626 2345 auf den Fersen zu spüren; dann bücken wir vielleicht doch
2675 2288 3310 2359 waltige, fast heilige Figur des allge¬
1660 2302 2648 2396 die uns den Stoß geben wird; vielleicht rüttelt und raff
618 2325 1630 2376 einmal von unserer Manier auf, die schon fast zur leeren
2675 2345 3320 2412 aber dann auch, wie dem Einzelnen vor
1663 2355 2157 2433 sie uns doch endlich noch auf.
622 2365 1633 2439 Routine wird. Und endlich, weil es ja nicht mehr geht, daß
2678 2389 3306 2449 angst wird, wie er sich retten, wieder
1761 2369 2651 2463 Wenn wir uns jetzt vom Ganzen zu den Einzelnen
622 2423 1626 2486 wir uns ewig nur im alten Kreise derselben Stoffe, der¬
1663 2433 3316 2517 wenden, so sind die Tiroler zuerst zu nennen, vor Allen Volke, fort aus der Leidenschaft, for
622 2470 1630 2550 selben Töne drehen. Muß man sich denn nicht wundern,
1663 2486 3316 2567 Franz Kranewitter mit zwei Dramen, die wir nächstens und zu sich selbst, in sein elendes Lo¬
625 2523 1630 2591 was die Autoren des „jungen Wien“ Alles liegen lassen
1663 2540 3316 2614 im Deutschen Volkstheater sehen werden. Das eine, „Um die Würde des Volkes sich so schän
625 2570 1636 2641 das doch der größten Wirkungen sicher wäre? Gibt es denn
2681 2587 3316 2651 Haufens wieder verliert, niemals hat
1663 2597 2644 2675 Haus und Hof“, im Stoffe an den „Fuhrmann Henschel
625 2617 1633 2695 in Oesterreich wirklich nichts mehr als ewig das füße Mädel
1663 2624 3313 2715 erinnernd (es ist übrigens älter und schon 1895 in Inns¬ heftiger, schrecklicher und — ich zöge
625 2678 1636 2742 von Schnitzler, höchstens einmal in ein anderes Costüm ge¬
2678 2685 3320 2755 erhabener empfinden lassen. Und in
1660 2698 2654 2759 bruck aufgeführt worden), aber mächtiger und freier, stellt
632 2725 1636 2789 steckt, und jene reizend verruchte Welt des Theaters, von der
2681 2735 3316 2796 abstürzenden Tönen! Hier hören wii-
1660 2748 2658 2812 dar, wie ein Weib einen armen, von Begierden schwankenden
635 2765 1633 2839 ich nicht loskommen kann, und die paar sonderbaren Laute
2678 2779 3316 2843 die tiefsten Glocken unserer alten deut¬
1663 2796 2654 2863 Mann verdirbt. Eine „Tragödie der Ehr= und Herrsch¬
632 2816 1630 2873 einer äußersten, ja sublimen, aber schon fast kaum mehr
2685 2829 3313 2906 als ob das zuckende, donnernde, schna
1670 2843 2661 2916 sucht hat man mit Recht gesagt, weil es seinen besonderen
635 2866 1640 2940 faßlichen Verfeinerung, die Hofmannsthal hat? Ist das
2685 2890 3011 2964 auferstanden wäre.
632 2896 2664 2984 unser ganzes Oesterreich? Dann heißt es aber, es sei Alles Fall sogleich ins Allgemeine hebt und das schlechte Weib so
2785 2903 3320 2990 Auch von seinem Freunde Ru¬
1663 2947 2661 3017 grandios anwachsen läßt, daß es zuletzt gar keine einzelne
642 2964 1640 3041 schon abgegriffen und verbraucht und kein unbetretener Weg
1667 2984 3316 3091 Person mehr, sondern wie der böse Instinct selbst ist, das wir heuer ein Stück, das „Weihnachts¬
638 3014 1643 3084 mehr zu finden! Warum macht sich Niemand an den gali¬
1667 3041 2664 3108 in uns waltende Verderben. Dabei läßt es das Schicksal
2762 3037 3115 3115 *) Berlin bei S. Fischer.
638 3061 1636 3135 zischen Roman? Diese ritterlich verlumpten Typen eleganten
2759 3068 3202 3175 *) Leipzig, bei August Schule,
638 3095 2678 3212 Bettler, die höchste Cultur im tiefsten Elend, Pariser unter mit einer fast feierlichen Ruhe über die Menschen schreiten,
