3344 4320
210 283 1075 392 13. Miscellaneous
1252 279 1741 389 box 44/10
1373 1263 1802 1358 RASSENA MODERNA
2247 1295 2332 1367 155
835 1367 2329 1494 svaniva all incalzare della ingenua confessione di lei, che sicura della cecità
828 1421 1996 1505 del marito, si mostraua pronta a tradirlo una seconda volta.
915 1466 2319 1570 I Morti tacciono. Oh si pensaua la donna che nella passeggiata a sera
830 1514 2314 1613 inoltrata, insieme all amante, era miraculosamente scampata al pericolo di
833 1562 2314 1665 venir schiacciata dal rovesciarsi della vettura in cui essi sedevano abbracciati,
826 1594 2314 1696 come pur troppo era accaduto a lui: o si i morti tacciono! Egli non potrà
822 1659 2314 1756 mai più rimproverarmi la mia vigliaccheria, il mio abbandono in questo ter¬
822 1706 2306 1804 ribile momento; egli non potrà vendicarsi dicendo agli indifferenti, ai curiosi,
824 1763 2314 1847 alla giustizia il nostro segreto. Egli è ben morto, i morti tacciono, ed io sono
824 1791 947 1849 salva
898 1814 2305 1944 Come liberata da un incubo ella correva nella notte, ella si dirigera im¬
818 1884 2305 1981 memore verso la sua casa ove il marito ed il bimbo l'attendevano per la cena,
817 1931 2305 2029 Ella non imaginava che una forza irresistibile, la medesima forza fatale che
817 1988 2301 2087 aveva spinto Rascolnicow a confessare il suo delitto, la spingerebbe a raccon¬
820 2026 1605 2106 tare al marito la sua lugubre avventura.
895 2074 2288 2184 In tutti questi cinque brevi racconti si sente un po l'influenza del Mau¬
820 2119 2297 2217 passant. Se in quanto allo stile e alla forma essi non raggiungono l'eleganza
817 2178 2293 2278 degli squisiti bozzetti dell' autore di Bel Ami, non per questo difettano di grazia,
809 2213 1914 2319 di finezza, di sobrietà; non per questo sono meno geniali.
2085 2407 2217 2505 DORIS.
1650 2544 2351 2695 ne und alle
