3344 4352
2937 305 3261 393 Sinn österreichi¬
2345 316 2657 411 Artur Schnitzler
1192 313 2061 396 forschung außerordentlich Bedeutendes ge¬
2948 382 3261 433 Österreichs Gren
1203 364 2919 443 leistet hat. Seine Geschichtswerke sind in ihrer ist unbestritten der österreichische Dichter
516 309 1174 469 und 10.
1200 414 3261 513 klaren Disposition, in ihrer Fülle von Material der am stärksten die geistige Atmosphäre der achtung und Ver
1203 483 1963 556 Quellen von immerwährender Bedeutung.
2065 476 2926 527 Zeit vor dem Kriege dichterisch gestaltet hat
3101 480 3264 553 Profess.
305 469 1174 567 unum
2065 527 2926 603 Sein Werk ist im besten und im stärkster
2948 513 3264 611 berühmter Natu
1458 527 1799 622 Arnold Schönberg
2948 585 3192 647 Wissenschaft
1192 578 2065 669 gehört gleichfalls zu den österreichischen
2944 611 3261 702 Botanik verdank
1196 654 2057 702 Künstlern, die sich ihre Anerkennung erst er¬
1192 687 2050 756 kämpfen mußten. Im September 1925 folgte er
1200 745 2061 796 einem Ruf an die Berliner Akademie der
1192 778 2061 858 Künster als Nachfolger Busonis. Er ist heute
393 789 1101 861 ungebraucht, für 110-Volt-Wechselstrom
454 836 1040 905 preiswert zu verkaufen.
509 883 963 952 Anfr. unt. „Scando Nr. 87
567 923 931 974 a. d. Adm. d. Blattes
309 1054 1178 1109 österreichischen Architekten und hat einen Na¬
309 1101 1178 1156 men von höchster internationaler Geltung. Ver¬
313 1145 1181 1203 schiedene Ausstellungen, die Österreich im
316 1192 1185 1243 Auslande repräsentativ vertraten, wurden von
313 1232 1181 1283 Josef Hoffmann geschaffen. Hoffmann ist noch
316 1276 1185 1327 immer unermüdlich dabei, Neues zu gestalten
324 1327 1185 1381 und dem Ruhm der österreichischen Kunst zu
309 1363 462 1439 dienen.
585 1396 916 1479 Oskar Kokoschka
313 1443 1185 1530 beeinflußte die Malkunst der letzten zwei Jahr¬
313 1516 1185 1570 zehnte durch seine eigenmächtige, unerhört
316 1552 1185 1618 persönliche Malkunst. Er war, wie viele Öster¬
316 1603 1185 1654 reicher, sehr umstritten und gelangte vom Aus¬
320 1643 1189 1694 land her zu Ruhm und Ansehen. Schon im
324 1683 1185 1745 Kriege wurde er zum Professor der Dresdner
324 1730 1178 1785 Akademie ernannt. Seine Bilder hängen heut
316 1774 1185 1832 in den meisten staatlichen Galerien und in
331 1818 1189 1890 vielen Privatsammlungen des Kontinente und
2094 1759 3246 1919 Lebenslängliche Zwang
320 1868 516 1941 Amerika.
553 1890 971 1974 Prof. Oswald Redlich,
320 1945 1189 2025 Geschichtsgelehrter von hohem Rang, Präsident
2097 1901 3130 2057 den Mörder seiner
324 2010 1185 2072 der Österreichischen Akademie für Wissen
1210 2007 2068 2108 der repräsentative österreichische Musiker. Die
320 2050 1189 2116 schaften, Universitätsprofessor, der namentlich
1207 2068 2068 2130 bedeutendsten seiner Werke sind: „Gurre
2334 2054 3279 2156 Ein bestialischer Mord wegen ein
324 2101 1181 2181 auch im Institut für österreichische Geschichte
1203 2119 2065 2185 lieder, das Streichsextett „Verklärte Nacht“
2952 2130 3264 2203 auf dem andere
1203 2159 2076 2217 die Musik zu einem Drama „Die glückliche
2166 2134 2821 2243 Deshalb und
2963 2196 3272 2246 kenntliche Masse
1210 2206 2079 2268 Hand“, Streichquartette und die „Variationen
2595 2210 2912 2297 Rouen, 12. Juli.
3013 2236 3272 2297 Die Vermutun
1210 2250 1483 2337 für Orchester“.
349 2228 1170 2363 Rino-Programme
2134 2261 3268 2341 Vor den hiesigen Geschworenen steht heute rechnungsfähig
1483 2290 1796 2388 Karl Schönherr,
2086 2312 3268 2385 Jean Francis Bonnet, höherer Beamter bei des Gerichtes
662 2337 861 2385 von heute
342 2337 1181 2421 Die King-Programmtafel erscheint täglich. Annahme von
2090 2374 3261 2428 einer Versicherungsgesellschaft in Le Havre heißt es dort,
345 2341 2065 2446 Einschaltungen ausschließlich durch Annoncen-Expedition der Dichter des österreichischen Bauerntums
345 2406 3268 2505 Weiler & Co., Wien, VI., Mariahilferstr. 7. Tel. R 20-1-26, 27 der in „Glaube und Heimat“, der Glorie des und Bruder eines dortigen angesehenen Arztes, leicht erregar¬
2963 2457 3268 2512 gewissen Nach¬
1214 2457 2065 2534 Tiroler Heldenkampfes Bühnenform verlieh, E
2126 2465 2912 2537 unter der Anklage, seine Schwägerin, die
2959 2505 3264 2566 leide, aber von
2163 2515 2879 2584 Frau dieses Arztes, getötet zu haben.
327 2501 1189 2592 Burg-Kino, I. Opernring 19. Telephon B 20399
2959 2544 3272 2606 die in der me
360 2563 1189 2624 Der Monumental-Tonfilm: „Tarakanowa". Be¬
2086 2559 2937 2643 Und zwar mit den bloßen Händen erschlager
2959 2599 3272 2654 ziehen würde, k.
360 2606 883 2679 ginn 16, 18 und 9.10 Uhr.
2090 2628 2944 2679 und mit den Füßen zu Tode getreten zu
2992 2635 3235 2697 Erschütternd
353 2643 1196 2741 Gartenbau-Ton=Kino, I. Tel. R 21248: 5, 7, 9 Uhr.
2079 2672 2937 2737 haben. Nach Aussage des Gerichtsarztes war
2963 2672 3268 2744 sage des Bruder
349 2697 1149 2763 „Die excentrische Frau“ mit D. Mackaill.
2090 2704 2941 2766 der Kopf der Toten nach der fürchterlichen
2959 2723 3264 2788 seine Frau ver¬
2094 2759 2937 2810 Tat flach wie eine Brieftasche. Der Grund
324 2748 1196 2821 Kreuz-Kino, I. Wollzeile 17. Tel. R 24216: „Mo¬
2995 2770 3221 2839 „Es stimmt
360 2795 1207 2886 derne Verbrecher“ m. G. Bankroff u. „Das Lied
2086 2803 2937 2875 dieser Tat? Ein mehr als lächerlicher: Strei=
2959 2813 3264 2864 meine Frau von
356 2839 883 2901 des Sträflings" R. Bartelmes.
2094 2843 2512 2912 wegen eines Papageist
2963 2857 3261 2915 geheiratet habe.
2123 2861 2937 2955 Jean Franois Bonnet kam täglich ein¬
331 2879 1196 2955 Kruger-Kino, I. Krugerstraße 5. Tel. R 22-4-57
2963 2904 3268 2959 lang es, meine
2086 2915 2937 2977 82jährige Mutter besuchen, die bei ihren
364 2930 1189 3006 „Feindliche Väter, Lustspiel u. „Nuri d. Elefant
2966 2944 3275 2995 söhnen. Auch
2094 2966 2944 3021 Sohn, dem Arzt, wohnte. Auch am 18. Fe¬
2966 2984 3261 3039 neigung wenig¬
327 2970 1192 3064 Opern-Kino, I. Friedrichstr. 4 — Elisabethstr. 3
2086 3010 2937 3068 bruar d. J. erschien er zur gewohnten Stunde
2963 3024 3272 3075 Bis auf mehr od
367 3017 1192 3075 Tel. R 27147: Maurice Chevalier in
2094 3053 2944 3108 Doch an diesem Tage war der Papagei seiner
2970 3068 3264 3126 einandersetzung
371 3053 1196 3152 dem Ton- u. Sprechtfilm: „Das Lied von Paris
2086 3101 2944 3148 Schwägerin aus dem Käfig gekommen und
2966 3112 3261 3166 in ein ganze
371 3112 731 3181 Beginn 5, 7, 9 Uhr.
2083 3133 2944 3199 flatterte im Zimmer frei herum. Darüber
2963 3148 3268 3213 men. Meine Fr.
331 3122 1167 3221 Kino Schwarzenbergplatz. Telephon U 16165:
2094 3184 2944 3242 regte sich Bonnet sehr auf. Er stürzte sich
2966 3199 3275 3250 Jahre als äußer
364 3188 1203 3275 „Fürsten im Exil mit G. Manes, J. Catelaine.
2086 3221 2941 3286 auf das Tier und schlug darauf los. Seine
2963 3235 3268 3297 vollkommen gel¬
2090 3275 2944 3333 Schwägerin verwies ihm dieses Verhalten und
2963 3282 3228 3351 dreißig Jahre
385 3261 1112 3362 Tuchlauben Tonfilm-Theater
2097 3319 2941 3388 rief ihm zu, er soll das Tier in Ruhe lassen
2963 3319 3268 3391 Ehe, Hütte ich
418 3330 1207 3406 „Die fliegende Flotte mit Ramon Novarro.
2959 3370 3264 3428 mein Leben von
2126 3366 2912 3439 Es entstand ein Wortwechsel, im Verlaufe
949 3388 1200 3442 — II. Taborstr.
2959 3413 3246 3479 meines Bruder
2123 3424 2919 3475 dessen Jean Francis Bonnet von einem
345 3388 1203 3493 QUANKINT. 4.
2959 3457 3253 3511 daß sie in eine
2126 3461 2912 3540 solchen Wutanfall ergriffen wurde, daß es
371 3464 1203 3551 „Die exzentrische Frau“ und das große Bei¬
2963 3497 3261 3559 den mußte, wo
2152 3511 2875 3570 zu der bereits geschilderten Tat kam,
371 3508 941 3580 programm. Beginn 7 und 9 Uhr
2970 3540 3264 3602 Noch auf ihrem
920 3530 1203 3617 16, 18, 9 Uhr
2119 3544 2944 3624 Dies sind aber bloß die äußeren Umstände
327 3555 891 3642 Lustspieltheater, Tel. R 47570:
2963 3584 3232 3642 nach meiner
912 3599 1200 3657 Ton-Sprechelm
2086 3613 2944 3664 der Tat, denen natürlich tiefere, schon lange
2966 3624 3166 3697 Francis
389 3610 1196 3711 be in Eng¬
2090 3653 2948 3708 Jahre glimmende Gefühlsmotionen zugrunde
2995 3657 3268 3730 Eigenartiger
2097 3697 2937 3748 liegen. Jean Francis Bonnet stand mit seine
880 3690 1130 3751 Uraufführung
2970 3697 3264 3777 daß France Bor¬
811 3671 2072 3784 Der deutsche Ton und ist der Dichter, der menschlich und
1229 3733 2944 3817 psychologisch wahrhaftig den Lebenskreis Schwägerin auf sehr schlechtem Fuß, denn er
2963 3759 3253 3828 kannt gewesen
811 3773 1200 3824 Sprechen: „Oberleut
364 3697 709 3860 BUSC
803 3777 2941 3864 nant Rud“ (Der schöne, seiner Menschen meist aus dem kraftvollen Ge¬ war seinerzeit ein energischer Gegner der
2999 3802 3268 3864 „Ich sprach
811 3824 2937 3919 armo digolo) mit go blüt der Natur erfaßte und auf die Bühne Heirat seines Bruders. Sie war nämlich Schü=
2959 3835 3268 3900 Prozesse und
2097 3868 2941 3926 lerin des Konservatoriums in Lyon gewesen
2966 3882 3246 3944 Er war dama¬
811 3882 1359 3959 Sym. Beginn d. Vorst: stellte.
2090 3911 2941 3984 und wollte zum Theater. Er sprach von ihr nie
803 3926 1200 3995 5, 7, 9, Sonntag ab 2 Uhr
2963 3929 3261 3988 eingenommen,
2083 3959 2744 4024 anders als „diese Theaterperson
1330 3937 1974 4038 Professor Julius Wagner-Jauregg,
2966 3966 3261 4035 wenig streng hi¬
829 3977 1207 4046 II. Taborstraße 1—3.
2126 3969 2944 4053 Der Angeklagte will offenbar einen sehr zer
2966 4017 3206 4071 er wörtlich
1229 3998 2072 4078 Nobelpreisträger für Physiologie und Medizin
342 3988 1203 4093 Schweden-Kino, Tel. R 49060, A 47060
2094 4042 2944 4100 knirschten Eindruck machen. Seine unter
2959 4049 3264 4118 getötet hat, soll
662 4060 1203 4122 (Die falsche Zarentochter
1229 4064 2068 4122 Erhielt ihn für seine Entdeckung der there
385 4078 632 4126 „Tarakanowa
2097 4082 2864 4140 würfige Ausdrucksweise, sein Stottern
2995 4104 3246 4169 Nach seiner
385 4104 1207 4166 Prunktonfilm. Beg. 7, 9. Sonntag 5, 7, 9 Uhr
1225 4104 2079 4195 peutischen Bedeutung der Malaria-Impfung
2086 4126 2948 4188 Stammeln nehmen aber eher gegen ihn ein, weil
2973 4137 3097 4195 haben:
632 4151 1123 4202 VI. Gumpendorferstraße 63,
