3344 4352
203 253 361 360 13.
402 245 1065 360 Miscellaneous
1257 265 1722 357 box 44/10
1813 187 3011 235 ästhetische Ueberzeugung ebenso abgeht, wie völkische Ge¬
1821 229 3016 294 sinnung. Freilich kann man diese billigerweise nicht einmal
1812 280 3014 331 von ihnen verlangen, sind sie doch in jener entnervenden
1815 322 3012 386 und verflachenden Wiener Kaffeehaus=Umwelt aufgewachsen,
1815 363 3008 424 wo zwischen einer Tasse Mokka und einer Partie Billard die
1821 404 3002 466 schwierigsten politischen und literarischen Fragen im Hand
1818 459 3012 503 umdrehen erledigt zu werden pflegen. Dem Zuzuge aus dem
1815 495 3028 559 Süden verdanken wir denn auch nicht zuletzt die jämmer¬
1809 535 3006 594 lichen Zustände in dem Berliner Literatur= und Theater¬
1806 582 3005 634 getriebe, da uns die Nachfahren der großen Wiener Kultur¬
1803 625 1917 675 zeit,
1946 626 3005 689 die durch die Namen Grillparzer, Hamerling,
1806 672 3008 725 Anzengruber und Kürnberger gekennzeichnet wird, nur
1806 715 3005 768 noch die Schwächen dieser Zeit mitbrachten, die
1809 756 3011 814 Neigung zu pessimistischer Grübelei und tatenloser
1812 798 3008 853 Vielrednerei, zu leichtfertigem Lebensgenuß und oberflächlicher
1809 841 3008 896 Auffassung aller Pflichten. Zudem entstand durch diese Ueber¬
1815 887 3009 937 flutung eine gewisse Gemeinbürgschaft der Interessen des
1809 934 3005 992 Klüngels an der Spree und an der Donau, infolge deren die
1806 975 3008 1030 Wiener Journalisten= und Litteratursippe, die sich unter der
1812 1016 3006 1083 Firma „Concordia“ zu einem mächtigen Ringe zusammenge¬
1813 1074 3002 1134 schlossen hat, eine nicht minder einflußreiche Filiale in Berlin,
1812 1108 3014 1158 genannt „Verein Berliner Presse“ gründen konnte. Diese,
1803 1149 3008 1210 beiden Vereinigungen, die gleichzeitig die siebente Groß¬
1809 1195 3005 1254 macht, die kapitalistische Börsenpresse repräsentieren,
1806 1237 3005 1297 haben sich mit der Zeit zu einer so ausgedehnten
1809 1281 2999 1342 Tyrannei des deutschen Schrifttums und Theaters entwickelt,
1800 1320 3005 1379 daß sie sogar Schriftsteller von angesehenem Namen und fest¬
1815 1367 3005 1423 stehendem Rufe unter ihr Joch zwingen konnten. Am besten
1812 1414 3008 1467 läßt sich die Tributpflichtigkeit unserer literarischen
1812 1458 2691 1527 Größen bei den Festlichkeiten erkennen,
2750 1463 3006 1531 welche die
1809 1496 2510 1551 Wiener Concordia veranstaltet;
2697 1483 3005 1563 erweisen alle
1793 1548 3008 1620 Günstlinge der Mode, die Romane schreiben oder
1731 1656 2956 1717 Stücke aufführen lassen, dem allmächtigen Preßklungel ihre
1728 1714 2938 1771 Ehrbezeugung, indem sie einen Geistes splitter in Gestalt eines
1728 1761 2945 1816 Verschens zu der üblichen Damenspende beitragen. Selbst
1731 1807 2945 1854 Männer wie Wildenbruch und Rosegger, denen man ein
1728 1848 2939 1902 festeres Rückgrat zutrauen dürfte, fehlen da nicht; der hoch¬
1731 1891 2941 1949 begabte Detlev von Liliencron ist von diesem Einflusse ganz
1731 1937 2936 1985 niedergezogen, und Gustav Falke, Gerhart Hauptmann, bis
1731 1976 2933 2040 herab zu Blumenthal und Fulda sind die natürlichen Sterne
1728 2025 2927 2075 an diesem Himmel zweifelhafter Berühmtheit. Die Damen¬
1737 2069 2947 2121 spenden der Concordia werden späteren, hoffentlich besseren
1733 2112 2936 2165 Zeiten als ein bedeutsames Zeugnis für die heutige Verschlampung
1723 2155 2941 2216 der modernen Literatur und Preßverhältnisse erscheinen. Und
1734 2196 2944 2252 genau in derselben Weise wie die Concordia — man nennt
1731 2243 2942 2296 sie in Wien spöttisch anzüglich „Concordia“ — beeinflußt
1731 2287 2945 2339 der „Verein Berliner Presse“ das Schrifttum der deutschen
1734 2325 2933 2380 Reichshauptstadt. Beide Vereine arbeiten Hand in Hand,
1731 2374 2941 2427 und nur derjenige Schriftsteller, der von ihnen feierlich
1731 2418 2941 2478 emporgehoben wurde, findet in den Wiener und Berliner
1731 2459 2941 2516 „Weltblättern liebevolle Unterstützung und Förderung. Auch
1725 2513 2941 2558 die größeren Provinzstädte werden zu Generalagenturen dieser
1731 2552 2942 2627 Versicherungsgesellschaft auf Gegenseitigkeit gemacht; namentlich
1731 2596 2476 2654 durch die „Literarischen Gesellschaften"
1815 2625 2936 2691 Es versteht sich natürlich von selbst, daß hierzu nur jene
1737 2682 2936 2737 Literaten kommen, die sich das Wohlgefallen der betreffenden
1731 2724 2941 2775 Kreise erwerben, d. h. zur Fahne des Manchester=Liberalismus
1734 2770 2939 2824 schwören, Heinrich Heine für den größten deutschen Charakter
1731 2813 2938 2863 halten und vor allem gänzlich frei von Anwandlung eines
1746 2856 2936 2912 selbständigen Urteils über die Juden sind. Der Nachweis
1728 2901 2942 2956 der Circumcision ist die eindringlichste Empfehlung, aber er
1728 2942 2938 2999 ist nicht gerade unbedingt erforderlich; man nimmt auch
1731 2985 2941 3041 deutschgeborene Schriftsteller auf, sofern sie hübsch judenfromm
1737 3034 2947 3087 sind, und es wird ihnen für ihr Wohlverhalten von Herrn
1731 3076 2936 3128 Leo Leipziger der schöne Titel „Ehren=Gojim" kostenlos ver¬
1734 3116 2939 3179 lieben. Ist aber ein Mann der Feder beim Klügel einmal
1728 3163 2945 3218 aufgenommen als würdiges Mitglied, so darf er mit dem
1728 3209 2939 3264 Steinklopferhans von sich sagen. Mir kann nix geschehn!
1728 3249 2942 3302 Es wäre denn, er bekäme Anwandlungen von Abneigung gegen
1728 3297 2942 3348 Jüdisches, was ja in solcher Gesellschaft nicht ausgeschlossen
1737 3342 2933 3399 erscheint. Dann allerdings fliegt er prompt hinaus und wird
1734 3387 2930 3444 als Abtrünniger zeitlebens mit noch viel größerem Hasse ver¬
1743 3427 2942 3482 folgt als jene Arier, die gleich als Judenschene ins Leben
1728 3468 2938 3520 treten. Sonst aber kann er anstellen, was er will, immer
1728 3517 2924 3563 wieder findet er als Journalist oder Schriftsteller seine Ver¬
1737 3556 2936 3608 sorgung wie z. B. jener einstige Redaktör beim Berliner
1731 3602 2930 3645 denen Tausch Prozesse als
1728 3637 2939 3695 bezahlter Polizeispitzel entpuppte und jetzt wohlbestallter
1731 3684 2941 3726 Schriftleiter eines parteilosen Provinzblattes ist. Oder
1731 3726 2942 3782 wie Herr von Hofmannsthal, der sich in Wien
1734 3768 2807 3823 völlig unmöglich gemacht hat. Verschließen
1731 3805 2942 3867 ihm auch die Pforten des Burgtheaters, so feiert er doch in
1728 3857 2938 3907 Berlin frisch und fröhlich seine Auferstehung! Jetzt vergreift
1728 3904 2933 3948 er sich sogar am Heiligsten der Antike, indem er die Modern¬
1734 3947 2936 4003 sierung alter Dramenstoffe ungescheut vor aller Welt betreibt
1728 3994 2930 4043 und bei diesem blühenden Geschäft sogar öffentliche Gesell¬
1740 4035 2881 4116 schafter wie Beer Hofmann, Vollmöller und andere findet:
1967 4078 2622 4134 Wenn erst die Schande wird geboren.
1964 4126 2648 4172 wird sie heimlich zur Welt gebracht.
1964 4167 2595 4216 wächst sie aber und macht sich groß,
2205 4198 2563 4235 auch bei Tage blos,
