3344 4384
1638 240 2840 292 Talmitalente von der Konkordia, allein das gegnerische Lager
3047 237 3269 304 Von Fehde,
1638 280 2843 332 ist zu mächtig, als daß der einzelne dagegen ankämpfen
3047 292 3263 353 von schöner
1239 301 2843 393 X 44 könnte. Wolfgang Madera schildert in seinem Schauspiel
198 298 1071 411 13. Miscellaneous
3050 341 3266 414 von holder
1631 371 2837 417 „Helden der Feder“ zutreffend und packend die Wiener Presse¬
1607 414 2840 460 Theater= und Literaturverhältnisse, die Voreingenommenheit
2864 387 3290 475 singt Oelwein in sein
1625 454 3260 514 der Kritik und die lügenhafte Berichterstattung, wenn es gilt, nicht nachempfinden
1631 499 3013 551 den unliebsamen Neuling tot zu machen. Es ist außerordent¬ dichtes:
3089 514 3284 603 Träumend
1631 545 2831 600 lich bedauerlich unter diesen Verhältnissen, daß es nicht mög¬
1631 587 2840 633 lich war, das Kaiser-Jubiläums=Stadttheater als nationales
3092 590 3272 648 Flut und
1638 633 2840 685 Schauspielhaus zu erhalten. Die Schuld hieran trifft zunächst
3086 636 3281 706 Und in di
1631 673 2840 730 dessen ersten Direktor, Herrn Adam Müller=Guttenbrun, der
3086 682 3266 752 die gute,
1641 715 2843 770 schon vorher mit der Leitung des Raimund=Theaters einen
3083 734 3284 807 Wie ist
1625 758 2834 813 Mißerfolg erlitten hatte, dann aber auch gewisse Wiener Ver¬
1625 785 3287 880 hältnisse, welche in der Eigenart der Wiener Bevölkerung be¬ Oder wenn uns der
1634 843 2840 901 gründet sind. Für das ernste Drama ist nämlich in Wien
3010 855 3284 937 Geduld, es kom¬
1634 892 2837 947 nach wie vor die große Ueberlieferung des alten Burgtheaters
3007 919 3284 998 der deutschen
1625 941 2840 986 maßgebend, und wenn auch die künstlerischen Darbietungen in
1628 980 2843 1035 dem neuen Prunkbau Semper-Hasenauers lange nicht mehr
2937 980 3284 1059 Zudem ist Oel¬
1625 1001 3281 1093 auf der einstigen klassischen Höhe stehen, so geht der Wiener pellist, wovon besond
1625 1059 2840 1114 eben doch mit Vorliebe ins Burgtheater, wenn er für seine
2864 1087 3278 1151 schienenen vier Erzäh
1634 1111 2834 1184 klassische Bildung etwas tun will oder das Bedürfnis nach
2858 1129 3287 1202 wußten Klingel z. B.
1628 1151 2502 1208 einem literarischen Theaterabend empfindet.
2864 1175 3220 1227 Märtyrerin", der
1717 1181 2831 1257 Trotzdem sich leider auch in den Werken des jungen
2855 1224 3284 1297 husiasmus auf dem
1634 1227 2837 1303 Deutsch=Oesterreich unverkennbar ein Stillstand in der Fort¬
2937 1266 3226 1330 Im Gegensatz
1625 1291 2831 1342 entwicklung des deutschen Dramas zeigt, haben wir in letzter
2858 1300 3284 1379 Männlichkeit schweben
1628 1336 2831 1388 Zeit doch einige recht bedeutende Neuerscheinungen zu ver¬
2855 1361 3287 1421 Christel eine leise We
1631 1382 2831 1428 zeichnen, die es wohl verdienten, daß sich die reichsdeutsche
2855 1406 3287 1467 Dichter als echten Oe
1628 1424 2834 1470 Bühne ihrer annähme. Vor allem Wolfgang Maderas fünf¬
2858 1449 3284 1498 eine geradezu ergreife
1631 1473 2834 1519 aktige Tragödie „Ahasver“, in welcher das Problem des ewi¬
1625 1494 3287 1561 gen Juden so tief und erschöpfend behandelt wird, wie dies von sonniger Heiterk
2879 1531 3293 1598 azu ist er ein Meiste
1625 1552 2834 1607 vor ihm wohl noch keinem Dichter gelungen ist, der diesen
2858 1577 3296 1628 same Lust, O schei¬
1625 1601 2828 1653 beliebten, aber überaus spröden Stoff aufgegriffen hat. Ge¬
2864 1619 3293 1677 Stimmungszauber, de
1625 1644 2825 1695 danklich baut sich die Dichtung Maderas auf Schopenhauer¬
2861 1671 3290 1741 gleichen ist, an dem u
1634 1689 2828 1735 Philosophie auf, und Ahasver erscheint als der Typus der
2858 1714 3016 1787 fröstelt.
1619 1732 2837 1793 Menschheit aufgefaßt, welche, „inbrünstig nach Erlösung lech¬
2934 1750 3281 1823 Wenn ich nun
1625 1775 2834 1823 zend“, die Lebensbejahung verflucht und doch in ihr das Heil
1631 1799 3287 1866 sucht! Als Jesus unter der schweren Last des Kreuzes den deutendsten zeitgenö
2861 1854 3284 1902 Mundart, dessen präch
1628 1863 2828 1911 letzten Leidensweg nach Golgatha hinaufkeucht, da muß er
2858 1896 3281 1942 Empfinden aus jeder
1619 1905 2828 1957 am Hause Ahasvers vorbei. Dieser sitzt eben vor seinem
2858 1942 3296 1994 den Lyriker Franz Kar
1625 1945 2831 1997 Heim auf der Schwelle und träumt von den Wonnen der
2849 1978 3281 2033 „Das heimliche Läute
1616 1991 2828 2048 Brautnacht mit dem ihm am Tage vorher angetrauten heiß¬
2858 2024 3284 2079 steller Josef Puhm, so
1628 2030 2831 2085 geliebten Weibe, als sich der Heiland blutüberströmt mit der
1625 2070 3284 2131 flehenden Bitte an ihn wendet: „O rasten — dort — nur aufstrebende verheißun
2855 2106 3293 2158 haben, die sich sicher au
1628 2118 2831 2170 einen Augenblick.“ Aber Ahasver, ein „mitleidloser Sklave
2852 2155 3290 2207 ihr gebührende Beacht
1628 2164 2828 2219 des Genusses", weist den Kreuzträger mit harten Worten zu¬
2855 2192 3278 2274 ist in diesen Blättern
1628 2210 2828 2262 rück. Da zuckt ein Blitzstrahl hernieder, tötet das Weib Ahas¬
572 2195 1437 2292 Deutsch=österreichische
1625 2258 2831 2310 vers, und von den Lippen des Nazareners ertönt der schauer¬
1625 2298 2840 2359 liche Fluch, der den mitleidlosen Juden zum ewigen irdischen
429 2298 1571 2383 Schriftsteller der Gegenwart.
1625 2341 1981 2417 Leben verdammt:
1860 2356 2572 2456 Nie sei der Seele Frieden Dir gegönnt,
426 2380 1251 2532 von Josef Stolzing.
1863 2438 2520 2490 die Ruhe nie, die Edle köstlich lohnt,
1860 2472 2575 2548 nie sei Befreiung, nie Dir Trost zuteil,
493 2487 1610 2575 Wenn man in Deutschland von den zeitgenössischen
1860 2535 2572 2587 bis lautres Mitleid einstens Dich erlöst
390 2548 1519 2618 deutsch=österreichischen Schriftstellern liest oder hört
1863 2587 2581 2648 und selbstgewollte Reinheit Dich befreit!
396 2602 1610 2657 kann man selbst bei zünftigen Männern der Feder
399 2654 1607 2709 die Beobachtung machen, daß sie nur eine äußerst mangel¬
1711 2630 2834 2712 Dieser Fluch jagt Ahasver über die ganze Erde, und als
393 2697 1601 2749 hafte Kenntnis von ihnen besitzen. So läßt, um nur
1628 2700 2834 2758 er in einem kleinen deutschen Städtchen — die Tragödie spielt
396 2749 2831 2803 ein Beispiel anzuführen, die in der Reclamschen Universal= während des dreißigjährigen Krieges — das reine, keusche
399 2785 2846 2846 bibliothek erschienene Blütenlese „Moderne Lyrik“, unter Weib in Gestalt eines Bürgermädchens findet, welches ihn
393 2834 2834 2892 den 170 Dichtern, von denen Gedichte abgedruckt sind, durch die Liebe des Mitleidens in reiner platonischer Ehe er¬
399 2873 1601 2925 auch 30 Oesterreicher zu Worte kommen, aber neben Richard
1628 2879 2834 2934 lösen will, da bäumt sich in Ahasver die Lebensbejahung gegen
399 2922 1601 2971 Schaukal werden als bedeutende Lyriker folgende Namen be¬
1631 2919 2831 2971 solche Askese auf, und mit der Schwester der Gattin, der sinn¬
405 2962 1604 3013 sonders angeführt: Josef Adolf Bondy, Camille Hofmann,
1628 2965 2837 3022 lich veranlagten Eva, bricht er die Ehe. Von neuem erfüllt
408 3007 2831 3065 Paul Leppin, Stefan Zweig, Adolf Donath, Emil Faktor, sich der Fluch des Heilandes an ihm, von neuem peitscht ihn
402 3050 2837 3108 Paul Wertheimer, Hugo von Hofmannsthal, Felix Dörmann die Lebensgier von Ort zu Ort, von Genuß zu Genuß, aber
399 3092 2825 3156 und Hugo Salus. Fast alle diese „großen“ Dichter gehören nicht mehr die Erscheinung des Kreuzträgers scheucht ihm jetzt
402 3132 1601 3193 der semitischen Rasse an, vielleicht mit Ausnahme Schaukals
1628 3141 2828 3193 den Schlaf vom Lager, sondern das blutige Haupt seines
396 3184 2831 3245 Natürlich kann man aus dieser einseitigen Darstellung bezw. opferfreudigen Weibes, das er in den Abgrund hinunterstieß,
396 3223 2828 3284 absichtlichen Verdrehung der Wahrheit wohl kaum der alt, um ungehindert seiner sinnlichen Lust bei Eva nachgehen zu
396 3266 2828 3324 bewährten Leipziger Verlags=Buchhandlung einen Vorwurf können. — Mag auch der künstlerische Aufbau dieses Werkes
405 3318 2828 3376 machen, vielmehr muß einzig und allein Herrn Benzmann die hin und wieder einige Lücken aufweisen, so erkennt man doch,
405 3357 2828 3415 Schuld hierfür gegeben werden, dem seine Zugehörigkeit zu daß ein hochbegabter Dichter hierin die höchsten und letzten
396 3397 2834 3461 dem bereits sattsam gekennzeichneten Literaten=Klingel den Probleme der Menschheit dramatisch zu gestalten sucht. In
405 3442 2831 3497 Weg vorschreibt bei seiner Tätigkeit. Zufällig bekam ich eigenartiger, gedankenreicher Sprache werden da Ewigkeits¬
393 3482 2819 3540 dieser Tage auch die erste Nummer einer Zeitschrift perspektiven eröffnet, und turmhoch steht dieser „Ahasver"
402 3534 2822 3592 zu Gesicht, welche von Dr. Glossy und Alfred Freiherrn von über dem theatralischen Unfug den z. B. Schnitzler und Hof¬
399 3570 1601 3622 Berger, dem bei Kaiser Wilhelm in hoher Gunst stehenden
1628 3576 2822 3631 mannsthal treiben. Auch ein bedeutender Lyriker ist Madera,
402 3619 2825 3680 Direktor des Deutschen Schauspielhauses in Hamburg, seit und Gedichte wie „Karfreitag“, „Vor dem Gewitter", „Herbst¬
402 3668 2758 3719 anderthalb Jahren herausgegeben wird. Die „Oesterreichische abend im Kloster" sind wahre Perlen neudeutscher Lyrik.
393 3704 2831 3768 Rundschau", so betitelt sie sich, erwähnt gleichfalls nur Namen Alois Aegid Spitzner hat mit dem Renaissance=Spiel „Das
399 3753 2822 3805 aus der bewußten Gattung von Schriftstellern. Ein Aufsatz Lächeln der Tessa“ gleichfalls eine schöne Talentprobe abge¬
402 3789 2822 3853 „Lyrik“ von Dr. Übell hat folgende Einleitung: „In der Ge¬ legt, die noch Bedeutendes für die Zukunft erwarten läßt,
402 3835 1601 3899 schichte der deutschen Lyrik in Oesterreich wird es einmal
1625 3841 2828 3914 Das Stück wurde bei einer literarischen Mittagsvorstellung im
