3436 4256
314 125 1181 260 sans
1361 155 1845 260 bo 44/10
955 1343 2075 1450 Wir erhalten einen Aufruf, dem wir folgendes entnehmen.
897 1424 2152 1493 Die Unterzeichneten bieten die Hand zu einem Zusammenschluß aller
767 1446 2147 1544 derer, denen das Schaffen Frank Wedekinds wert erscheint, vor einer
777 1521 2147 1587 systematischen Berdrängung aus der Oeffentlichkeit bewahrt zu werden. Fran¬
770 1567 2150 1629 Wedekind hat durch sein Austreten auf der Bühne bewiesen, daß in manchen
772 1608 2147 1666 seiner dramatischen Arbeiten ein tieferer sittlicher Gehalt zu finden ist als es
760 1648 2152 1715 bei oberflächlicher Lektüre oder bei Wiedergabe der tragenden Rollen durch
763 1685 2150 1758 beliebige Berufsschauspieler den Anschein hat. Diesen Beweis zu erbringen, ist
772 1732 2143 1800 dem Dichter, soweit es seine von der Polizei verbotenen Dramen betrifft, ein¬
774 1777 2147 1844 für allemal unmöglich gemacht. Da er nicht mehr der Jüngste ist, kann es
770 1828 2147 1894 der Polizeibehörde ein Leichtes sein, eine Interpretation dieser Werke durch
765 1868 2143 1929 den Autor vollkommen zu verhindern. Das neuerdings in Königsberg i. Pr.
774 1913 2143 1976 erfolgte Verbot der Aufführung von „Frühlings Erwachen“, sowie die Tat¬
772 1960 2140 2025 sache, daß in München die Rezitation von „Tod und Teufel“, die früher er¬
761 2000 2143 2067 laubt war, verboten wurde, lassen befürchten, daß die Polizeibehörden ent¬
768 2049 2140 2108 schlossen sind, auch diejenigen Dramen Wedekinds allmählich von der Bühne
760 2096 2138 2150 zu verdrängen, die bis jetzt zur Aufführung freigegeben wurden. Die Unter¬
767 2145 2143 2196 zeichneten gehen von der Ueberzeugung aus, daß das dramatische Lebenswerk
763 2189 2143 2241 Wedelinds aus Wahrheitsliebe und Schönheitsverehrung hervorgegangen ist.
763 2229 2140 2286 Die Unterzeichneten bieten die Hand zur Wahrung dieses Werkes vor der ihm
760 2265 2140 2330 drohenden Erdrosselung durch Polizeigewalt, indem sie dem bald Fünfzigjährigen
763 2311 2138 2370 den Weg eben wollen, den er gehen muß, um sein Werk zur Geltung zu
760 2354 2135 2413 bringen. Die Freunde Wedekindscher Kunst werden daher gebeten, ihren Namen
765 2399 2135 2473 dem Verlagsbuchhändler Georg Müller in München, Josephplatz 7,
763 2441 1042 2497 bekanntzugeben.
756 2488 2135 2555 Hermann Bahr, Friedrich Basil, Michael Georg Conrad, Lovis Corints, Oskar
765 2534 2140 2603 Fried, Ludwig Ganghofer, Karl Hagemann, Max Halbe, Karl Henckell, Georg
758 2581 2133 2633 Hirth, Leopold Jeßner, Alfred Kerr, Artur Kutscher, Max Liebermann,
760 2617 2131 2676 Heinrich Mann, Thomas Mann, Gustav Meyrinck, Adolf Paul, Hans Pfitzner,
751 2670 2152 2730 Max Reinhardt, Wilhelm Rosenthal, Artur Schnitzler, Max Stevogt, I. G. Stell¬¬
1068 2711 1812 2764 berg, Richard Strauß, Felix Weingartner.
