3392 4352
991 129 1685 201 kannte seinerzeit ganz Berlin. Er schrieb
1734 121 2423 204 der den in molto de are
996 188 1672 255 verschiedene Lustspiele, die zahllose Auf¬
1734 201 2417 271 Autor, dem im Jahre 1929 der Goethe¬
1004 250 1674 307 führungen erlebten, und entzückte die Be¬
1744 245 2428 307 Preis zuerkannt wurde. Gegenwärtig
996 299 1672 359 wohner der Spreestadt durch seine lau¬
1734 299 2423 364 lenkt der Berliner Nervenarzt Alfred
996 353 1677 428 nigen „Stadtgeschichten“. Im 17. Jahr¬
1731 348 2415 431 Döblin durch seinen Roman „Berlin¬
2660 578 2913 653 Dr. J. Jörger,
402 568 895 645 Dr. O. Hinrichsen, Herisau,
2477 606 3106 681 Chefarzt an der kant. Irrenanstalt in
297 630 957 686 als Dramatiker unter dem Namen Otto
302 673 957 720 Hinnerk bekannt, hat sich als Dichter im
2474 673 3104 733 Chur, ist durch seine feinsinnigen Geschich¬
2565 710 3013 777 ten im Valserdialekt bekannt.
297 704 957 774 ganzen deutschen Sprachgebiet einen Namen
562 748 691 815 gemacht.
2482 864 3104 921 Alexanderplatz“ das allgemeine In¬
2485 908 3104 970 teresse auf sich. Den Stoff zu diesem
2482 965 3101 1017 Buch hat er aus seinem täglichen Er¬
289 944 978 1027 hundert lebte in Hamburg der Arzt Paul
2482 1009 3101 1068 leben, aus seiner Umgebung geschöpft.
292 1019 975 1078 Fleming, von dem sich einige geistliche
2482 1068 3104 1117 In diesem prachtvollen Epos ertönt
286 1071 970 1130 Lieder bis auf unsere Tage lebendig er¬
2477 1117 3099 1171 das Getöse der Millionenstadt, und
292 1117 975 1176 halten haben. Wie Fleming gehörte auch
2474 1166 3104 1223 in der Melodie eines Stadtteils ver¬
292 1171 986 1226 Angelus Silesius der sog. „Schlesischen
2474 1213 3104 1275 nimmt man zugleich die tosende Me¬
292 1218 978 1275 Dichterschule" an. Der Name ist ein
2482 1262 3101 1321 lodie unseres Zeitalters. Der Arzt
299 1272 980 1326 Pseudonym; der Dichter hieß Johann
2474 1313 3104 1375 Reinhart Goering debütierte vor eini¬
292 1316 978 1375 Scheffer. Er trat später zur katholischen
2487 1365 3104 1419 gen Jahren mit dem vielgenannten
297 1370 978 1434 Kirche über und wurde zum kaiserlichen
2487 1414 3104 1468 Drama „Seeschlacht". Julius Levin
289 1416 978 1473 Hofmedikus ernannt. Durch eine Samm¬
2482 1465 3106 1522 ist nicht nur Arzt und Geigenbauer,
292 1465 975 1525 lung zweiteiliger Sprüche, die er unter
2482 1509 3106 1582 sondern auch der Autor der Romane
289 1517 978 1571 dem Titel „Der Cherubinische Wanders¬
2482 1563 3111 1620 „Zwei und der liebe Gott“ und „Das
289 1569 978 1631 mann publizierte, stellte er sich an die
2482 1618 3101 1669 Lächeln des Herrn von Golubice¬
292 1610 975 1677 Spitze der schlesischen Dichterschule. Ei¬
2482 1656 3106 1729 Golubicki". Der Berliner Zahnarzt
292 1664 975 1726 nige seiner Gedichte wurden durch Peter
2482 1703 3106 1772 und Dichter Otto Knabe kam neulich
292 1716 973 1767 Cornelius vertont. Unter den Mediziner¬
2482 1760 3106 1824 bei einem Flugzeugunglück ums Le¬
292 1765 973 1821 dichtern unserer Tage ragte Karl L.
2482 1809 3104 1865 ben. Als Filmdichter und Filmschau¬
289 1816 970 1876 Schleich hervor. Neben eigentlichen Dich¬
2490 1863 3106 1925 spieler erwarb sich Dr. Wolf, Zahn¬
292 1858 973 1930 tungen hat Schleich viele populärwissen¬
2485 1914 3104 1969 arzt in Berlin, einen geachteten Na¬
297 1912 978 1979 schaftliche Schriften ediert. Seine „Ewi¬
2490 1963 3109 2012 men. Wie wenige wissen, daß sich un¬
289 1961 975 2015 gen Alltäglichkeiten bewegen sich in den
2487 2012 3109 2064 ter dem Dichter-Pseudonym Alfred
289 2012 978 2069 Grenzgebieten menschlicher Erkenntnis,
2487 2061 3109 2116 Erich kein geringerer als der Frei¬
289 2064 983 2123 wo auch der exakte Forscher sich nur noch
2487 2108 3111 2172 burger Geheime Medizinalrat Prof.
289 2113 978 2172 von der Intuition leiten lassen kann. In
1045 2157 2423 2219 Der Zürcher Nervenarzt Dr. Charlot Straßer mit seiner Gattin. Charlot Straßer
2495 2162 3106 2219 Hoche verbirgt! Arzt ist auch der be¬
289 2162 978 2216 der „Weisheit der Freude hat er all
1171 2206 2288 2281 ist der bedeutendste unter den heutigen Arzt Dichtern der Schweiz.
2492 2206 3111 2263 rühmte Dichter Hans Carossa, dem
289 2214 978 2268 denen ein Brevier gegeben, die an die
2487 2252 3104 2317 die deutsche Prosa einige unvergäng¬
302 2263 978 2319 Heiligkeit des Lebens glauben und an
2492 2312 3122 2371 liche Meisterwerke verdankt. In dem
292 2309 975 2368 eine ewige geistige Jugend alles streben¬
1739 2353 3106 2412 Buch „Eine Kindheit" hat er die dunkeln Aengste und Verzückungen einer Kinder¬
297 2332 1680 2415 den Mensche ums. Die Maxime gipfelt in dem Wort: „Der Sinn des Lebens
1744 2410 3109 2469 seele, die noch in ungebrochener Liebe zur Natur und zu Gott lebt, dichterisch
299 2407 1680 2466 wäre ein Uns in, wenn es nicht auf Freude gestellt wäre. Gewaltige Verbreitung
1739 2459 3111 2516 gestaltet. Tiefergreifend hat Carossa zur Darstellung gebracht, wie ein werdender
299 2464 1677 2516 fanden des Dichter=Arztes „Lebenserinnerungen" (1859 bis 1919), die unter
1734 2510 3111 2567 Mensch die Herrschaft über die Dinge der umgebenden Welt erringt. Auch
289 2505 1672 2572 dem Titel „Besonnte Vergangenheit" erschienen und mit hinreißender Frische ge¬
1744 2557 3117 2616 seine „Verwandlungen einer Jugend“ werden die Wandlungen des literarischen
299 2559 1677 2619 schrieben sind. Ein Dichter von unendlichem Feinsinn war der Prager Arzt Hugo
1734 2611 3106 2670 Geschmacks und der Zeit überdauern. Der Arzt Volkmann-Leander ist der Ver¬
299 2606 1677 2673 Salus. Seine Novellen sind Meisterwerke der erzählenden Kunst. Der berühmte
299 2655 1677 2717 Schriftsteller Artur Schnitzler ist Frauenarzt in Wien. Auch Schönherr, der Autor
1734 2657 3106 2719 fasser der „Träumereien an französischen Kaminen", der Märchen „Vom unsicht¬
1734 2712 2745 2766 baren Königreich" und „Kleiner Geschichten und Gedichte"
289 2706 1662 2774 des vielgespielten Dramas „Der Weibsteufel“ und der Novellen „Die erste Beicht
2815 2714 3117 2779 Frankreich besitzt
1734 2763 3106 2823 in Georges Duhamel einen berühmten Dichter=Arzt. Duhamel richtete in seinen
297 2758 1682 2817 usw. ist von Beruf Arzt. Mediziner ist ferner der beliebte Schriftsteller Ludwig
1734 2812 3106 2864 Gedichten „Compagnons Appelle sozialen Gehaltes an die einzelnen mitkämpfen¬
304 2812 1682 2872 Finckh, der den „Rosendoktor“, „Rapunzel" usw. geschrieben hat. Augenarzt ist
1734 2859 3111 2918 den Menschen. Weltbekannt wurde er durch den Roman eines Militärarztes Vi¬
302 2859 1680 2918 der bekannte Autor Helmut Unger, dessen Romane „Passagiere", „Helfer der
1734 2910 3106 2962 Martyre. Jm Mercure de France » publizierte er « La possession du monde ». Be¬
299 2908 1682 2962 Menschheit" ebenso wie die Komödien „Mammon", „Die Insel der Affen" und
1739 2954 2064 3034 zeichnend für seine
2750 2959 3111 3037 Fortsetzung auf Seite 485
297 2954 1680 3019 die Bühnenspiele „Mutterlegende", „Liebesaffären“ und „Legende vom Tod“ all¬
1742 3785 3266 3831 Dr. Artur Zimmermann, Direktions- Dr. Hans Carossa, einer der Dr. Anton Noder, Berlin, is
1213 3787 1713 3836 Prof. Dr. Emil Burgi von der
160 3798 668 3849 Auch der beliebte Autor Frank
728 3790 1164 3839 Prof. Dr. med. Ch. Ladame,
1742 3826 3274 3870 sekretär des Gesundheitswesens des feinsinnigsten Vertreter des unter dem Namen A. de Nor¬
707 3824 1713 3880 Genf, veröffentlichte eine Dich, mediz. Fakultät der Universität
183 3834 637 3893 Thieß ist Medicus von Beruf.
1202 3857 3277 3929 Bern veröffentlichte einen Band Kantons Zürich, schrieb „Das Gold gegenwärtigen deutschen Schrift= als Novellist bekannt. Gegen¬
779 3867 1073 3924 tung Enfantines.
2797 3898 3271 3940 wärtig wird er viel genannt, da
1293 3898 1618 3942 entzückender Gedichte.
1742 3893 2270 3934 von Parpan", „Der Geiger von
2410 3898 2644 3971 tume, ist Arzt.
2799 3932 3277 3968 er in dem heißen Kampf um
1739 3929 2268 3978 Laufenburg“, „Der brave Räuber“
1316 3934 1612 3989 (Phot. Henn, Bern.)
2799 3960 3274 4007 Zeileis als Arzt seine ganze
1803 3960 2214 4027 und mundartliche Gedichte.
2799 3996 3277 4051 Kraft und Ueberzeugung für die
2820 4033 3246 4097 Gallspacher Methode einsetzt.
