3344 4352
221 265 382 359 13.
415 260 1056 336 Miscellaneous
1269 256 1744 362 box 44/10
931 1039 1621 1104 ihnen die Feinde der Versuchung
932 1082 1615 1152 als Mucker, Pietisten oder Kunst¬
931 1147 1616 1201 knebeler „brandmarkt, und sofort
937 1185 1608 1246 hat er das ganze Heer der ewig
932 1235 1618 1294 Gedankenlosen auf seiner Seite.
935 1280 1616 1334 Dem Terror vermögen sich nur
934 1335 1612 1393 wenige Entschlossene und Aufrechte
934 1376 1609 1448 zu entziehen; er ist so stark,
925 1421 1615 1491 daß selbst die Gerichte nicht wider
928 1477 1613 1547 den Stachel zu löken wagen. Einige
934 1526 1612 1583 Freisprechungen der letzten Monate
935 1583 1603 1636 sind verblüffend und niederdrückend
929 1625 1090 1690 zugleich.
974 1660 1606 1741 Dem milden Gesetz und den nach¬
932 1732 1612 1780 sichtigen Richtern noch überdies ein
934 1775 1609 1835 Schnippchen zu schlagen, sind die
931 1816 1606 1891 Privatdrucke, der Vertrieb porno¬
929 1873 1606 1939 graphischer Werke auf Subskription
929 1927 1606 1979 erfunden worden. Wessen Name
925 1971 1612 2035 in irgendeinem besseren Adreßbuch
928 2018 1609 2084 steht oder wen die Unternehmer
926 2063 1604 2129 in dringendem Verdacht der mit
922 2105 1606 2176 Geldbesitz verbundenen Liebhaberei
926 2164 1600 2215 für Unreinlichkeit haben, den über¬
926 2213 1610 2267 schütten sie mit ihren Einladungen.
920 2267 1606 2315 Fast durchweg wird Schund an¬
926 2323 1603 2366 geboten, an dem hervorragend nur
919 2362 1600 2415 die geforderten Preise sind: Mk. 15
929 2409 1600 2459 für das broschierte Buch, Mk. 20
929 2455 1601 2508 für das gebundene können als Nor¬
919 2511 1604 2565 malsätze gelten. So hübsche Profite
928 2549 1598 2619 springen bei dem Geschäft heraus,
923 2606 1603 2670 daß sich immer neue Kräfte hinein¬
923 2653 1600 2706 drängen. Nachdem man ein paar
920 2697 1604 2755 Jahre lang ausschließlich „vergrif¬
920 2755 1600 2806 fene Meisterwerke in Neudrucken
917 2792 1597 2855 angepriesen hat, ist man jetzt dabei,
914 2854 1594 2899 nicht veröffentlichte Manuskripte
914 2896 1597 2948 von Wilde, Maupassant, Musset
914 2948 1594 3004 und anderen herauszugeben. Wilde,
916 3002 1601 3053 Maupassant und Musset müssen's
914 3051 1594 3109 eben leiden; irgendein Strauchdieb
914 3095 1598 3141 bedient sich ihrer Firma, um seinen
914 3140 1594 3194 Unflat in tausend numerierten
913 3181 1591 3247 Exemplaren“ abzulagern. Die Aar¬
913 3240 1591 3301 ren, die auf den plumpen Köder
911 3283 1592 3341 anbeißen, verdienten ein vergnügtes
910 3334 1594 3411 Lachen, nichts mehr, wenn sie sich
911 3384 1591 3443 nicht fast durchweg zu den Ge¬
907 3427 1592 3496 bildeten, ja zu den Sachverständigen
929 3525 1263 3581 2. Juliheft 1908
1671 1038 2359 1115 zählten und ihre Neigung zum
1678 1091 2363 1154 Schmutz Bibliophilie nennten. Sie
1674 1153 2356 1212 verstärken das Heer der nichts als
1672 1196 2350 1255 aufgeklärten Kunstfreunde und tun,
1675 1252 2354 1320 was sie können, um die Verlotterung
1672 1293 1878 1353 zu fördern.
1717 1337 2353 1407 Der erotischen Dichtung, dem
1678 1396 2357 1443 Rosengewinde, das sich aus den
1668 1442 2356 1501 Tagen Salomos in unsre Zeit hin¬
1674 1491 2350 1548 überschlingt, kann nur ein ver¬
1675 1535 2347 1592 stiegener Eiferer zu nahe treten.
1674 1590 2356 1653 Jahrtausendelang hat die glänzende
1669 1638 2351 1690 und klare Tausende erfreut, und
1665 1688 2347 1746 nicht von ihr ist die Schlammflut
1666 1735 2350 1779 ausgegangen. Sie hat keinen An¬
1663 1780 2348 1838 laß, sich zu verkriechen und den
1672 1831 2344 1878 Weg der Subskription, des Ge¬
1671 1878 2344 1941 heimdruckes, zu beschreiten. Sie
1666 1932 2348 1986 protzt auch nicht mit Beschlagnah¬
1660 1983 2350 2041 mungen und gerichtlichen Freispre¬
1666 2026 2346 2089 chungen, und man findet sie nicht
1665 2077 2345 2136 in sämtlichen Witzblättern, neben
1665 2122 2341 2170 orientalischen Pillen und articles
1662 2171 2342 2232 de Paris, empfohlen. Schon dadurch
1663 2226 2343 2275 unterscheidet sie sich, selbst für den
1653 2280 2338 2330 Kurzsichtigen, von den Waren der
1653 2323 2341 2382 Unzuchtshändler. Es wäre so leicht
1654 2366 2341 2428 reiner Tisch zu machen. Nichts
1657 2423 2342 2474 mangelt als der Mut, gegen die
1663 2467 2341 2519 Geschäftsleute und die Spekulanten
1656 2515 2338 2571 vorzugehen. Seien wir doch sicher,
1653 2572 2341 2624 daß der wider sie geführte Schlag
1654 2611 2335 2671 keinen Poeten treffen wird. So
1654 2658 2335 2709 wenig eine dichterische oder künst¬
1653 2706 2338 2779 lerische Begabung geschädigt würde,
1657 2761 2335 2815 wenn die Polizei alle in den Papier¬
1659 2803 2335 2872 läden der Vorstädte ausgelegten Lie¬
1651 2858 2336 2905 besgeschichten von heute einstampfen
1656 2905 1754 2965 ließe.
1871 2907 2336 2968 Richard Nordhausen
1653 2981 2332 3053 Machtstaat, Rechtsstaat,
1651 3038 1965 3109 Kulturstaat
1690 3098 2335 3167 Martin Rade, der Heraus¬
1659 3163 2323 3209 geber der „Christlichen Welt“,
1651 3198 2326 3252 hat in einem kurzen Vortrage auf
1648 3242 2329 3308 dem deutschnationalen Friedenskon¬
1653 3301 2335 3356 greß in Jena versucht, diese drei
1648 3344 2329 3408 Staatsbegriffe herauszuarbeiten
1651 3398 2330 3449 gegen einen vierten, den des Na¬
1644 3442 2332 3507 tionalstaa So wie der Staat
