3392 4352
177 261 1037 404 13. Miscellaneous
1220 281 1655 394 box 44/6
490 1572 1199 1691 „OBSERVER
555 1673 1217 1738 1. österr. behördl. konzessioniertes
519 1725 1246 1790 Unternehmen für Zeitungs-Ausschnitte
623 1783 1142 1866 Wien I. Wollzeile 11
680 1850 1097 1916 Telephon R-23-0-43
610 1908 2129 2069 Tonfilm, Theater, Tanz, Wien September, 1563.
602 2043 907 2137 Die Kam¬
1092 2028 2617 2145 le (Direktion Kurt Robitschek) sollen von nun
610 2116 928 2192 an Bühne
985 2135 2632 2213 es Lachens“ heissen. Kurt Robitschek, der bekannte
612 2171 2703 2286 Textdichter, Librettist und erfolgreiche Direktor des Kabaretts
605 2241 2468 2312 der Komiker in Berlin, hat die neue Leitung dieser Bühne
615 2291 2533 2374 übernommen und beabsichtigt hier ein ganz neuartiges Genre
605 2351 2572 2429 zu pflegen: Parodien, Grotesken und kulturelle Satieren von
605 2393 2520 2492 künstlerischen Wert, Einakter von Schnitzler, Auernheimer,
599 2434 2697 2567 Felix Salten u. a., Kurzopern etc. Ein origineller Varieterahmen
602 2510 2525 2609 soll als aktuelle Ergänzung dienen. Die Eröffnung soll mit
605 2567 2583 2661 der schönen Galathe von Suppe erfolgen, die textlich von
599 2614 2658 2718 Kurt Robitschek und Paul Morgan, musikalisch von Wilhelm Gros¬
610 2679 2585 2770 umgestaltet wurde. Die Liedertexte stammen von Fritz Rotter.
599 2734 2575 2869 In den Hauptrollen wirken mit: Max Hansen, Paul Morgan, und
599 2783 1147 2890 Friedl Schuster.
