3344 4352
1177 342 1619 427 box 44/6
141 338 1003 427 13. Miscellaneous
134 1133 936 1266 „OBSERVER
223 1226 895 1307 I. österr. behördl. konzessioniertes
193 1274 925 1363 Unternehmen für Zeitungs-Ausschnitte
260 1333 854 1441 WIEN, I., WOLLEILE 11
345 1396 787 1467 TELEPHON R-23-0-43
152 1519 512 1634 Ausschnitt aus:
171 1768 290 1849 vom
587 1712 992 1916 .
227 1924 583 2043 Dan
1148 1939 3283 2024 gernder gewesen, der Selbstwiderspruch in Person zu müssen. Er hat einmal nicht unrichtig gesagt, Oberst
3153 2005 3287 2054 Tod
1192 1994 3123 2050 darum vielleicht echtester Deutscher. Indem er er habe „eigentlich stets dasselbe Buch geschrieben
360 2009 995 2091 der Belege.
2150 2046 3279 2091 bloß in verschiedenen Sprachen“. Dabei zwingt übera
1155 2046 2124 2091 sich aber stets rasch berichtigte, erkannte er das
2154 2083 3134 2132 er uns, mit seinen Augen zu sehen. Seine Ge¬
3153 2087 3279 2154 dauer¬
1151 2083 2135 2135 Unwandelbare in sich; indem er sich an nichts
145 2091 1125 2176 Zu seinem siebzigsten Geburtstag am 19. Juli
2158 2121 3138 2169 stalten sind von vollendeter Griffigkeit. Jede hat
1144 2124 2124 2180 band, blieb er durch alle Untreue an seine Ver¬
2154 2161 3127 2210 ihr ganz besonderes Stilgepräge. Immer ist es
453 2150 821 2232 Von Paul Witto.
1151 2169 2132 2225 gangenheiten treu seinem Selbst, seiner sich
2154 2199 3138 2269 ihm darum zu tun, so etwas wie den richtigen
1155 2202 1846 2265 ständig erneuernden Erlebniskraft.
201 2221 1133 2306 In allen deutschen Gauen kennt man Hermann
2150 2239 2744 2303 Tert des Lebens herzustellen.
1203 2221 2128 2291 Die Wandlung seiner politischen und künst¬
141 2247 1129 2347 Bahr als Vortragsmeister. Schon seine Erschei¬
1148 2273 2132 2336 lerischen Anschauungen führte den deutschnatio¬
2199 2277 3142 2355 Am wenigsten sympathisch von seinen Romanen
141 2317 1129 2366 nung fesselte: das monumentale, hochgestirnte
1151 2329 2135 2373 nalen Rechtsstudenten, der ein kleines Martyrium
2154 2329 3138 2384 ist „Die Hexe Druth", die etwas wie die Geschichte
149 2362 2132 2410 Kopfgebirge mit den suchenden, fragenden, immer durchmachte, zum Freischärler und Verfechter der
2154 2384 3127 2429 der Ursachen des Unterganges Altösterreichs zei¬
145 2395 1129 2444 nen sich zurechtfindenden Augen, der wallenden
1151 2407 2132 2451 französischen Dekadenz, zum Naturalismus, zur
2158 2418 3138 2462 gen möchte und in der es von unerfreulichen Er¬
149 2436 2124 2499 Mähne und dem lang herabfallenden Silberbarte. Neuromantik und zum Expressionismus, schließlich
2158 2455 3127 2507 scheinungen wimmelt. Am schwächsten ist „Der
1155 2481 2124 2533 zur rechten Sachlichkeit. Bis ihm auf seine
197 2484 1125 2533 Besonders gern erinnere ich mich eines Vor¬
2154 2499 3127 2540 inwendige Garten"; am anziehendsten, mitrei¬
149 2499 2124 2574 trages kurz vor dem Weltkriege, in dem er über Wanderschaft durch nahezu die gesamte Geistes
2154 2536 3134 2603 sendsten, neben dem Schauspielerroman „Die
141 2551 2124 2614 Wien sprechen wollte. Er gab auch wirklich eine welt nichts anderes mehr blieb, als, auf Tolstoi¬
2147 2577 3127 2622 Rahl“ und dem Künstlerroman „O Mensch!"
145 2600 2128 2655 anziehende Charakteristik des Wienertums. Kei- Wegen, fromm zu werden, bis er fand, daß es
2154 2611 3134 2659 Plauderbüchern von bestechender Liebenswürdig¬
145 2633 2128 2689 neswegs eine Lobeshymne. Er sagte damals von doch das allergescheiteste sei, Ruhe zu suchen in
2154 2652 3127 2700 keit und feinster Ironie, „Die Rotte Korah“. In
1155 2678 2124 2726 Vater aller Dinge. Und indem er seinen innerer
141 2681 1129 2730 den Wienern eine Menge unerfreulicher Dinge
2147 2696 3131 2748 diesem Buche trifft Bahr mit spitzen Pfeilen un¬
145 2718 2128 2770 sprach von ihrer Lässigkeit, ihrer Willensschwäche, Menschen wahrhaft kreuzigte, wurde er mit Got¬
2154 2733 3134 2782 zählige Male ins Schwarze. Es ist, mit seinem
145 2748 2128 2811 ihrem Dornröschenschlaf, ihrer Unternehmungs¬ tes Hilfe Herr aller äußeren Anfechtungen. Schon
2154 2770 3138 2822 letzten, doch schwächeren Roman „Oesterreich in
1159 2793 2124 2848 in jungen Jahren wollte er „die Kunst als da¬
141 2796 1125 2848 losigkeit, ihrem romantischen Dämmerungsmen
2154 2811 3127 2860 Ewigkeit", Bahrs wuchtigste Kritik der Zeitge¬
141 2826 2124 2889 schentum, ihrem ewigen Zeithaben, aber auch von gemeinsame Werk des ganzen Volkes betrieben
2154 2848 3123 2904 schichte, bittere Kritik aller Kräfte, die in Oester¬
141 2874 2124 2926 ihrer vornehmen Beschaulichkeit, ihrer gemüthaf= wissen, und zwar im Geiste der einzigen Ewigkeit
2150 2889 3127 2945 reich wie in Deutschland dafür sorgten, daß unser
1151 2915 2132 2967 nämlich des ewigen Wandels, in dem, wie alle
141 2926 1125 2975 ten Wärme. Er tat das in spöttelnd anmutigen
2147 2930 3131 2993 angestammtes Wesen verfälscht, zersplittert und
145 2952 1868 3008 und doch gleich darauf wieder wohlwollend lie= Natur, auch alle Kunst sich verjüngt.
2147 2967 2488 3038 zerrieben wurde.
145 3001 1129 3049 benswerter und heiter behaglicher Art, die von
1207 2986 2124 3064 Bahrs Romane haben mit dieser Dichtungsar
2199 3004 3134 3060 Manche seiner vielen Bühnenstücke, vor allen
141 3045 1129 3090 fern ein wenig an den alten Fontane erinnerte
1151 3042 2124 3097 im landläufigen Sinne wenig zu tun; sie haber
2154 3049 3134 3108 das anmutige Konzert", sind voll Glanz, Witz
145 3082 1129 3127 Bahr, dieser rechte Oesterreicher von wunder¬
1151 3082 2132 3134 den Ehrgeiz, keine Romane zu sein. Sie besitzen
2147 3097 3127 3146 und Gemüt und gesättigt von Leben, Beobachtung
141 3120 1125 3172 lichster Beweglichkeit des Geistes, vermittelte sei¬
1155 3123 2121 3172 keine spannende Handlung, gleichen dahinplät
2147 3138 3127 3190 und Erfahrung. Aber sie werfen zumeist nur sehr
141 3160 1129 3227 nen Hörern in einem anregenden Sammelsurium
1159 3164 2124 3216 schernden Sommerbächen, die Begebenheiten sind
2150 3175 3019 3235 geschickt Probleme auf, ohne je sie zu lösen.
145 3201 1129 3246 von Augenblickseindrücken das kennzeichnende
1151 3201 2132 3257 belanglos, nicht im mindesten erregend. Sie füh¬
2210 3216 3127 3276 Am höchsten steht er in seinen zahlreichen, ge¬
145 3238 2128 3287 Aroma der Wiener Stadt. Und plötzlich schauten en keine schweren Gedankengänge, geben keine
152 3264 3131 3324 seine Augen nicht mehr nach Wien, sondern zu den tüftelnde Psychologie, keine letzten geistigen Tie- haltvollen, stilschönen, wortmelodiösen Bekenntnis¬
2147 3309 3127 3361 büchern, von denen freilich die letzten, das vom
149 3324 1129 3368 Menschen vor ihm, als habe er wahrgenommen
1155 3316 2124 3372 fen; dafür aber den Anschauungsreichtum eines in
2150 3342 3131 3398 „Expressionismus", in dem er recht kurzweilig von
1151 3357 2124 3417 die Wesenheiten des Menschlichen, Allzumensch¬
145 3361 1129 3409 daß dieser und jener ihm mit Mißtrauen zuhöre
2150 3383 3131 3435 allem anderen, nur nicht vom Expressionismus
152 3394 2124 3446 Flugs wechselte er sein Thema und sagte: man lichen Blickenden, eine Fülle von Geschautem und
2147 3424 3134 3472 redet, und „Labyrinth der Gegenwart die meisten
145 3435 1125 3513 könne gewiß z. B. über Artur Schnitzler auch an
1159 3443 2121 3498 Erlebten, von gedanklichen Gesichtern. Sein reiz
2154 3465 3127 3509 früheren nicht voll erreichen, auch nicht die Tage¬
141 3476 2124 3524 ders urteilen als er, denn eigentlich habe doch voller Plauderton ist auf tönende Schönheit der
2150 3498 3131 3550 bücher. In ihnen gibt Bahr wohl am meisten von
1155 3524 2132 3573 Form gestellt. Er redet unermüdlich, weil er
149 3513 1129 3591 jeder recht, jeder einzelne für sich, von seinen
1159 3539 3127 3613 immer wieder von neuem hofft, sich doch endlich der Höhe und Klarheit seiner heutigen Weltbe¬
145 3561 501 3625 Standpunkte aus.
201 3573 2343 3654 Bahr ist jahrzehntelang ein Suchender, an einmal aussprechen zu können. Das ist ihm wohl trachtung.
2202 3602 3127 3688 „Haben wir uns erst wieder", sagt er im „La¬
156 3636 2128 3695 das Gefundene nie Gebundener, ein immer neu noch immer nicht ganz gelungen. Kein Wort sagt
152 3647 3138 3751 Werdender, Wachsender, sich über sich Hinausstei= ihm genug, darum meint er, vieles dreimal sagen byrinth der Gegenwart", „hüben und drüben, einer
