3392 4352
169 333 294 429 13.
1212 336 1629 421 box 44/6
357 339 1016 434 Miscellaneous
346 798 1506 886 folg und Geschäft gleichgültiger, gegen Angriffe abgehärteter
342 861 1501 929 wäre. Ich glaube sogar, im Grunde seines Herzens machen
343 910 1393 974 ihm seine Feinde mehr Vergnügen als ihr Gegenteil.
390 961 1507 1026 Ueberhaupt ist der private Bahr so ganz anders als das
346 1017 1503 1082 Bild, das die Legende von ihm gemalt hat. Nichts von Fan¬
346 1064 1506 1139 fare, nichts von Wirkung. „Der schweigende Dandy von Ber¬
349 1111 1507 1177 gamo", wie ihn Freund Hartleben einmal genannt hat, „steht
352 1159 1506 1227 sinnend und denkt, wie er heut sich schminkt!“ Der wirkliche
346 1208 1513 1266 Bahr denkt nicht daran, sich zu schminken, und steht nicht
349 1264 1512 1324 sinnend, so weit weg ist er vom Dandy wie München von
352 1303 1510 1369 Bergamo, völlig losgelöst von jeder Art von Eitelkeit und
349 1350 1507 1413 Selbstbesessenheit, der Bescheidenste in bezug auf die eigene
346 1403 1506 1459 Leistung und Geltung; und der Wahrste, von einer unbestech¬
349 1450 1516 1519 lichen Wahrheitsliebe im großen wie im kleinen, die nicht
349 1498 1514 1557 anders kann und die sich auch nicht die harmloseste Notlüge
343 1542 1513 1611 durchgehen lassen würde; von der strengsten Sachlichkeit; ganz
360 1598 1510 1660 frei von jeder Anwandlung eines Uebelwollens und bereit,
352 1636 1517 1716 jede Fasson zu sein, gelten zu lassen und ihr gerecht zu
343 1693 1519 1748 werden; und von einer wundervollen Weite und Freiheit der
360 1740 1525 1805 Anschauung. Wie einfach und wie posenlos! Wie unfeierlich
349 1789 1525 1859 und heiter! Wie ist dieser ewige Ueberwinder und Ver¬
349 1834 1529 1905 wandler sein ganzes reiches Leben lang der eigenen Natur,
352 1895 1519 1952 treu geblieben! Und welchen Frieden des Geistes hat der
357 1928 1531 2000 unermüdete Kämpfer, der wie ein Rempelfuchs in seine Zeit
357 1983 1519 2049 hineinbrach, sich schließlich erkämpft, ohne Konzession, ohne
357 2030 1353 2100 einen Fußbreit seines Wesens aufgegeben zu haben!
404 2084 1522 2145 Auch dieser Mensch wurde nur, was er immer schon war.
365 2122 1519 2198 Ich fand — ich habe nun einmal die Sympathie — schon
357 2192 1523 2251 dieses liebenswürdige Sein beglückend. Aber es ist ein
362 2229 1522 2305 Ruhmesblatt unserer Zeit, daß in ihr auch der vorbildlich
362 2294 1529 2383 goethische Prozeß dieses Werdens noch einmal möglich
357 2345 502 2404 wurde.
401 2369 1531 2452 Ich habe ihn, gestehe ich, in Stunden und Situationen
368 2436 1528 2501 gesehen, in denen auch der Stärkste schwach werden kann.
365 2484 1531 2543 Ich habe ihn als Autor auf Proben seiner Stücke und als
371 2531 1529 2593 Regisseur am Deutschen Theater gesehen. Er hat gehalten.
374 2578 1526 2642 Er ist nicht schwach und nicht nervös geworden. Als
362 2619 1531 2683 Regisseur im Kampfe mit den Schauspielern nicht, weil er
371 2669 1525 2738 die Ehrfurcht vor dem Begriffe des schauspielerischen Be¬
371 2722 1536 2785 rufes mitbringt, und als Autor nicht, weil ihm der „Aus¬
374 2774 1519 2840 gang", der Erfolg seiner Stücke im Grunde ziemlich gleich
368 2819 1535 2894 gültig ist. Ich habe in meiner Erfahrung keinen geduldigeren.
370 2869 1534 2928 einsichtigeren, nachgiebigeren Autor kennengelernt. In der
368 2914 1535 2973 Regel bleibt er den Proben, den Premieren seiner Stücke
371 2972 910 3041 bleibt er ausnahmslos fern.
412 3013 1535 3091 In einem sehr schönen Buche, das 1913 erschien und das
371 3071 1536 3129 in unserer Zeit der biographischen Monographien als
368 3117 1534 3177 geistesgeschichtliches Dokument nicht vergessen bleiben darf,
371 3176 1547 3231 hat Willi Handl das Werk und die Persönlichkeit des damals
377 3221 1544 3277 Fünfzigjährigen in einer vielleicht endgültigen Formulie¬
371 3259 1539 3331 rung beschrieben. Was in den folgenden Lebensjahren des
371 3309 1536 3375 „bedeutsam Beweglichen“ sich vollziehen sollte, hat Handl
374 3355 1534 3416 hellseherisch vorausgesagt: ein ohne Haß Einsam- und Still¬
374 3402 1539 3477 werden, die Heimkehr über Goethe und Gott zu sich selbst.
380 3452 1539 3515 „Das Beste aus seiner Jugend", sagt Handl, „hat sich in
374 3497 1536 3562 ihm und an ihm erhalten." Aus unserer Jugend,
380 3551 813 3631 möchte ich hinzufügen.
409 3669 1539 3741 Studienreise nach Südtirol und Venetien. Die
384 3719 1539 3779 Lessing=Hochschule, Berlin, veranstaltet vom 19. August bis
380 3777 1541 3811 10. September eine Studienreise nach den südlichen Alpen und Venetien.
383 3792 1536 3843 Die naturkundliche (geologisch=botanische) Leitung dieser Fahrt, bei der
386 3832 1536 3879 im Auto die interessantesten Talstrecken und Hochpässe der Dolomiten,
380 3865 1542 3912 der Trentiner Alpen und des Ortler=Gebietes befahren werden, hat
384 3902 1539 3951 Professor Gothan (Geologische Landesanstalt, Berlin) die kunst¬
383 3934 1545 3986 und kulturhistorische Führung durch Venedig und die venetianischen
386 3975 1074 4036 Städte Dr. Paul Zucker übernommen.
440 4113 1516 4244 Ich war Jack Mortimer
2622 1900 2713 1971 bar
2624 1959 2712 2016 eine
2627 2002 2715 2054 chei¬
1550 2008 1632 2065 Neig
2636 2040 2715 2094 all¬
1553 2050 1630 2107 tern
2618 2082 2709 2140 Auk¬
1554 2099 1644 2151 gem¬
2622 2129 2712 2190 llem
1550 2140 1641 2187 tion¬
2630 2176 2715 2225 über
1557 2182 1645 2238 aber
2628 2217 2710 2275 Riß¬
2636 2263 2716 2317 der
1553 2266 1649 2313 brau
1556 2300 2724 2374 Händen führen werden, von dem man ende
1558 2344 2320 2401 eingerissenen Gewohnheiten erwarten darf.
2057 2420 2228 2512 Paris
1600 2496 2715 2565 Im Schlosse Bonnell wurde der Nachlaß der Herzogin von Uze¬
1564 2558 2718 2606 versteigert. Die alte Dame, eine der markantesten Erscheinungen
1564 2600 2724 2656 der Pariser Gesellschaft, besaß die ganze Lebenskraft ihrer Familie,
1567 2644 2725 2694 die man schon in den Memoiren Casanovas findet; Reiterin bis
1570 2681 2724 2735 in das höchste Alter hinein, ironisch und gesellig auch in dem
1570 2725 2721 2781 letzten Leiden, verdiente sie wohl das Interesse, das die Pariser
1561 2769 2724 2823 Gesellschaft der zweitägigen Auktion entgegenbrachte. Die beiden
1567 2809 2721 2857 Tage lösten etwa 530 000 Fr., zwei Guachen des älteren Moreau
1567 2856 2721 2909 brachten 2700 Fr., ein Tafelklavier des 18. Jahrhunderts wurde
1567 2900 2725 2947 von einem Familienmitglied für 44850 Fr. erworben. Für einen
1564 2941 2727 3003 kleinen Lacksekretär mit Chinoiserien und der Signatur Dubuts
1576 2983 2724 3042 gab es 29 000 Fr., im ganzen doch nur eine bescheidene Nachlese
1570 3020 2724 3101 von den Schätzen des Geschlechts, das unter Ludwig dem Vier¬
1579 3268 2665 3368 Rundfunk, Nordlandmenschen
1614 3358 2735 3432 Ein Experiment unternahm der Deutschlandsender mit einer
1576 3421 2731 3481 Hörfolge „Nordlandmenschen". Aus Werken Knut Hamsuns
1582 3475 2732 3535 hat Hellmuth Unger kurze Episoden herausgegriffen und lose
1576 3516 2727 3576 aneinandergereiht, um aus ihnen die Besonderheit des nordischen
1576 3567 2731 3623 Menschen zu erweisen. Die großartig fürchterliche Szene des im
1576 3619 2737 3675 Moor versinkenden Fischers, dem Ane-Maria zuschaut und nicht
1580 3658 2732 3719 helfen will, aus „Landstreicher“ — wie Inger ihrem Isaak
1579 3711 2724 3770 die Kuh „Goldhorn“ ins Haus bringt und so überzeugend lügt,
1579 3763 2727 3816 daß sie ihr wirklich gehöre, aus „Segen der Erde — eine
1576 3810 2727 3876 zarte, nur angedeutete Liebessache aus „Angast Welt¬
1582 3852 2740 3914 umsegler“ — ein kleiner Hauch der sehnsüchtig glühenden
1588 3904 2735 3964 Stimmung aus „Pan“ (durch die Stimme Mathias Wiemanns
1588 3953 2740 4019 fühlbar gemacht) — so war ein wenig des Zärtlichen, Unbändigen,
1585 4068 2735 4140 schloß sie eine Wohnungstür auf. Auf dem Messingschild
1585 4131 1972 4201 las er: Dorfmeister.
1630 4171 2746 4231 Sie traten in einen Vorraum. Sie machte Licht, schloß die
1833 4228 2050 4292 ließ die
2454 4231 2552 4284 öffn
1622 4231 1792 4294 ab
