3436 4352
222 244 373 355 13.
411 248 1069 371 sans
1255 248 1677 359 bo 447
671 671 988 750 „Der Stürmer"
2452 673 2610 759 Seite
1879 825 2242 948 -
1272 831 1736 958 .
1250 902 1766 1017 -
2212 951 2288 1044 .
248 1405 1408 1477 für Vater- und Gartenmörder herum, sofern diese dem aus
1476 1414 2656 1499 Volkswirtschafter des „Tag; er schreibt auch unter dem
240 1471 804 1538 erwählten Volke angehören.
1471 1471 1859 1528 Kennwort „Lucian".
1559 1504 2653 1585 Zuletzt lassen wir den Emil Oplatka austreten. Eigentlich
284 1511 1421 1587 Dann kommt Redakteur Langstein, tschechischer Jude. Er
1476 1578 2650 1634 müßte er an erster Stelle erscheinen, denn er ist der eigent¬
237 1575 1423 1633 war früher beim „Neuen Wiener Tagblatt". Langstein ist
1468 1618 2653 1677 liche Herr der Canisiusgasse, dreifacher Verwaltungsrat der
240 1624 1414 1677 auch Herausgeber einer in deutscher Sprache aber in schechi¬
1477 1668 2651 1727 „Tag A. G.“, des Orbisverlags und der Vernay-Druckerei.
245 1672 1420 1736 schem Geiste erscheinenden Nachrichtenkorrespondenz, die sich
1480 1712 2650 1782 Prager Jude, Doppelgänger des ehemaligen Berliner Vize¬
243 1720 1424 1776 Transatlantic Radio nennt. Wenn eine Wiener
1480 1767 2648 1829 Polizeipräsidenten Isidor Weiß, der jetzt die Chinesen be¬
243 1772 1424 1857 Zeitung eine besondere Hetznachricht über das Deutsche Reich
1480 1811 2654 1875 glückt. Oplatka begann seine Karriere als Stenograph bei der
240 1826 1001 1893 bringt, so ist sie mit T. R. gezeichnet!
1468 1865 2657 1934 „Neuen Freien Presse“, während des Krieges drückte er sich
328 1856 1414 1939 Der nächste heißt Dr. Max Ermers, Jude und „Edel¬
1477 1915 2653 1967 im Kriegspressequari herum und gab mit seinem Gesin¬
232 1916 1421 1989 kommuniste. Sein Ressort sind Nachtkulkur, bolschewistische
1474 1959 2656 2014 nungenossen uner Amtsbruder Dr. Israel
232 1983 1417 2032 Kultur und seit neuesten Rassenfragen! Gerne besingt er
1477 2011 2653 2070 Waldmann (jurische Vertreter der „Tag A. G.“ ein
232 2026 1411 2087 den österreichischen Menschen", dieses „Rassenkonglomerat
1474 2064 2653 2128 vaterländisches Blatt heraus. Dann war er bei Dr. Karpeles
243 2082 1409 2131 „jeder von diesen vermutlich anders rassisch Zusammenge¬
1473 2113 2641 2174 beim „Neuen Tag. Als Benes sein in deutscher Sprache ge¬
245 2126 1417 2181 setzten, alpin, dinarisch, mediterran, nordisch, ostisch viel¬
1468 2155 2650 2223 schriebenes, tschechisches Hetzblatt „Prager Presse“ heraus¬
237 2172 1411 2230 leicht auch ein wenig asiatisch, immer aber ein ganzer Reprä¬
1468 2203 2653 2273 geben wollte, fand sich kein guter Deutscher, der die Zeitung
240 2227 1421 2289 sentant seiner geistigen und geographischen Heimat“. Folgt
1474 2261 2648 2328 schreiben wollte, dafür fanden sich aber zwei gute Juden.
232 2273 1414 2332 nun die Liste dieser „österreichischen Menschen": Sonnen¬
1477 2299 1862 2369 Hajek und Oplatka.
247 2323 1420 2378 fels, Popper, Freud. Schnitzlerfmannstal. Altenberg,
1596 2331 2650 2419 Genug damit. Taguden abtreten. Jetzt kommen eure
237 2369 1411 2436 Adler Hertzka. Steinbach, Unger, Lipiner, Wertel Wein¬
1468 2384 2319 2490 Kollegen von der „Stunde“ an die Reihe.
226 2416 1411 2484 ger, Mahler. Wie nicht anders zu erwarten, ist kein ein¬
1911 2452 2200 2527 Die „Stunde".
229 2465 1418 2536 ziger Brier darunter. Scheinbar bedeutet hier reichischer
1556 2486 2653 2572 Die „Stunde“ ist eine Gründung des ungarischen Juden
232 2517 1071 2601 Mensch nur eine Umschreibung für Jude!
1465 2561 2650 2626 Emerich Bekessy (recke Friedmann). Nach einem glo¬
316 2543 1409 2638 Ferner Oskar Maurus Fontana, rumänischer Jude und
1477 2610 2656 2668 sen Erpressungsandal, der zur Verurteilung des Verlags¬
232 2601 1417 2682 Marxist. Theaterkritiker und Stückelschreiber, Mitglied des
1468 2656 2647 2714 direktors Forda (Freund) führte, flüchtete Bekessy, der wie¬
232 2675 1408 2739 Pen=Klubs, auf dessen Initiative die deutschfeindliche Erklä¬
1468 2706 2653 2764 der zu den Budapester Fleischöpfen zurückkehrte. Im Jahre
229 2725 1418 2798 rung abgegeben wurde, die zu dem Exodus aller deutschen
1477 2753 2651 2813 1926 übernahmen die Annoncenfirmen M. Dukes und
1471 2805 2647 2867 Hasenstein & Vogler einerseits und die Vernay A. G. an¬
251 2835 1414 2906 Radio, Grammophone Elektro nur bei Gmeindl,
1467 2854 2650 2909 dererseits die Aktien, bis im Jahre 1927 die Uebernahme die¬
238 2869 361 2941 B
800 2887 1420 2941 4., Heumühlgasse 22 B 20=1=23
1477 2904 2651 2978 ses Anteils durch den Orbis=Verlag und die Zusammenlegung
660 2922 850 2960 .
1465 2947 1942 3028 mit dem Tag erfolgte.
240 2987 1414 3052 Mitglieder des österreichischen Sektors des Pen=Klubs
1857 2999 2248 3074 Der Chefredakteur.
237 3037 1331 3104 führte. Zurückgeblieben sind nur Juden und Marxisten.
1550 3046 2651 3117 Chefredakteur ist nach Bekessys Flucht ein Hofrat Dr.
313 3088 1414 3173 Die Ergänzung des „Redaktionsstabes, bilden Fred
1465 3101 2647 3166 Josef Wirth der angeblich kein Jude sein soll und früher
223 3114 1198 3201 Heller, Jude, Theaterkritiker und Stückeschreiber.
1465 3160 2644 3216 der Leiter der Amtlichen Nachrichtenstelle war. Ursprünglich
313 3185 1414 3268 Der J. W. Leitartikler, Julius Wilhelm, Jude und Mar¬
1468 3207 2650 3262 Salonkapellmeister und begeisterter Demokrat. Er trat ohne
1462 3261 2644 3315 materiellen Zwang — er bezog seinen Hofratsgehalt und hat
313 3283 1414 3363 Dr. Max Graf, Professor an der staatlichen Musik¬
1465 3304 2647 3363 eine sehr reiche Frau — in den Dienst des tschechischen
229 3352 1405 3403 akademie (!). Jude Marxist und Musikkritiker, der jeden alo¬
1468 3354 2647 3411 Außenministers. Trotz wiederholten Gehaltsabbaus bei den
226 3400 1408 3472 nalen Stumpfsinn eines Rassegenossen über das genialste
1462 3403 2637 3454 anderen Redakteuren bezieht er heute noch monatlich seine
232 3450 940 3514 Werk eines arischen Künstlers stellt.
1465 3451 2644 3515 S 2500.—, nebst Diäten. Seine eigentliche Karriere begann
311 3490 1414 3552 Dr. Alfred Rosenzweig, für ihn gilt dasselbe wie für
1462 3503 2634 3552 im Kriegspressequartier, wo er mit Gesinnungsgenossen, wie
223 3539 1412 3607 Graf, nur mit dem Unterschied, daß er noch nicht Professor
1465 3552 2637 3611 dem Hochgradfreimaurer und Sekretär des Internationalen
223 3595 1257 3669 an der Akademie ist, dafür ist er noch Kommunist.
1462 3601 2640 3654 Freimaurerverbandes Lenhoff, tätig war. Weitere Etappen
305 3639 1405 3698 Der aus Triest zugereiste Jude Rafael Hualla repräsen¬
1471 3651 2638 3701 seiner Laufbahn sind die österreichische Friedensdelegation in
232 3689 1406 3758 liert die junge Generation. Er verfaßt Kolportagen mit kri¬
1462 3698 2637 3758 Genf, der Vertrag von St. Germain und eine Sekretärin.
226 3746 824 3803 mineller oder erotischer Note.
1457 3743 2638 3799 Er ist in Prag sehr gut angeschrieben, seine Haupttätigkeit in
316 3786 1022 3848 Auch der Reporter Höniger ist Jude.
1457 3793 2640 3852 der „Stunde besteht in der Rolle eines Ersparungskommissärs.
316 3831 1405 3901 Der aus Graz zugereiste jüdische Reporter Seifert,
1462 3842 2644 3904 Als solcher setzte er sämtliche arischen Redakteure an die
223 3891 1402 3942 wurde vor einiger Zeit vom „Neuigkeits=Weltblatt“ über¬
1457 3892 2640 3963 Luft und stützt die Gehälter der übrigen von Jahr zu Jahr.
1457 3942 2291 4012 Er selbst behält seine Einkünfte ungekürzt.
223 3944 1411 4010 nommen, dessen Chefredakteur Kerschbaum mit Langstein
237 3990 1405 4046 (siehe oben) intim befreundet ist. So sind auch da zarte
1809 3993 2277 4059 Der Stab des Blattes:
229 4033 1031 4089 Bande mit Juda und Prag angeknüpft.
1539 4037 2634 4112 Dr. Marcus Siegelberg, verantwortlicher Redakteur,
312 4081 1414 4145 Erwähnenswert ist auch V. L. Ostry, Jude, Marxist und
1451 4083 2634 4176 Jude aus Luck in Polen. Als eingeschriebener Sozialdemo¬
