3344 4352
1223 262 1643 370 box 447
185 255 1037 365 13 les
446 882 1235 995 „OBSERVER
524 970 1182 1036 I. österr. behördl. konzessioniertes
495 1019 1207 1095 Unternehmen für Zeitungs-Ausschnitte
566 1065 1141 1164 WIEN, I., WOLLEILE 11
629 1137 1079 1195 TELEPHON -23-0-43
426 1250 791 1340 Ausschnitt aus:
413 1316 1135 1423 Salzburger Volksblatt,
769 1441 1071 1541 3.4.1934.
428 1471 557 1544 vom
398 1539 1250 1655 Hermann Bahr und seine Bi
636 1621 937 1703 bliothek.
431 1691 1165 1779 Dr. Ludwig Praehauser.
356 1773 1457 1864 Suchen wir deutsche, dänische oder skandinavische Dichtung,
297 1860 1459 1924 so werden wir beinahe alle markanten Erzähler und Drama¬
283 1907 1456 1964 tiker finden: Ibsen, Strindberg, Björnson, Hermann Bang,
291 1956 1460 2020 J. V. Jensen, Jacobsen, dann die Führer des deutschen
283 1998 1453 2070 Naturalismus Michel Georg Conrad, Arno Holz, Johannes
291 2049 1459 2110 Schlaf, dann den Friedrichshagener Kreis um Wilhelm
286 2101 1459 2152 Bölsche, Bruno Wille, Julius und Heinrich Hart, weiters
294 2147 1459 2208 Gerhart Hauptmann, Frank Wedekind, Herbert Eulenberg,
282 2208 1460 2263 Schnitzler, Schönherr, Werfel, Wildgans, Thomas und Hein¬
283 2245 1459 2298 rich Mann, Stephan Zweig, aber auch Dichter wie Hermann
294 2296 1456 2357 Hesse, Hermann Stehr, Kolbenhayer, Riccarda Huch, Handel¬
283 2342 1456 2400 Mazzeti, die geschichtlich oder psychologisch die geistigen Per¬
286 2393 1456 2454 spektiven wieder erweitern und Dichter, die den Menschen
283 2438 1462 2491 wieder in verklärter Bedeutung erkennen und gestalten, in der
286 2485 1454 2549 Richtung eines überzeitlichen Mythos: Theodor Däubler und
286 2534 1456 2584 vor allem Stephan George. Wichtigste Vertreter des franzö¬
299 2585 1462 2643 sischen Naturalismus sind in der Bibliothek vorhanden:
282 2639 1462 2697 Maurice Barré, Jules Lemaitre, Zola, Anatole France,
294 2685 1459 2740 Stendhal=Beyle, Flaubert, Baudelaire, Maupassant, aber auch
294 2727 1459 2788 Spätere, wie Rolland, Claudel, Barbusse, Marcel Proust, die
294 2780 1456 2835 Vlamen André Gide, Verhaeren und der abseits Wandernde
283 2824 1453 2892 Maurice Maeterlinck. Wir können aber auch die Entwicklung
294 2874 1462 2938 zurückverfolgen über Murget, Rostand, Huysman, die Brüder
283 2925 1456 2981 Goncourt, Hippolyt Taine, Victor Hugo, ja zurück zu den
285 2974 1354 3056 klassischen Geistern Voltaire, Racine, Molière, Rabelais.
350 3023 1456 3087 Hier seien gleich andere ausländische Autoren der Biblio¬
286 3081 1454 3145 thek angeführt: von Engländern natürlich Shakespeare (über
294 3130 1459 3187 ihn auch die bekannte Werke von Brandl, Gundolf, Gustav
283 3177 1468 3244 Landauer, Georg Brandes), dann Milton, Walt Whitman,
291 3227 1459 3284 Ruskin, Emerson, außerdem noch manche neuere Autoren.
294 3271 1456 3333 Von Spaniern Cervantes, Calderon, beide auch in deutscher
286 3324 1462 3381 Übersetzung, Lope de Vega und der moderne Ortegay Gasset.
286 3372 1459 3434 Von Italienern Dante, Goldoni, Manzoni, auch in deutscher
294 3427 1459 3487 Übersetzung, darunter die vorzügliche Übertragung der
286 3466 1462 3534 Promessi sposi (die Verlobten) von Johanna Schuchter,
291 3519 1456 3577 weiters Fogazarro, D'Annunzio und die Werke des Philo¬
294 3576 763 3645 sophen Benedetto Croce.
350 3624 1459 3686 Die Kritik der Moderne ist in den schon genannten Fran¬
291 3677 1462 3738 zosen Lemaitre, Barrés vertreten, in leider noch zu wenigen
286 3722 1459 3780 Büchern des Stifters selber, dann in Kürenberger, Speidel,
294 3771 1469 3829 Alfred Kerr und Alfred Polgar. Bemerkt sei noch, daß, was
282 3820 1459 3883 in Buchbänden nicht vorhanden ist, meist in den Bänden der
283 3868 1460 3932 Zeitschriften „Freie Bühne" und „Neue Rundschau“ zu finden
283 3914 1481 3974 ist, die von ihren ersten Anfängen an wichtige Belege für die
286 3971 989 4036 deutsche Literaturentwicklung bieten.
1925 446 2692 533 „OBSERVER
2009 524 2666 587 1. österr. behördl. konzessioniertes
1982 562 2689 636 Unternehmen für Zeitungs-Ausschnitte
2041 629 2616 712 WIEN, I., WOLLEILE 11
2126 696 2569 745 TELEPHON R-23-0-43
1933 817 2284 891 Ausschnitt aus:
2242 966 2681 1094 3.1.1934
1943 1042 2067 1116 vom
1944 1135 2777 1241 * Berta Zuckerkandl. Die Schriftstellerin
1910 1214 2777 1272 Berta Zuckerkandl, eine Zierde des
1906 1265 2771 1325 Wiener Gesellschaftslebens, dort, wo es sich
1913 1311 2776 1359 in erhöhter Geistigkeit entfaltet, ist nunmehr
1916 1353 2780 1408 siebzig Jahre alt geworden. Ihre vielen
1915 1404 2779 1456 Freunde aus der Kunstwelt und aus dem
1910 1441 2783 1490 Kreis der Literatur haben es sich nicht nehmen
1913 1487 2783 1533 lassen, diese bedeutende Frau anläßlich des
1922 1530 2780 1578 festlichen Datums zu feiern, auch auf die
1913 1570 2780 1620 Gefahr hin, vom Geburtstagskind eine Rüge
1919 1617 2783 1670 zu erhalten. Berta Zuckerkandl ist die Witwe
1916 1660 2779 1712 des unvergessenen Gelehrten Professor Emil
1922 1702 2780 1758 Zuckerkandl, der viele Jahre an der Wiener
1916 1749 2783 1798 Universität als Ordinarius für Anatomie
1916 1794 2780 1848 gewirkt hat. Als Tochter eines einst berühmten
1913 1834 2792 1889 Journalisten — Moritz Szeps — hat schon
1910 1880 2783 1930 die junge Dame an den Ereignissen des
1913 1922 2783 1980 Wiener Kunstlebens teilgenommen und früh
1916 1968 2780 2049 zu einem gereiften Urteil über Probleme der
1916 2010 2780 2071 bildenden Kunst und Literat sich durch¬
1915 2058 2780 2110 gekämpft. In ihren kritischen Aufsätzen, in
1919 2099 2786 2150 denen sie in kraftvollen, geradezu männlichem
1916 2144 2780 2196 Stil mit hinreißendem Temperament für
1916 2184 2780 2239 wirkliche Kunst und gegen Kitsch des Alltags
1913 2229 2786 2287 kämpfte, zeigte sich von allem Anfang an
1916 2277 2783 2324 eine farbige Eigenart der Darstellung und
1913 2320 2791 2374 eine hohe Kunst, die Form zu meistern. Vor
1913 2365 2780 2415 allem aber eine imponierende Ueberzeugungs¬
1913 2411 2786 2460 kraft. Berta Zuckerkandt hat als eine der
1916 2448 2783 2500 ersten Schriftstellerinnen Wiens für Klimt
1922 2497 2786 2546 und sein Werk die Feder geführt — zu einer
1922 2537 2789 2591 Zeit, als man noch mit höhnischem Zweifel
1922 2581 2785 2637 über Gegenwart und Zukunft des genialen
1922 2627 2789 2681 Künstlers sprach. In ihrem so interessanten
1922 2670 2786 2728 Heim hat diese geistvolle Frau, die so fesselnd
1919 2713 2813 2773 plaudern kann, die ganzen Jahrzehnte her
1910 2756 2798 2818 hervorragende Künstler, Dichter, Gelehrte,
1930 2806 2792 2874 Staatsmänner empfangen. Da traf man
1933 2861 2792 2916 Männer wie Klimt, Kolo Moser, Artur
1924 2911 2795 2974 Schnitzler, Hofmannsthal, Wildgans, den
1930 2953 2785 3007 Direktor Mahler und seine bedeutendsten
1936 2993 2786 3047 Mitarbeiter. Die Beziehungen ihrer Familie
2012 3041 2792 3092 die jüngere Schwester der Hofrätin
1938 3081 2786 3133 Zuckerkandl ist in Paris mit dem Ingenieur
1925 3129 2789 3178 Paul Clemenceau verheiratet, dem jungeren
1919 3172 2786 3224 Bruder des verstorbenen Ministerpräsi¬
1919 3214 2792 3265 denten —, kam sie oft nach der französischen
1919 3262 2792 3312 Hauptstadt und wurde dort heimisch. Sie hat
1913 3311 2795 3351 an der Schaffung wertvoller Beziehungen
1921 3350 2785 3402 zwischen den ersten Theatern Wiens und
1919 3391 2786 3445 Pariser Bühnendichtern bedeutendes Ver¬
1919 3428 2786 3482 dienst. Wie viele bedeutende Werke der be¬
1913 3476 2783 3525 kanntesten Pariser Autoren hat sie in meister¬
1913 3524 2786 3576 hafter Uebersetzung den Wiener Theatern zu¬
1916 3575 2786 3621 gänglich gemacht? Man braucht nur an
1916 3618 2783 3662 Lenormand zu denken, an Jules Romain, an
1910 3656 2780 3707 Alfred Savoir. Berta Zuckerland hätte längst
1907 3703 2780 3746 die Hände in den Schoß legen können, aber
1913 3741 2776 3791 immer von neuem treibt es sie zu geistiger
1907 3785 2777 3837 Arbeit, zum kritischen Kampf für alles, was
1916 3835 2774 3883 gut ist und fortschrittlich und doch nicht vor¬
1907 3871 2774 3928 wärtskommt. Da hilft sie dann mit ihrer
1913 3920 2776 3969 anzen leidenschaftlichen Streitkraft der guten
1916 3960 2774 4011 Sache weiter, womöglich ans Ziel. Solcher
1901 3996 2771 4053 Kampf aber erhält jung. Und darum ist dieses
1901 4047 2774 4099 kokeit weißhaarige Geburtstagskind viel jünger
1904 4090 2774 4166 als es der Kalender behauptet und wird's
1901 4130 2274 4193 noch lange bleiben!
