3344 4352
511 138 1294 256 „OBSERVER
605 214 1258 295 I. österr. behördl. konzessioniertes
575 265 1297 355 Unternehmen für Zeitungs-Ausschnitte
632 316 1219 412 WIEN, I., WOLLEILE 11
713 391 1152 445 TELEPHON R-23-0-43
514 496 873 602 Ausschnitt aus:
948 704 1546 873 Neues Wiener Journal, Wien
879 1011 2326 1216 Autogramm jäger 1877.
668 1237 2560 1339 Eine unbekannte Autographensammlung in Wien.
1838 1348 2542 1429 Trägst du nicht Rosen, so trägt Astern,
514 1357 1613 1429 Es scheint wirklich alles schon einmal dagewesen; denn
1841 1423 2575 1483 Sie finden wohl auch ihre Stelle im Kranz.
400 1420 1601 1483 wer geglaubt hat, die Truppe der Autogrammsammler, die jetzt
403 1474 1598 1525 alltäglich die Ringstraßenhotels auf ihrer Prominentenjagd um¬
1763 1456 2488 1553 d Bauernfereimt etwas schwierig:
406 1516 1601 1577 lager sei eine Erfindung von heute — der irrt sehr. Allerdings
1847 1525 2585 1595 „Wie hält der Frühling uns zum besten
409 1565 1601 1628 hoben wohl früher die Menschen die Unterschriften ihrer Mit¬
1853 1589 2582 1658 Mit seinem Putz von Blättern, Blüten;
406 1613 1607 1670 menschen nur auf, wenn sie mit ihnen zumindest in geistigem
1850 1631 2431 1679 Er will mit bitteren Lebensfesten
1844 1640 2497 1721 Das Weh des Herzens uns begüten."
400 1667 1601 1715 Kontakt standen. Es bestand ehemals doch mehr ein Zusammen¬
406 1712 1601 1763 hang zwischen den Sammlern und den Prominenten; auch
1730 1685 2813 1787 Man kann nicht alle die merkwürdige. Widmungen wieder¬
415 1760 1601 1811 spezialisierte man sich keineswegs nur auf die Stars der
1634 1739 2813 1829 geben, die sich in diesen Bänden finden; nur jener Brief sei noch
409 1805 1601 1865 Bühnen — Filmprominente gab es ja noch nicht —, sondern
1628 1808 2813 1874 abgedruckt, den am 26. Juni 1880 Josefine Gallmeyer aus Graz
403 1847 1604 1908 man suchte die Unterschriften geistiger Kapazitäten zu bekommen.
1628 1856 2807 1914 an Wilhelm Grünbaum, den Sammler dieser kostbaren Blätter
521 1902 1601 1962 Fritz Grünbaum, heute selbst einer, der um Autogramm¬
1634 1902 2816 1962 sandte. Es scheint sich darum gehandelt zu haben daß Grün¬
406 1953 2813 2010 angegangen wird, blättert gern und oft in den dicken Folianten, haum ein Bild von Willi Thaller haben wollte; denn die Gall¬
409 2001 1896 2058 die ihm sein Vater Wilhelm Grünbaum hinterlassen hat. Es meyer schrieb:
409 2043 1553 2097 muß ein kluger und überall beliebter Mann gewesen sein
1730 2037 2834 2115 „Herr Thaller ist so beschäftigt, außerdem ein bißchen
409 2094 1604 2151 genau wie sein Sohn auch; denn all die Autogramme, die er
1784 2094 2822 2154 und so habe ich mir erlaubt, Ihnen das gewünschte
415 2133 1601 2199 sich aufhob, tragen den persönlichen Stempel des Gebenden
1625 2145 2828 2205 Bild zu besorgen und anbei zu senden. H. Thaller befindet sich
409 2184 1610 2245 nichts ist nur aus Gefälligkeit in der großen Sammlung, die
1637 2190 2822 2254 sehr wohl — erfreut sich einer täglich sich mehrenden Belieb¬
409 2236 2813 2293 manche Kuriosität aufweist. Da ist gleich Richard Wagner, der und Beleibtheit — lernt unendlich fleißig und hat alle Aussicht
412 2284 1604 2365 sich sogar zu einem privaten Vers aufschwang und aus Bayreuth
1628 2287 2813 2344 daß sein wirklich schönes Talent in einigen wenigen Jahren
409 2332 635 2401 dies sandte.
1619 2335 2822 2401 auch in Wien gerechte Anerkennung finden wird. Ob er sich
641 2350 1348 2437 „In Brünn erlebt ich einst die Cholera,
1628 2377 2828 2437 auch sonst glücklich fühlt — kann ich leider nicht sagen — denn
632 2416 1384 2476 Das ist nun besser, da Herr Grünbaum da."
1631 2422 2831 2485 ich gehöre nicht zu den dummen verliebten Frauen — darüber
524 2461 1604 2533 Ja, Wilhelm Grünbaum lebte in Brünn und das Blatt
1634 2476 2825 2539 soll er Ihnen doch nächstens selbst schreiben. Da ich im Herbst
403 2506 1071 2585 trägt ein Datum des Jahres 1879.
1631 2524 2801 2578 nach dem „lieblichen Brünn“ — wie die Zeitungen sagen
518 2545 1601 2624 Natürlich stehen die Stars des Theaters an oberster Stelle
1631 2569 2825 2630 fahre, so hoffe ich das Vergnügen zu haben, Sie persönlich kennen zu
409 2615 1610 2672 wenn auch nicht immer sehr viel Geistreiches aus ihrer Feder
1634 2621 2828 2678 lernen, worauf ich mich sehr freue, da Wilhelm unendlich viel
409 2666 2828 2729 kam. Helene Wildbrandt schreibt aus Rostock, 1879, nur „Fleiß Liebes von Ihnen zu erzählen weiß. Bis dahin verbleibe ich
409 2717 2214 2771 ist die halbe Schauspielkunst" und Possart zitiert Schiller, wenn die Freundin Ihres Freundes.
2386 2720 2774 2777 Josefine Gallmeyer.
406 2756 1607 2813 er „Den Menschen macht sein Willen groß und klein" widmet
1733 2753 2819 2825 Es muß doch eine andere Zeit gewesen sein, in der diese
412 2810 2828 2870 Auch Katharina Schratt borgt einen Klassiker, nämlich Goethes Autogramme geschrieben und gesammelt wurden; denn sie sind
409 2849 1604 2915 „Egmont“ an, wenn sie mahnt: „Wenn ihr das Leben gar
1634 2858 2825 2918 so viel persönlicher und liebenswürdiger als die heutigen. Fritz
412 2903 2825 2964 ernsthaft nehmt — was ist dran?" Adele Sandrock erklärt kurz Grünbaum hat die Sammlung dann noch ein Weilchen fort¬
412 2949 1613 3003 und schlagend: „Lassen S' mich in Ruhe!“ und Girardi bedankt
1634 2952 2825 3015 gesetzt; aber aus der Zeit, in der er noch Präsident einer
421 2997 2825 3063 sich in einem netten Brief für ein Autogramm, das ihm der literarischen Vereinigung war, liegen ein paar interessante
415 3039 1489 3111 „Autogrammäger“ von 1870 von Strauß verehrt hat.
1640 3048 2825 3108 Briefe dabei — dann hat's ihm wohl zuviel Arbeit und Mühe
524 3090 2828 3171 Natürlich schrieb Albert Bassermann auch damals schon gemacht und er hat es aufgegeben — da begann er wohl selbst,
418 3135 1607 3210 so wie er spricht, und so beginnt denn sein Brief mit den Worten
1634 3141 2073 3219 Autogramme zu geben.
421 3183 1613 3249 „Ser geerter her...“, was „Sehr geehrter Herr..." heißen soll.
1733 3165 2834 3243 Artur Schnitzler zum Beispiel lud einmal Fritz Grünbaum
418 3213 2822 3292 Lustig kommt es einem vor, wenn der russische Dichter nach eine Vorlesung aus seinen Werken ein
424 3274 1610 3346 Turgenjew einen Goethe=Vers zitiert und der Maler Defregge¬
1640 3283 2825 3349 der Spaß, den Dichter selbst lesen zu hören, kostete ja nur
418 3325 1613 3397 ziemlich trivial „Ernst ist die Kunst und heiter das Leben" ohne
1637 3334 2822 3397 zweihundert Kronen und ich kann im Moment nicht nach¬
427 3379 1616 3436 Hemmungen hinschreibt. Da hat sich der Musikkritiker Doktor
1640 3382 2831 3436 kontrollieren, ob das Schnitzler=Gedicht, das er dem Sammler
424 3421 1616 3487 Hanslick schon mehr angestrengt, denn er meint: „Die Kunst ist
1640 3436 2846 3490 sandte, in die gesammelten Werke aufgenommen wurde. Es,
424 3469 2828 3541 ein Spiel, aber keine Spielerei." Jacques Offenbach sandte sogar beginnt unter der Ueberschrift „An die Alten“ mit den Worten:
421 3517 1613 3577 ein Stück aus „Fantasio, zu dem er liebenswürdig bemerkt
1886 3529 2365 3598 „Ihr habt es überwunden,
421 3565 1613 3632 das es allerdings vor der Premiere gestrichen worden sei — also
1889 3571 2431 3632 von eurem stillen Winkel aus
418 3610 1619 3677 auch damlas wurmte die Komponisten schon der Rotstift des
1886 3592 2503 3695 blickt ihr zur Straße nun hinaus
1886 3668 2470 3716 und habt euch dreingefunden..."
424 3662 1628 3725 Regisseurs. 1878 erklärte daneben Alexander Strackosch, der erste
424 3707 1601 3776 Mann der Leopoldine Konstantin übrigens: „Streben ist Leben
1736 3686 2831 3770 Die Blätter sind vergibt, auf denen all diese Widmungen
427 3761 1297 3833 und im selben Jahre schreibt Matras resigniert:
1637 3758 2828 3830 stehen; viele Jahre sind vergangen, die meisten gestorben, manche
1637 3806 2831 3875 sogar vergessen, die hier ihren Namen hinsetzten und nun alle
617 3809 1315 3881 „Der Vorhang auf, der Vorhang nieder
1628 3848 2825 3914 zusammen in einem Album stecken, wertvoll geworden sind
611 3854 1438 3926 Und die da alle waren, kehren nicht wieder."
1634 3899 2834 3963 und nur hervorgeholt werden, wenn man einmal eine stille
524 3896 1516 4002 Emanuel Geibel findet sich mit dem Vers verewigt:
1634 3941 2834 4017 Stunde hat und mit dem heutigen Besitzer die Seiten durch¬
656 3972 1327 4038 „Laß Dich nicht irren vom Kritikaster,
2509 3993 2783 4080 Jan Peter.
1619 4005 1781 4071 blättert.
650 4029 1312 4086 Und wie Du bist, so gib dich ganz,
415 4044 1498 4170 .
