3392 4352
871 266 1134 369 EVE
921 342 1202 434 zeilen
738 403 1000 491 .
514 483 799 616 perheim
848 548 1270 650 AN.
2609 616 3332 700 war, unsere Juden geradezu so, als
2609 677 3351 749 Oesterreichs Unterdrückung ins Werk ge¬
2617 730 3343 784 für sie geschehen! Keinem anständigen
1092 700 1830 829 Ein Mahnwort
2609 780 3347 837 nahme verübel an einer vaterländische
2609 818 3343 879 sie, die rechtmäßig bei uns Zuständigen
1027 818 1883 901 Von Richard von Schaukal
2606 863 3347 913 Liebe zu unserem gastlichen Lande ber
346 852 2594 955 Ich habe als erster Oesterreicher mit dem vollen Einsatz der von den nationalen Kreisen Frankreichs verfehmtesten
2613 901 3343 951 allzu leicht schäumender Begeisterung,
308 932 2590 1000 meines Ranges als deutscher Dichter und Schriftsteller die parlamentarischen Gelegenheitspolitiker der dritten Republik
2609 947 3340 993 wie bitterer Spott feststellen zu dürfen
300 978 1430 1035 Unabhängigkeit meines Vaterlandes gegen den „Anschluß
2617 985 3347 1035 schlossen im Mitteltreffen der Heimwe
1461 997 2579 1042 der vor kurzem verstorbene Herr Painlevé — man lese sein
312 1023 2590 1084 vertreten, und zwar schon zu einer Zeit (1919), als der unübertreffliche Darstellung in René Benjamins prächtigen
2609 1027 3355 1080 wieder die Leute erblicken, deren Drei
2617 1069 3355 1122 fühl der Sicherheit sogleich ins Unve¬
297 1065 2590 1134 Bundesstaat in Verkennung seiner freien Verfassung sich selbst Buche „Valentine!" — hat bei einem seiner von einer gewissen
304 1107 1442 1160 zum „Bestandteil der deutschen Republik ernannt hatte. Mein
2613 1114 3351 1164 Haben uns doch knapp bis zum Ausbru¬
304 1153 1423 1198 wiederholtes freimütiges Bekenntnis zum Oesterreichertum
2613 1156 3351 1202 lution" die marxistischen Juden Belehr¬
1506 1172 2549 1236 Das bevorzugte Spezialhaus
316 1187 1442 1240 (wieder abgedruckt u. a. im Salzburger „Vaterland“, 9. Heft
2613 1206 3351 1248 unabweisliche Notwendigkeit eines auch
300 1225 1442 1289 Jänner, des 7. Jahrganges, 1933/34), hat mir denn auch als
2609 1236 3302 1286 lichsozialen unentwegt empfohlenen
1502 1232 2514 1305 für Qualitätsstoffe und gute Seiden
304 1274 1442 1335 erstem und nicht geringstem österreichischen Staatsbürger von
2609 1282 3355 1354 schlusses mit „Oesterreichern", vor denen
1719 1289 2347 1362 die altrenommierte Firma
312 1320 1449 1373 einzelnen bis dahin mir nahestehenden Stellen des reichsdeutschen
2613 1320 3009 1388 Haut schaudern kann
312 1362 1442 1419 Schrifttums „Bann und Acht" eingetragen. (Siehe darüber, aus¬
2647 1343 3347 1415 Auch die in Oesterreich ansässigen, zun
1502 1312 2556 1453 ALBERT SPITZMUTIL
2613 1415 3351 1461 nicht nur um das eigene Verdienen ver¬
300 1404 1442 1464 zugsweise, näheres in den Nummern 13, 14, 15 und 16 der „Mit¬
2606 1449 3347 1499 damit mag sich Gewohnheit in Langm
297 1457 1438 1506 teilungen der Schankal=Gesellschaft“, Wien, Nationalbibliothek.)
1514 1457 2549 1548 Wien, 1. Bez., Neuer Markt 16
2613 1495 3355 1544 Mitbürger und sollen trotz geringer Lie
300 1495 1442 1552 Ich glaube, sonach durch Opfer - auch nicht unbeträchtliche an
2609 1537 3340 1590 gefochten bleiben. Aber, bei Gott, nicht
1502 1522 2556 1594 Erprobte Herrenstoffe in großer Auswahl
297 1541 1438 1609 unentbehrlichen Einkünften — das Recht erworben zu haben
2613 1586 3351 1651 gar als unsere Vormacht, unsere euro¬
293 1582 1038 1651 als treuer Mahner gehört zu werden.
339 1590 2587 1685 So sehr jeder österreichisch empfindende Angehörige unseres Uebrigen „Kultur unde gefeierten Besuche im hochrot ge
2689 1628 3351 1677 Unsere Angelegenheiten wollen wir
297 1651 1442 1719 durch Unkenntnis und Unvernunft schwer verletzten, verstüm¬
2651 1666 3355 1742 Freiheit nach unseren, nicht nach zu
1464 1674 2583 1727 färbten Wien diesen vom Stephansturm überragten Mittel
297 1712 1438 1773 melten und erniedrigten, aber in großer Vergangenheit
2647 1719 3104 1776 Anschauungen befestigen.
1468 1719 2587 1776 punkt einer glorreichen Geschichte „die Stadt Arthur Schnitz
297 1754 2602 1811 Glaubensmut zur Auferstehung schöpfenden Staatswesens die lers“ genannt. Unwidersprochen (außer von mir in reichs¬
2640 1742 3359 1814 Und erst wenn dieser Wille, das in unse
297 1795 2579 1852 von ganz Europa mit Teilnahme und Anerkennung verfolgten deutschen Blättern. Und ein Mitglied des Redaktionsstabe
2617 1803 3347 1856 Wurzeln gediehene Volkstum durch nütz
297 1837 3347 1925 Bemühungen als Um- und Aufschwung begrüßt, die eine der „führenden österreichischen Tageszeitung" hat im „Goethe bestätigen, sich auf das deutlichste mir
297 1879 1426 1932 ihrer Verantwortung bewußte Leitung unserer Geschicke ver
1457 1906 3347 1959 Schnitzler"-Jahr (!) — das einzuweihen von der österreichischen deutlich auch in der Judenfrage —, w
297 1925 1434 1982 werflichen Umtrieben innerhalb der eigenen Bevölkerung ent¬
1461 1951 3347 2008 „Ravag“ Herr Richard Beer=Hofmann berufen ward! — eine heute verblendet nach ausländischen Re¬
300 1967 1426 2035 gegensetzt, so aufrichtig die unumwundene Abwehr einer unser
2594 1993 3347 2058 mit dem Vertrauen auch wieder die An¬
1457 1997 2575 2054 der zahllosen feuilletonistischen Kultusfeiern des „Inbegriffs
297 2012 1434 2065 Selbständigkeit bedrohenden Vergewaltigung ihm zu Herzen
1457 2046 2579 2088 von Oesterreich kühnlich mit der Behauptung beschlossen
297 2050 1434 2103 geht; in einem wesentlichen Punkte muß der ehrliche Be¬
1472 2084 2564 2145 Arthur Schnitzler habe sich den Wiener Wald als Denkmal
293 2092 1434 2149 obachter und Teilnehmer der österreichischen Bewegung" sie
1457 2130 2594 2202 gesetzt. Spricht das nicht Bände einer unauslöschlichen
285 2142 1423 2191 als gefährdet erkennen. Was so große Teile unserer Ein
1453 2168 1666 2233 Schmach¬
293 2180 1430 2237 wohnerschaft dem Nationalsozialismus — über dessen Bedeu¬
1487 2195 2594 2271 Wien, die Stadt Eugens und Abraham a Santa Claras, die
293 2221 1426 2278 tung für das erneute Deutschland hier nicht gesprochen werden
1461 2252 2598 2313 Stadt der großen Kaiserin und ihres großen Kanzlers,
289 2259 1426 2316 soll — in die nichts weniger als zärtlichen Arme treibt, was
1457 2305 2587 2358 Mozarts und Beethovens, Grillparzers und Raimunds, Dann¬
281 2313 1426 2362 viele nicht der schlechtesten unserer Mitbürger die Maßregel
1453 2343 2579 2393 hausers und Waldmüllers, Romakas und Hugo Wolfs, de
281 2351 1430 2412 zur Unterdrückung der politischen Brandstiftung nicht mit der
293 2393 1423 2442 gebührenden Justimmung begleiten, wenn nicht gar tadelt
1457 2381 2594 2438 Ebner=Eschenbach und Ferdinand von Saars, zur „Stadt
293 2434 1430 2480 macht, ist, von allen anderen abweichenden Anschauungen als
1461 2434 2583 2484 Arthur Schnitzlers“ umgetauft, eines jüdischen Schriftsteller¬
293 2469 1430 2526 Begleitumständen abgesehen, der in einem lebenswichtigen Ab¬
1457 2472 2594 2522 von wahrlich, auch ohne solche Maßstabe, geringfügiger
297 2510 1426 2571 schnitt unseres Daseins vermißte Kampf gegen einen Krebs¬
1453 2518 1681 2583 Bedeutung!
293 2552 1012 2617 schaden der europäischen Gegenwart,
1529 2545 2583 2621 Aber daß dieser im Kleingedruckten der Literaturgeschicht¬
323 2571 1426 2659 die unübersehbare Verjudung des gesellschaftlichen und
1487 2606 2594 2663 mit zwei, drei Büchertiteln vielleicht „fortlebende Name mit
327 2640 647 2701 geistigen Lebens.
1487 2651 2587 2708 seinesgleichen im Ausland die österreichische Kunst vertritt
323 2670 1430 2746 Diesem Mißstand, der einen Fluch bedeutet, Nachsicht, ja Dul¬
1491 2666 3343 2765 wie ein Siegmund Freud die österreichische Wissenschaft, das diese starren Augen wieder die
285 2720 1423 2792 dung zu gewähren, wäre ein selbstmörderisches Auskunfts¬
1491 2746 3184 2822 ist das Ergebnis einer die Grundfesten unserer Wirklichkeit reichische Seele steigen.
278 2773 1426 2830 mittel, das sich durch keinerlei Bedenken rechtfertigen ließe.
1483 2792 2583 2853 unterwählenden stetigen jüdischen Selbstbetonung, die unser
285 2819 1426 2879 Die Judenfrage wird nicht durch Hinwegschauen gelöst. Sie
1491 2834 2096 2895 wahres Bild zur Fratze verzerrt.
2647 2815 3332 2914 *) Vgl. u. a. meine Aufsätze „Die
281 2864 1426 2921 muß mit dem Ernst und der Unerbittlichkeit der Selbstachtung
1487 2857 2914 2940 Ich habe nur ein Kapitel aufgeschlagen, mit dem Finger die Judenfrage
2933 2883 3347 2944 („Vaterland". Salz¬
285 2906 1430 2959 ins Auge gefaßt und mit reinen Händen angepackt und be¬
2606 2925 3355 2997 1933/34), „ du mein Oesterreich!" (eber
1483 2933 2545 2982 r auf eine Seite darin hingewiesen. Jeder von uns
278 2952 1415 3005 wältigt werden. Dazu ist weder Roheit noch gar Grausam
1518 2971 3328 3028 Juden miteingeschlossen — kennt die Bücherei, die weitere ber. 1933/34), „Ewiges Oesterreich und
285 2990 1415 3047 keit erforderlich. Die Juden wissen selbst genau, worum e
2621 3005 3351 3073 („Gelbe Hefte, München, Heft 6, Mä
1480 3016 2579 3077 chütternde Belege unserer Verjudung zu tausenden bietet
281 3032 1404 3092 sich handelt. Ausflüchte und Verschleierung wie „Konfession
2606 3051 3347 3115 Salzburg, 2. Heft, Juni, 1933), „An¬
1533 3058 2202 3127 jedem Felde unseres Gemeinlebens.
281 3085 1305 3134 oder „Menschheit" und „Menschentum", „Freiheit
2609 3085 3214 3146 publikum, ein Gesellschaftsbild
3237 3089 3351 3138 („De
1476 3085 3343 3172 nas darf nicht so weitergehen. Gebärden sich doch, nach 11. November 1933), „Die Zerstörung
281 3119 1388 3176 „Gleichheit“ sind längst abgebrauchte, durchsichtige und lee
1541 3161 3347 3226 heilsamen Schrecken, der ihnen in die Glieder gefahren Versöhnlichkeit" („Gelbe Hefte, München
278 3165 1396 3218 Redewendungen. Andererseits muß man zum klaren Zwei
278 3207 1396 3290 nicht erst die „Rassentheorie“ bemühen. Die Tatsachen lieg
270 3245 464 3305 am Tage
350 3256 1400 3363 Die Juden haben, zumal seit dem Kriege, bei uns
316 3309 1366 3389 nächst sind wir's, die es angeht) eine Uebermacht erla¬
312 3374 1373 3446 die gebrochen werden muß, wenn wir anderen nicht erstic
323 3420 449 3469 sollen.
320 3431 1362 3522 Nicht um Enteignung, Vertreibung und sonstige Gew.
278 3492 1400 3583 tätigkeit geht es, sondern um Einschränkung des Uebersch¬
289 3549 1339 3606 sigen, des beängstigend Wuchernden. Den Juden, die
278 3598 1347 3648 überall ein= und vorgedrängt haben, ja, an zahlreichen St.
270 3633 1358 3693 ein Monopol behaupten, ist ihr Platz anzuweisen, ihr Na¬
278 3674 1400 3747 abzugrenzen. Wenn das versäumt wird, kann der berecht
278 3724 1358 3773 Unmut der Benachteiligten nur anwachsen, muß Groll,
274 3766 1362 3819 pörung zeitigen. Die Beispiele erübrigen sich. Nur a
266 3815 1369 3880 eines sei — nicht zum ersten Male — hingewiesen: ein
369 3861 1392 3948 Eine Anmerkung scheint mir unumgänglich. Seit me
270 3925 1388 3986 als 25 Jahren habe ich, fast alleinstehend im Abwehrkamp
270 3971 1392 4028 die Verjudung nicht nur des deutschen Schrifttums, bei all
274 4017 1396 4078 der wirklichen Leistung auch am Artfremden gebührenden A¬
270 4074 1400 4119 erkennung, verkündet und mich dadurch um den von de
285 4112 1407 4169 „großen, als der „maßgebenden Presse, ihren „deutschen
281 4154 1027 4203 Mitläufern gespendeten Erfolg gebracht.
