3392 4352
326 288 1372 383 Das Lebenselirier der schwer¬
457 369 1250 474 mütigen Gymnasiastin.
375 457 1409 511 Die achtzehnjährige Pauty hat ihren Eltern während
272 511 1399 559 der letzten zwei Jahre viel Sorgen bereitet. Das unge¬
272 555 1402 609 wöhnlich hübsche Mädchen, hochgewachsen, hell¬
278 597 1405 655 blond, von den Eltern verwöhnt, von den jungen Leuten
277 647 1402 704 umschwärmt, litt an Schwermut. Bis zu ihrem sech¬
281 692 1407 745 zehnten Jahr war sie ein lustiges, übermütiges Ding, im
272 732 1406 790 Gymnasium wegen ihrer ausgelassenen Streiche bekannt, bei
285 782 1402 834 jedem Schaberack dabei. Im Winter ein reizendes „Ski¬
278 827 1405 890 haser!“, eine glänzende Eisläuferin, in der Tanzstunde eine
278 868 1412 935 gefeierte junge Schönheit. Im Sommer an dem Salzkammer¬
272 919 1407 978 gutsee, den ihre Eltern fast alljährlich besuchen, ebenfalls
272 978 1403 1024 ein Liebling der Gesellschaft, eine trainierte Schwim¬
278 1019 789 1087 merin und Bergsteigerin.
362 1075 1405 1135 Dabei war sie aber keineswegs von einer Sport¬
272 1126 1402 1180 monomanie besessen. Im Gegenteil, ihre Hauptleiden¬
287 1170 1406 1230 chaft war Lektüre. Vor allem für Arthur Schnitzler
272 1223 1412 1274 hegte sie eine schwärmerische Verehrung der von der
278 1263 1405 1318 Nüchternheit und Sachlichkeit, die man der heutigen Jugend
275 1310 1402 1362 oft nachsagt, nichts anzumerken war. Das hochbegabte
281 1361 1403 1414 Mädchen hatte beinahe jede Zeile von Arthur Schnitzler
277 1402 1363 1468 gelesen und bewahrte davon ein starkes seelisches Erlebnis.
375 1467 1406 1524 Im Spätsommer 1931 traten bei ihr allmählich
278 1504 1402 1568 Symptome einer seelischen Verdüsterung auf. Sie fand
272 1559 1402 1607 an übermütiger Gesellschaft keinen Gefallen mehr, wurde ein¬
281 1606 1405 1666 siedlerisch, weinte leicht und vergrub sich immer mehr in die
281 1651 1407 1704 Lektüre ihres Lieblingsdichters. Als ihre Familie aus dem
278 1702 1412 1756 Salzkammergut wieder nach Wien kam, war Pauly noch
284 1746 1403 1810 schöner geworden, aber in ihrem Wesen nicht
272 1788 1402 1854 wieder zu erkennen. Verschlossen, schweig¬
297 1839 1402 1891 am, schwermütig. Die Eltern sahen sich genötigt,
272 1886 1399 1941 einen Nervenarzt zu Rate zu ziehen, der Zerstreuung und
272 1928 1402 1985 Ablenkung empfahl, ohne aber durch diese Methode
278 1982 1412 2036 eine Besserung ihres Zustandes zu erzielen. Arthur
278 2029 1334 2086 Schnitzlers Tod im Oktober 1931 bedeutete für Pauly
294 2071 1399 2127 sie hatte den Dichter nicht persönlich gekannt — eine furcht
278 2121 1407 2172 bare seelische Erschütterung. Mit seinem letzten Buch „Flucht
278 2169 1405 2218 in die Finsternis trieb sie einen förmlichen Kult. Während
278 2216 1407 2270 des Winters verschlimmerte sich ihr Zustand, sie wurde blaß,
281 2257 1407 2311 verlor an Gewicht, in der Schule fiel ihre Arbeitsunlust und
284 2307 1403 2364 Unaufmerksamkeit auf. Sport und gesellschaft¬
278 2355 1405 2416 liche Veranstaltungen wurden ihr wider¬
271 2405 472 2486 wärtig.
545 2443 1158 2518 Ein Selbstmordversuch.
377 2510 1405 2572 Die geängstigten Eltern waren ratlos. Im Sommer ver¬
287 2562 1407 2620 suchten sie durch eine größere Reise die Gemütskrankheit ihrer
278 2610 1402 2660 Tochter zu heilen. Wieder ein Fehlschlag. Im Herbst be¬
287 2656 1410 2714 ging Pauly einen Selbstmordversuch durch
284 2697 1399 2758 Einatmen von Leuchtgas. Sie wurde in leichter Be¬
278 2757 1396 2806 täubung aufgefunden, der peinliche Zwischenfall wurde ver
287 2791 1407 2872 tuscht. Es war nicht möglich, von Pauly die Ursache ihres
278 2845 860 2913 Lebensberdrusses zu erfahren.
377 2894 1405 2960 Seit etwa zwei Monaten aber ist Pauly wieder
281 2941 1405 3003 das strahlende, lebensfrohe Geschöpf, wie sie
281 2992 1402 3049 es bis vor zwei Jahren war. Und diese Verwandlung ist
287 3039 1406 3094 das Verdienst eines erfahrenen Pädagogen und Jugend¬
282 3079 1407 3147 beraters. Er riet Paulus Eltern, in der Lebensweise ihres
284 3131 1403 3189 Kindes eine radikale Aenderung eintreten zu lassen. Anfang
278 3188 1403 3239 Mai kam Pauly zu einer holländischen Bauernfamilie. Aber
278 3222 1402 3274 nicht als Sommerfrischlerin, sondern als
284 3276 1405 3338 Bauernmagd. Bei Morgengrauen aus dem Bett, abends
278 3317 1392 3381 zeitig in die Federn, den ganzen Tag schwere landwirtschaft
278 3364 1402 3423 liche Arbeit auf den Feldern und im Stall. Derbe,
281 3414 549 3490 kräftige Kost.
375 3476 1390 3536 Schon nach zwei, drei Wochen besserte sich Paulys Zu
284 3521 1396 3585 stand auffallend. Im Juni waren ihr kaum noch Krankheits¬
284 3567 1405 3639 symptome anzumerken. Sie lachte und sang wieder
272 3616 1399 3676 und war mit Feuereifer bei der Arbeit. Nur ganz selten
272 3662 1402 3728 und immer schwächer kam die alte Verstimmung über sie.
272 3709 1407 3781 An ihre Eltern schrieb sie glückstrahlende Briefe. Kürzlich
278 3755 1402 3822 haben Paulys Eltern ihre Tochter besucht. Sie ist gesund,
281 3807 1402 3876 frisch, lebensfroh, schöner als je. Ihr Selbstmord¬
272 3866 1405 3919 versuch kommt ihr wie ein unverständlicher
275 3903 1399 3963 böser Traum vor. Im Herbst wird sie mit wieder¬
277 3944 1402 4014 gewonnener Nervenkraft in Wien ihre Studien fortsetzen.
275 3995 1402 4058 Sie will nach Beendigung ihrer Gymnasialstudien Ger¬
272 4038 1400 4109 manistik studieren. Ihrer Leidenschaft für Literatur und vor
250 4092 1214 4168 allem ihrem Lieblingsdichter ist sie treu geblieben.
