3392 4352
209 352 1065 460 13. Miscellaneous
599 1421 1053 1560 UBSERVER
504 1502 1155 1641 Wien, I., Wien
602 1581 914 1677 3.
590 1647 756 1761 Telegra
782 1721 880 1813 20.
402 1820 1143 1934 Ein Schuß in die Villa
615 1905 932 2013 Schnitzlers
411 1986 1170 2072 Eine unheimliche Entdeckung wurde
358 2057 1171 2121 an einem Septembertage in der Wohnung
352 2097 1170 2169 der Witwe nach dem Schriftsteller
352 2144 1167 2218 Artur Schnitzler gemacht. Das Fen¬
355 2187 1164 2274 ster war durchschossen, Glas¬
359 2249 1173 2313 scherben lagen am Boden und am
356 2299 1164 2356 Fensterbrett fand man eine Blei¬
348 2345 1158 2407 kugel. Da die Einschußoffnun¬
350 2400 1158 2456 gen im Doppelfenster nicht in gleicher
348 2449 1161 2509 Höhe waren, vermutete Frau Olga
343 2495 1158 2570 Schnitzler, daß der Schuß von der Straße
343 2554 1156 2626 aus abgegeben worden war und erstattete
336 2592 590 2668 die Anzeige.
432 2648 1115 2745 Der Verdacht lenkte sich auf den
384 2712 1112 2787 Sohn des bekannten Radierers Pro¬
389 2768 1109 2839 fessor Schmutzer, den Studenten
380 2826 1113 2887 Haus Schmutzer, der tagsvorher in
380 2867 1108 2929 seinem Obstgarten auf Eichkätzchen
373 2913 939 2996 und Amseln geschossen hatte.
384 2990 1142 3051 Es ließ sich aber nicht erhärten und
336 3030 1149 3110 so sprach der Döblinger Strafrichter
330 3089 1139 3160 Dr. Wagner=Löffler den Angeklagten
342 3135 1143 3203 frei, dem die Sache freilich nun auch noch
334 3194 1139 3247 eine Anzeige eingetragen hat, die der
325 3237 1139 3311 Tierschutzverein gegen ihn er¬
334 3284 552 3351 stattet hat.
1251 364 1671 450 box 447
1597 735 2396 824 OBSERVER
1687 822 2344 886 1. österr. behördl. konzessioniertes
1659 874 2372 946 Unternehmen für Zeitungs-Ausschnitte
1717 933 2302 998 WIEN, I., WOLLEILE 11
1785 983 2242 1045 TELEPHON R-23-0-43
1520 1079 1897 1142 20. Jänner 1934.
1570 1801 2671 1871 Wenn die nichtjüdischen Leser der Judenzeitungen die
1482 1843 2672 1928 Leute sehen könnten, die diese Zeitungen verfassen, dann
1491 1916 2674 1967 würden sie wohl ein für allemal die Lust an solcher geistiger
1494 1965 2662 2023 Nahrung verlieren. Holen wir darum aus unserer reichhalli¬
1494 2017 2660 2078 gen Vorratskammer zwei abschreckende Beispiele hervor und
1491 2063 2223 2140 stellen wir sie dem Arier vor Augen.
1567 2113 2665 2180 Unter den vielen Tageszeitungen, die zusammen den
1494 2163 2671 2227 zweckgeleiteten Chor der Wiener Judenpresse ergeben, zeich¬
1486 2220 2668 2277 nen sich zwei Blätter dadurch besonders aus, daß sie zu ihrem
1486 2268 2665 2322 Dienste für die Ziele des Judentums noch die besonderen
1477 2316 2662 2372 Dienste für die Ziele des Tschechenstaates fügen. Dieser lieb¬
1483 2362 2665 2421 lichen Mischung entsteigen Tag für Tag, Stunde für Stunde,
1483 2415 2662 2471 jene ebelhaften Dünste, die bestimmt sind, die Gehirne un¬
1492 2459 2662 2515 serer Arier zu vernebeln und Haß und Zwietracht zu säen.
1494 2511 2662 2570 Wer sind nun die „Herren Redakteure", wie heißen sie und
1483 2555 2665 2620 woher sind sie gekommen? Sehen wir uns zuerst den „Wie¬
1483 2606 1795 2681 ner Tag“ an.
1570 2653 2020 2743 Achtung! Bühne frei¬
1931 2718 2205 2799 Vorhang auf!
1573 2783 2666 2848 Als Gründer des „Wiener Tag“ erscheint der sattsam
1486 2836 2668 2897 annte Siegmund Basel, der den tschechischen Juden
1483 2887 2668 2952 Maximilian Schreyer als Chefredakteur beruft. Schreyer gibt
1480 2938 2662 2999 außerdem noch ein eigenes Bett, das berüchtigte Montagblatt
1477 2987 2662 3037 „Der Morgen" heraus. Als Bosel pleike ging, übernah¬
1476 3033 2659 3089 men der Orbisverlag in Prag, dessen Besitzer der tschechi¬
1480 3080 2659 3150 sche Außenminister Dr. Benes ist, und sein Pressechef und
1491 3133 2657 3181 Vertrauensmann Dr. Hajek einen Teil der Anteile, wäh¬
1477 3179 2666 3240 rend den Rest die Druckerei Verway — in der die Zei¬
1477 3230 1890 3284 tung hergestellt wird
1962 3228 2666 3298 erwarb. Doch auch in dieser Firma
1480 3283 2662 3333 ist der Orbisverlag, Prag, durch den tschechischen Verwal¬
1480 3332 2560 3394 tungsrat Eis, der sein Vertrauensmann ist, vertreten.
1567 3375 2665 3456 Als nächster erscheint im Rampenlichte Marcel Zappler,
1480 3434 2654 3499 politischer Redakteur und Parlamentsberichterstatter, Ver¬
1479 3485 2656 3537 waltungsrat der Tag A. G., Präsident der Wiener
1483 3531 2662 3587 Organisation der Presse, Jude selbstverständlich.
1477 3580 2659 3645 Und Sozialdemokrat. Sein soziales Empfinden zeigte sich vor
1480 3635 2656 3684 allem anläßlich der Zusammenlegung des „Tag“ mit der
1480 3681 2650 3735 „Stunde", wo es ihm seine Stellung ermöglichte, zu errei¬
1471 3726 2660 3781 chen, daß vom „Tag“ niemand, von der „Stunde“ aber zwei
1471 3775 2316 3837 Drittel der Redakteure abgebaut wurden.
1556 3812 2659 3877 Im folgt Dr. Hanns Margulis, Gerichtssaalbericht¬
1474 3886 2656 3941 erstatter, Jude und Freimaurer. Verfasser jener Hetzartikel
1477 3936 2657 3993 anläßlich der Prozesse Halsmann und Bauer seinerzeit und
1473 3981 2656 4044 über den Reichstagsbrand in der jüngsten Zeit. Kann sich für
1471 4030 2656 4093 jeden Lustmörder begeistern und zieht als Wanderprediger
3144 1072 3351 1152 „Der Stüt¬
2722 1803 3324 1884 für Vater- und Gartenmörder
2714 1863 3286 1931 erwählten Volke angehören.
2750 1908 3348 1983 Dann kommt Redakteur Lan¬
2708 1979 3348 2029 war früher beim „Neuen Wie¬
2708 2021 3358 2081 auch Herausgeber einer in deutsch
2719 2064 3354 2131 schem Geiste erscheinenden Nach¬
2722 2121 3320 2172 Transatlantic Radio
2731 2157 3351 2234 Zeitung eine besondere Hetznacht
2714 2218 3355 2304 bringt, so ist sie mit T. R. gese
2799 2271 3354 2347 Der nächste heißt Dr. Ma¬
2708 2326 3330 2387 kommunis. Sein Ressort sind
2716 2375 3333 2430 Kultur und seit neuestem Ma¬
2712 2427 3311 2483 den österreichischen Menschen
2714 2475 3301 2539 „jeder von diesen vermutlich
2728 2517 3355 2594 setzten, alpin, dinarisch, medie
2716 2572 3339 2626 leicht auch ein wenig asiatisch,
2722 2620 3349 2693 sentant seiner geistigen und ge¬
2714 2668 3342 2736 nun die Liste dieser „Österreich
2728 2719 3309 2784 fels, Popper, Freud. Schmit¬
2716 2771 3348 2838 Adler Hertzka, Steinbach, Unge¬
2714 2816 3351 2873 ger, Mahler. Wie nicht anders
2719 2861 3339 2919 ziger Prier darunter. Scheinbar
2719 2913 3339 2989 Mensch nur eine Umschreibung
2805 2965 3348 3043 Ferner Oskar Maurus For
2719 3015 3312 3088 Marxist, Theaterkritiker und
2718 3068 3346 3132 Pen-Klubs, auf dessen Initiative
2719 3128 3333 3193 rung abgegeben wurde, die zu
2728 3227 3349 3298 dio, Grammophone¬
2728 3267 2931 3333 B
2719 3323 3342 3348 .
2722 3377 3349 3437 Mitglieder des österreichischen
2730 3435 3345 3502 hrte. Zurückgeblieben sind nur
2799 3475 3345 3558 Die Ergänzung des „Reda¬
2708 3525 3351 3598 Heller, Jude, Theaterkritiker und
2796 3587 3345 3660 Der J. W. Leitartikler, Juli=
2796 3688 3330 3756 Dr. Max Graf, Professor
2708 3744 3315 3800 akademie (!), Jude Marxist und
2711 3789 3348 3848 nalen Stumpfsinn eines Rasse,
2714 3836 3311 3894 Werk eines arischen Künstlers
2796 3885 3342 3944 Dr. Alfred Rosenzweig, für
2714 3922 3315 3990 Graf, nur mit dem Unterschied,
2705 3987 3324 4038 an der Akademie ist, dafür ist
2796 4031 3342 4092 Der aus Triest zugereiste Ju
2711 4058 3339 4142 liert die junge Generation. Er
2702 4129 3301 4206 mineller oder erotischer Note.
2799 4177 3324 4234 Auch der Reporter Höniger
2790 4225 3330 4290 Der aus Graz zugereiste
2963 4274 3243 4328 niger Zeit
