<?xml version="1.0" encoding="UTF-8" standalone="yes"?>
<PcGts xmlns="http://schema.primaresearch.org/PAGE/gts/pagecontent/2013-07-15" xmlns:xsi="http://www.w3.org/2001/XMLSchema-instance" xsi:schemaLocation="http://schema.primaresearch.org/PAGE/gts/pagecontent/2013-07-15 http://schema.primaresearch.org/PAGE/gts/pagecontent/2013-07-15/pagecontent.xsd">
    <Metadata>
        <Creator>prov=READ-COOP:name=PyLaia@TranskribusPlatform:version=2.12.1:model_id=39995:lm=provided:date=28_03_2024_22:57</Creator>
        <Created>2019-10-07T20:38:05.686+02:00</Created>
        <LastChange>2024-03-28T22:57:55.352+01:00</LastChange>
        <TranskribusMetadata docId="224461" pageId="9579270" pageNr="52" tsid="156412491" status="IN_PROGRESS" userId="40391" imgUrl="https://files.transkribus.eu/Get?id=LFMESNDOYKIQVGTGDNUECYPX&amp;fileType=view" xmlUrl="https://files.transkribus.eu/Get?id=KWHLEEYFEXQWDUNATCWJQSJC" imageId="6208362"/>
    </Metadata>
    <Page imageFilename="224461_0052.jpeg" imageWidth="3392" imageHeight="4352">
        <ReadingOrder>
            <OrderedGroup id="ro_1712662284195" caption="Regions reading order">
                <RegionRefIndexed index="0" regionRef="tr_1"/>
                <RegionRefIndexed index="1" regionRef="tr_2"/>
                <RegionRefIndexed index="2" regionRef="tr_3"/>
            </OrderedGroup>
        </ReadingOrder>
        <TextRegion orientation="0.0" id="tr_1" custom="readingOrder {index:0;}">
            <Coords points="188,310 188,3371 1414,3371 1414,310"/>
            <TextLine id="tr_1_tl_1" custom="readingOrder {index:0;}">
                <Coords points="180,345 853,383 1025,366 1024,280 428,268 293,309 244,269 178,275"/>
                <Baseline points="188,331 230,334 272,334 314,336 356,335 398,339 440,340 482,344 524,340 566,337 608,339 650,340 692,340 734,341 776,344 818,345 860,340 902,340 944,343 986,343 1029,352"/>
                <TextEquiv>
                    <Unicode>13. Millanes</Unicode>
                </TextEquiv>
            </TextLine>
            <TextLine id="tr_1_tl_2" custom="readingOrder {index:1;}">
                <Coords points="623,1230 647,1239 690,1230 697,1240 717,1225 743,1240 776,1210 812,1230 827,1221 901,1230 906,1130 628,1115"/>
                <Baseline points="632,1211 657,1211 682,1211 707,1210 732,1208 757,1208 782,1208 807,1208 832,1207 857,1206 882,1200 907,1193"/>
                <TextEquiv>
                    <Unicode>RAT</Unicode>
                </TextEquiv>
            </TextLine>
            <TextLine id="tr_1_tl_3" custom="readingOrder {index:2;}">
                <Coords points="301,1314 1094,1316 1094,1222 460,1222 301,1258"/>
                <Baseline points="310,1298 349,1298 388,1298 428,1298 467,1301 507,1301 546,1301 585,1299 625,1298 664,1299 704,1300 743,1298 782,1295 822,1295 861,1295 901,1297 940,1298 979,1297 1019,1296 1058,1297 1098,1286"/>
                <TextEquiv>
                    <Unicode>OBSERVER</Unicode>
                </TextEquiv>
            </TextLine>
            <TextLine id="tr_1_tl_4" custom="readingOrder {index:3;}">
                <Coords points="377,1367 1041,1360 1041,1317 1019,1311 599,1331 377,1314"/>
                <Baseline points="385,1355 419,1357 454,1356 489,1355 523,1355 558,1355 593,1355 627,1355 662,1355 697,1355 731,1355 766,1355 801,1355 835,1355 870,1355 905,1355 939,1355 974,1355 1009,1352 1044,1355"/>
                <TextEquiv>
                    <Unicode>1. österr. behördl. konzessioniertes</Unicode>
                </TextEquiv>
            </TextLine>
            <TextLine id="tr_1_tl_5" custom="readingOrder {index:4;}">
                <Coords points="349,1411 504,1431 1074,1411 1074,1373 1042,1360 605,1384 349,1358"/>
                <Baseline points="358,1405 395,1405 433,1405 471,1405 509,1404 547,1402 585,1402 622,1405 660,1405 698,1405 736,1405 774,1405 812,1405 849,1405 887,1405 925,1405 963,1405 1001,1404 1039,1402 1077,1399"/>
                <TextEquiv>
                    <Unicode>Unternehmen für Zeitungs-Ausschnitte</Unicode>
                </TextEquiv>
            </TextLine>
            <TextLine id="tr_1_tl_6" custom="readingOrder {index:5;}">
                <Coords points="411,1478 970,1470 1006,1487 1004,1425 894,1411 783,1437 672,1420 632,1441 411,1413"/>
                <Baseline points="420,1468 449,1465 478,1465 508,1467 537,1468 567,1468 596,1468 625,1467 655,1465 684,1467 714,1468 743,1468 772,1468 802,1468 831,1468 861,1468 890,1468 919,1468 949,1468 978,1467 1008,1465"/>
                <TextEquiv>
                    <Unicode>WIEN, I., WOLLEILE 11</Unicode>
                </TextEquiv>
            </TextLine>
            <TextLine id="tr_1_tl_7" custom="readingOrder {index:6;}">
                <Coords points="487,1529 927,1528 927,1487 888,1478 838,1496 753,1476 487,1482"/>
                <Baseline points="495,1519 520,1521 546,1522 571,1522 597,1522 623,1522 648,1522 674,1522 700,1522 725,1522 751,1522 777,1522 802,1522 828,1522 854,1522 879,1520 905,1519 931,1519"/>
                <TextEquiv>
                    <Unicode>TELEPHON R-23-0-43</Unicode>
                </TextEquiv>
            </TextLine>
            <TextLine id="tr_1_tl_8" custom="readingOrder {index:7;}">
                <Coords points="287,1668 337,1680 396,1664 428,1676 454,1664 563,1676 646,1662 646,1630 610,1615 546,1620 507,1596 467,1621 419,1600 361,1612 287,1599"/>
                <Baseline points="295,1659 320,1657 345,1656 371,1656 396,1656 421,1656 447,1656 472,1656 497,1656 523,1656 548,1656 573,1656 599,1656 624,1656 650,1656"/>
                <TextEquiv>
                    <Unicode>Ausschnitt aus:</Unicode>
                </TextEquiv>
            </TextLine>
            <TextLine id="tr_1_tl_9" custom="readingOrder {index:8;}">
                <Coords points="293,1898 324,1894 331,1886 361,1903 368,1897 398,1901 414,1886 425,1885 424,1830 401,1829 390,1841 365,1850 348,1850 330,1838 315,1845 292,1844"/>
                <Baseline points="301,1880 326,1880 352,1880 377,1882 403,1883 429,1883"/>
                <TextEquiv>
                    <Unicode>vom</Unicode>
                </TextEquiv>
            </TextLine>
            <TextLine id="tr_1_tl_10" custom="readingOrder {index:9;}">
                <Coords points="538,1883 700,1928 759,1903 820,1919 915,1897 1007,1928 1151,1906 1146,1827 1086,1809 1003,1797 921,1835 790,1798 623,1821 534,1801"/>
                <Baseline points="546,1868 576,1866 606,1866 637,1868 667,1868 698,1870 728,1875 759,1881 789,1882 820,1880 850,1880 880,1884 911,1889 941,1891 972,1894 1002,1895 1033,1895 1063,1895 1094,1895 1124,1895 1155,1892"/>
                <TextEquiv>
                    <Unicode>Neues Wiener Journal, Wien</Unicode>
                </TextEquiv>
            </TextLine>
            <TextLine id="tr_1_tl_11" custom="readingOrder {index:10;}">
                <Coords points="575,2004 779,2010 829,1987 870,1995 936,1963 971,1981 974,1904 930,1900 833,1944 764,1904 706,1928 579,1888"/>
                <Baseline points="585,1976 611,1976 637,1976 663,1976 689,1977 715,1977 741,1976 767,1976 793,1976 819,1974 845,1973 871,1969 897,1967 923,1967 949,1966 976,1964"/>
                <TextEquiv>
                    <Unicode>21. J.</Unicode>
                </TextEquiv>
            </TextLine>
            <TextLine id="tr_1_tl_12" custom="readingOrder {index:11;}">
                <Coords points="213,2134 1407,2142 1405,2055 212,2054"/>
                <Baseline points="220,2119 279,2119 338,2121 398,2122 457,2123 517,2125 576,2128 635,2128 695,2128 754,2128 814,2127 873,2127 932,2125 992,2128 1051,2128 1111,2128 1170,2128 1229,2128 1289,2131 1348,2129 1408,2128"/>
                <TextEquiv>
                    <Unicode>Schuß in ein Fenster der Villa Schnitzler.</Unicode>
                </TextEquiv>
            </TextLine>
            <TextLine id="tr_1_tl_13" custom="readingOrder {index:12;}">
                <Coords points="290,2211 614,2181 1372,2207 1357,2136 290,2139"/>
                <Baseline points="298,2178 351,2179 405,2180 459,2178 513,2178 567,2181 621,2181 675,2181 729,2181 783,2181 837,2181 890,2181 944,2182 998,2182 1052,2181 1106,2181 1160,2181 1214,2181 1268,2183 1322,2184 1376,2190"/>
                <TextEquiv>
                    <Unicode>Originalbericht des „Neuen Wiener Journal".</Unicode>
                </TextEquiv>
            </TextLine>
            <TextLine id="tr_1_tl_14" custom="readingOrder {index:13;}">
                <Coords points="316,2242 1404,2257 1402,2214 1272,2193 315,2196"/>
                <Baseline points="325,2235 379,2233 433,2235 487,2235 541,2235 595,2235 649,2235 704,2236 758,2238 812,2238 866,2235 920,2237 974,2236 1028,2238 1083,2238 1137,2238 1191,2238 1245,2240 1299,2241 1353,2244 1408,2247"/>
                <TextEquiv>
                    <Unicode>Eine unheimliche Entdeckung wurde an einem Septembertag</Unicode>
                </TextEquiv>
            </TextLine>
            <TextLine id="tr_1_tl_15" custom="readingOrder {index:14;}">
                <Coords points="197,2284 1401,2293 1355,2246 197,2225"/>
                <Baseline points="205,2277 265,2274 325,2274 385,2274 445,2274 505,2274 565,2274 625,2274 685,2274 745,2277 805,2276 865,2276 925,2277 985,2275 1045,2277 1105,2277 1165,2278 1225,2280 1285,2280 1345,2281 1405,2280"/>
                <TextEquiv>
                    <Unicode>in der Wohnung der Witwe nach dem Schriftsteller Artur Schnitzler</Unicode>
                </TextEquiv>
            </TextLine>
            <TextLine id="tr_1_tl_16" custom="readingOrder {index:15;}">
                <Coords points="206,2326 1407,2334 1407,2291 204,2282"/>
                <Baseline points="214,2316 273,2313 333,2313 393,2313 453,2311 513,2313 573,2316 632,2314 692,2316 752,2316 812,2316 872,2314 932,2316 992,2316 1051,2316 1111,2316 1171,2316 1231,2316 1291,2319 1351,2319 1411,2319"/>
                <TextEquiv>
                    <Unicode>gemacht. Das Fenster war durchschossen, Glasscherben lagen am Boden,</Unicode>
                </TextEquiv>
            </TextLine>
            <TextLine id="tr_1_tl_17" custom="readingOrder {index:16;}">
                <Coords points="203,2356 1401,2367 1385,2325 1281,2317 203,2326"/>
                <Baseline points="211,2352 270,2352 330,2352 390,2352 449,2352 509,2352 569,2352 628,2354 688,2352 748,2352 808,2353 867,2355 927,2355 987,2355 1046,2355 1106,2355 1166,2355 1225,2355 1285,2358 1345,2358 1405,2355"/>
                <TextEquiv>
                    <Unicode>und am Fensterbrett fand man eine Bleikugel. Da die Einschuß¬</Unicode>
                </TextEquiv>
            </TextLine>
            <TextLine id="tr_1_tl_18" custom="readingOrder {index:17;}">
                <Coords points="203,2396 1401,2408 1357,2364 203,2356"/>
                <Baseline points="211,2393 270,2390 330,2390 390,2390 449,2391 509,2391 569,2393 628,2392 688,2390 748,2393 808,2391 867,2393 927,2393 987,2393 1046,2393 1106,2393 1166,2393 1225,2393 1285,2396 1345,2396 1405,2396"/>
                <TextEquiv>
                    <Unicode>öffnungen im Doppelsenster nicht in gleicher Höhe waren, vermutete</Unicode>
                </TextEquiv>
            </TextLine>
            <TextLine id="tr_1_tl_19" custom="readingOrder {index:18;}">
                <Coords points="200,2438 1401,2441 1363,2400 200,2397"/>
                <Baseline points="208,2432 267,2429 327,2429 387,2429 447,2429 507,2429 567,2432 626,2429 686,2429 746,2429 806,2430 866,2432 926,2432 986,2432 1045,2432 1105,2432 1165,2432 1225,2432 1285,2435 1345,2435 1405,2432"/>
                <TextEquiv>
                    <Unicode>Frau Olga Schnitzler, daß der Schuß von der Straße aus abgegeben</Unicode>
                </TextEquiv>
            </TextLine>
            <TextLine id="tr_1_tl_20" custom="readingOrder {index:19;}">
                <Coords points="194,2473 1396,2484 1395,2446 1236,2434 194,2434"/>
                <Baseline points="202,2465 261,2468 321,2468 381,2468 441,2468 501,2468 561,2468 620,2468 680,2468 740,2468 800,2469 860,2469 920,2468 980,2471 1039,2471 1099,2471 1159,2471 1219,2471 1279,2474 1339,2474 1399,2477"/>
                <TextEquiv>
                    <Unicode>worden war und erstattete die Anzeige. Der Verdacht lenkte sich auf</Unicode>
                </TextEquiv>
            </TextLine>
            <TextLine id="tr_1_tl_21" custom="readingOrder {index:20;}">
                <Coords points="203,2512 1322,2514 1131,2474 203,2474"/>
                <Baseline points="211,2507 266,2507 322,2507 378,2507 433,2507 489,2505 545,2507 600,2507 656,2510 712,2509 768,2507 823,2507 879,2510 935,2510 990,2510 1046,2508 1102,2507 1157,2510 1213,2510 1269,2510 1325,2513"/>
                <TextEquiv>
                    <Unicode>den Sohn des bekannten Radierers Professor Schmutzer,</Unicode>
                </TextEquiv>
            </TextLine>
            <TextLine id="tr_1_tl_22" custom="readingOrder {index:21;}">
                <Coords points="203,2552 1398,2558 1326,2503 203,2512"/>
                <Baseline points="211,2546 270,2543 330,2545 389,2546 449,2546 508,2546 568,2546 627,2546 687,2548 746,2546 806,2547 866,2549 925,2546 985,2546 1044,2546 1104,2546 1163,2547 1223,2549 1282,2549 1342,2549 1402,2549"/>
                <TextEquiv>
                    <Unicode>Studenten Hans Schmutzer, der tagsvorher in seinem Obstgarten</Unicode>
                </TextEquiv>
            </TextLine>
            <TextLine id="tr_1_tl_23" custom="readingOrder {index:22;}">
                <Coords points="203,2589 1401,2602 1401,2559 1207,2549 203,2552"/>
                <Baseline points="211,2584 270,2583 330,2581 390,2584 449,2584 509,2584 569,2584 628,2586 688,2586 748,2584 808,2586 867,2586 927,2584 987,2584 1046,2584 1106,2584 1166,2587 1225,2585 1285,2590 1345,2587 1405,2587"/>
                <TextEquiv>
                    <Unicode>auf Eichlätzchen und Amseln geschossen hatte. Die Polizei nicht an,</Unicode>
                </TextEquiv>
            </TextLine>
            <TextLine id="tr_1_tl_24" custom="readingOrder {index:23;}">
                <Coords points="203,2636 1407,2638 1346,2586 203,2589"/>
                <Baseline points="211,2623 271,2622 331,2620 391,2623 451,2623 511,2625 571,2623 631,2623 691,2623 751,2626 811,2624 871,2624 931,2623 991,2623 1051,2623 1111,2623 1171,2624 1231,2624 1291,2623 1351,2626 1411,2626"/>
                <TextEquiv>
                    <Unicode>daß ein Fehlschuß des Studenten im Fenster der Schmer Villa</Unicode>
                </TextEquiv>
            </TextLine>
            <TextLine id="tr_1_tl_25" custom="readingOrder {index:24;}">
                <Coords points="203,2659 1407,2676 1407,2638 1325,2629 203,2630"/>
                <Baseline points="211,2656 271,2660 331,2662 391,2662 451,2662 511,2662 571,2662 631,2665 691,2665 751,2665 811,2663 871,2665 931,2665 991,2664 1051,2664 1111,2662 1171,2662 1231,2664 1291,2665 1351,2664 1411,2662"/>
                <TextEquiv>
                    <Unicode>gelandet sei, und so mußte sich Hans Schmutzer vor dem Döblinger</Unicode>
                </TextEquiv>
            </TextLine>
            <TextLine id="tr_1_tl_26" custom="readingOrder {index:25;}">
                <Coords points="200,2703 1410,2713 1410,2674 1140,2664 200,2673"/>
                <Baseline points="208,2698 268,2699 328,2701 388,2701 449,2699 509,2701 569,2701 630,2704 690,2702 750,2701 811,2701 871,2703 931,2707 991,2706 1052,2704 1112,2704 1172,2704 1233,2704 1293,2706 1353,2704 1414,2704"/>
                <TextEquiv>
                    <Unicode>Strafrichter Dr. Wagner=Löffler wegen Gefährdung der</Unicode>
                </TextEquiv>
            </TextLine>
            <TextLine id="tr_1_tl_27" custom="readingOrder {index:26;}">
                <Coords points="197,2760 841,2751 841,2719 780,2704 197,2706"/>
                <Baseline points="205,2740 238,2742 272,2742 305,2740 339,2740 373,2740 406,2740 440,2740 474,2740 507,2740 541,2740 574,2740 608,2740 642,2740 675,2740 709,2740 743,2740 776,2740 810,2740 844,2740"/>
                <TextEquiv>
                    <Unicode>körperlichen Sicherheit verantworten.</Unicode>
                </TextEquiv>
            </TextLine>
            <TextLine id="tr_1_tl_28" custom="readingOrder {index:27;}">
                <Coords points="334,2795 1410,2788 1410,2741 1237,2722 1178,2754 334,2748"/>
                <Baseline points="343,2778 396,2778 450,2778 503,2778 557,2778 610,2778 664,2778 717,2778 771,2778 824,2780 878,2778 932,2778 985,2779 1039,2781 1092,2781 1146,2781 1199,2781 1253,2781 1306,2781 1360,2781 1414,2781"/>
                <TextEquiv>
                    <Unicode>in der Verhandlung behauptete der Angeklagte, daß er sich</Unicode>
                </TextEquiv>
            </TextLine>
            <TextLine id="tr_1_tl_29" custom="readingOrder {index:28;}">
                <Coords points="194,2821 1378,2839 1405,2792 192,2791"/>
                <Baseline points="202,2814 262,2817 322,2819 383,2817 443,2817 504,2819 564,2820 625,2820 685,2820 746,2820 806,2821 866,2823 927,2822 987,2822 1048,2820 1108,2820 1169,2822 1229,2820 1290,2820 1350,2820 1411,2820"/>
                <TextEquiv>
                    <Unicode>nicht erinnern könne, in das Fenster geschossen zu haben. Immerhin sei</Unicode>
                </TextEquiv>
            </TextLine>
            <TextLine id="tr_1_tl_30" custom="readingOrder {index:29;}">
                <Coords points="191,2899 1395,2895 1395,2831 1349,2828 191,2819"/>
                <Baseline points="199,2892 259,2892 319,2892 379,2894 439,2894 499,2892 559,2892 619,2892 679,2889 739,2890 799,2890 859,2889 919,2889 979,2889 1039,2889 1099,2889 1159,2889 1219,2889 1279,2888 1339,2884 1399,2886"/>
                <TextEquiv>
                    <Unicode>es möglich, daß er in diese Richtung einen Schuß abfeuerte. Die</Unicode>
                </TextEquiv>
            </TextLine>
            <TextLine id="tr_1_tl_31" custom="readingOrder {index:30;}">
                <Coords points="197,2936 1392,2937 1393,2893 1313,2886 198,2898"/>
                <Baseline points="205,2928 264,2931 324,2931 383,2931 443,2931 502,2929 562,2928 621,2931 681,2929 740,2928 800,2928 860,2928 919,2928 979,2928 1038,2928 1098,2928 1157,2928 1217,2928 1276,2928 1336,2928 1396,2928"/>
                <TextEquiv>
                    <Unicode>Eichlächen hätten die Nußbäume und die Amseln das Obst beschädigt.</Unicode>
                </TextEquiv>
            </TextLine>
            <TextLine id="tr_1_tl_32" custom="readingOrder {index:31;}">
                <Coords points="200,2984 1393,2977 1378,2933 200,2937"/>
                <Baseline points="208,2972 267,2969 326,2969 386,2968 445,2969 505,2969 564,2969 623,2969 683,2969 742,2967 802,2968 861,2967 920,2967 980,2967 1039,2967 1099,2967 1158,2967 1217,2967 1277,2967 1336,2967 1396,2964"/>
                <TextEquiv>
                    <Unicode>Frau Schnitzler meinte, daß es beruhigend für sie wäre, wenn sie</Unicode>
                </TextEquiv>
            </TextLine>
            <TextLine id="tr_1_tl_33" custom="readingOrder {index:32;}">
                <Coords points="194,3022 1392,3010 1354,2966 194,2983"/>
                <Baseline points="202,3008 261,3011 321,3008 381,3010 440,3008 500,3008 560,3008 619,3008 679,3008 739,3008 799,3006 858,3008 918,3008 978,3006 1037,3005 1097,3005 1157,3005 1216,3005 1276,3005 1336,3005 1396,3005"/>
                <TextEquiv>
                    <Unicode>wüßte, daß es sich nur um einen Fehlschuß des Studenten handelte</Unicode>
                </TextEquiv>
            </TextLine>
            <TextLine id="tr_1_tl_34" custom="readingOrder {index:33;}">
                <Coords points="197,3055 1395,3051 1381,3008 198,3023"/>
                <Baseline points="205,3050 264,3047 324,3047 384,3049 443,3047 503,3050 563,3047 622,3047 682,3047 742,3047 802,3047 861,3047 921,3047 981,3045 1040,3047 1100,3044 1160,3044 1219,3044 1279,3046 1339,3044 1399,3041"/>
                <TextEquiv>
                    <Unicode>und der Schuß nicht von anderer Seite abgegeben worden sei. Ihrem</Unicode>
                </TextEquiv>
            </TextLine>
            <TextLine id="tr_1_tl_35" custom="readingOrder {index:34;}">
                <Coords points="191,3095 1399,3092 1385,3049 191,3055"/>
                <Baseline points="199,3086 259,3086 319,3086 379,3089 439,3086 499,3086 559,3086 620,3084 680,3083 740,3084 800,3086 860,3083 920,3083 980,3085 1041,3083 1101,3083 1161,3083 1221,3083 1281,3081 1341,3083 1402,3080"/>
                <TextEquiv>
                    <Unicode>Bekannten, dem Dr. Beer=Hoffmann, sei nämlich etwas</Unicode>
                </TextEquiv>
            </TextLine>
            <TextLine id="tr_1_tl_36" custom="readingOrder {index:35;}">
                <Coords points="194,3134 1404,3128 1404,3093 1296,3084 194,3092"/>
                <Baseline points="202,3125 262,3127 322,3125 382,3125 443,3125 503,3125 563,3122 624,3122 684,3122 744,3122 805,3122 865,3122 925,3123 985,3125 1046,3122 1106,3122 1166,3122 1227,3122 1287,3122 1347,3122 1408,3119"/>
                <TextEquiv>
                    <Unicode>Aehnliches passiert. Die Mutter des Angeklagten sagte entlasten</Unicode>
                </TextEquiv>
            </TextLine>
            <TextLine id="tr_1_tl_37" custom="readingOrder {index:36;}">
                <Coords points="194,3170 1404,3170 1382,3125 194,3138"/>
                <Baseline points="202,3164 262,3165 322,3162 382,3164 443,3164 503,3164 563,3164 624,3164 684,3164 744,3164 805,3164 865,3164 925,3164 985,3164 1046,3161 1106,3161 1166,3161 1227,3161 1287,3161 1347,3161 1408,3164"/>
                <TextEquiv>
                    <Unicode>aus. — Richter (zum Angeklagten): Ich mache Sie aufmerksam, daß</Unicode>
                </TextEquiv>
            </TextLine>
            <TextLine id="tr_1_tl_38" custom="readingOrder {index:37;}">
                <Coords points="194,3213 1398,3206 1358,3164 194,3170"/>
                <Baseline points="202,3202 262,3202 322,3202 382,3202 442,3202 502,3202 562,3202 622,3202 682,3202 742,3204 802,3199 862,3202 922,3199 982,3199 1042,3202 1102,3200 1162,3200 1222,3199 1282,3199 1342,3199 1402,3199"/>
                <TextEquiv>
                    <Unicode>der Wiener Tierschutzverein gegen Sie bei der Polizei die Anzeige</Unicode>
                </TextEquiv>
            </TextLine>
            <TextLine id="tr_1_tl_39" custom="readingOrder {index:38;}">
                <Coords points="194,3250 1402,3247 1364,3203 194,3213"/>
                <Baseline points="202,3241 262,3241 322,3241 382,3241 442,3241 502,3241 562,3241 623,3241 683,3238 743,3238 803,3238 863,3241 923,3241 983,3239 1044,3241 1104,3239 1164,3239 1224,3238 1284,3238 1344,3238 1405,3235"/>
                <TextEquiv>
                    <Unicode>erstattet hat, weil Sie auf die Tiere geschossen haben. — Vert.: Er</Unicode>
                </TextEquiv>
            </TextLine>
            <TextLine id="tr_1_tl_40" custom="readingOrder {index:39;}">
                <Coords points="194,3305 1013,3287 1013,3250 959,3243 194,3256"/>
                <Baseline points="202,3280 242,3283 283,3283 324,3281 365,3280 405,3280 446,3279 487,3277 528,3280 568,3280 609,3280 650,3278 691,3279 731,3280 772,3280 813,3279 854,3278 894,3280 935,3280 976,3277 1017,3277"/>
                <TextEquiv>
                    <Unicode>wird sicherlich nicht mehr aus Amseln schießen.</Unicode>
                </TextEquiv>
            </TextLine>
            <TextLine id="tr_1_tl_41" custom="readingOrder {index:40;}">
                <Coords points="313,3328 1404,3352 1404,3267 1348,3256 1062,3294 313,3287"/>
                <Baseline points="322,3319 376,3319 430,3319 484,3319 539,3319 593,3319 647,3319 702,3319 756,3319 810,3322 865,3322 919,3319 973,3319 1027,3319 1082,3319 1136,3316 1190,3316 1245,3316 1299,3318 1353,3319 1408,3322"/>
                <TextEquiv>
                    <Unicode>Der Angeklagte wurde freigesprochen, da seine Tätersche</Unicode>
                </TextEquiv>
            </TextLine>
            <TextLine id="tr_1_tl_42" custom="readingOrder {index:41;}">
                <Coords points="189,3391 239,3388 271,3362 301,3386 392,3393 473,3365 514,3383 620,3365 658,3391 718,3368 700,3324 191,3326"/>
                <Baseline points="199,3361 225,3358 251,3358 277,3358 303,3358 329,3358 355,3358 382,3359 408,3361 434,3361 460,3361 486,3359 512,3358 538,3358 565,3358 591,3358 617,3358 643,3358 669,3358 695,3358 722,3358"/>
                <TextEquiv>
                    <Unicode>ni erwiesen werden konnte.</Unicode>
                </TextEquiv>
            </TextLine>
            <TextEquiv>
                <Unicode></Unicode>
            </TextEquiv>
        </TextRegion>
        <TextRegion orientation="0.0" id="tr_2" custom="readingOrder {index:1;}">
            <Coords points="1232,240 1232,396 1638,396 1638,240"/>
            <TextLine id="tr_2_tl_1" custom="readingOrder {index:0;}">
                <Coords points="1224,349 1284,363 1413,336 1457,361 1488,348 1543,365 1634,354 1634,280 1587,292 1570,278 1469,281 1429,316 1224,280"/>
                <Baseline points="1232,343 1257,341 1282,340 1308,342 1333,344 1358,345 1384,345 1409,343 1435,345 1460,346 1485,346 1511,345 1536,344 1561,343 1587,343 1612,343 1638,343"/>
                <TextEquiv>
                    <Unicode>box 447</Unicode>
                </TextEquiv>
            </TextLine>
            <TextEquiv>
                <Unicode></Unicode>
            </TextEquiv>
        </TextRegion>
        <TextRegion orientation="0.0" id="tr_3" custom="readingOrder {index:2;}">
            <Coords points="1856,1259 1856,3756 2710,3756 2710,1259"/>
            <TextLine id="tr_3_tl_1" custom="readingOrder {index:0;}">
                <Coords points="2158,1295 2238,1304 2272,1283 2405,1323 2425,1308 2558,1325 2592,1304 2586,1227 2550,1249 2375,1205 2285,1225 2223,1208 2154,1222"/>
                <Baseline points="2167,1280 2192,1282 2217,1283 2242,1285 2267,1287 2293,1291 2318,1293 2343,1295 2368,1296 2394,1298 2419,1300 2444,1302 2469,1303 2495,1305 2520,1307 2545,1307 2570,1307 2596,1307"/>
                <TextEquiv>
                    <Unicode>OBSERVER</Unicode>
                </TextEquiv>
            </TextLine>
            <TextLine id="tr_3_tl_2" custom="readingOrder {index:1;}">
                <Coords points="2046,1381 2155,1354 2677,1404 2671,1329 2418,1328 2320,1292 2193,1325 2039,1283"/>
                <Baseline points="2050,1331 2081,1337 2113,1344 2144,1350 2176,1354 2207,1357 2239,1357 2270,1355 2302,1357 2333,1359 2365,1361 2396,1365 2428,1368 2459,1370 2491,1373 2522,1375 2554,1378 2585,1382 2617,1383 2648,1384 2680,1384"/>
                <TextEquiv>
                    <Unicode>Wien,</Unicode>
                </TextEquiv>
            </TextLine>
            <TextLine id="tr_3_tl_3" custom="readingOrder {index:2;}">
                <Coords points="2130,1435 2207,1417 2301,1446 2360,1431 2397,1450 2577,1460 2582,1387 2400,1384 2338,1363 2302,1381 2219,1355 2125,1370"/>
                <Baseline points="2137,1402 2162,1405 2187,1409 2212,1412 2237,1414 2262,1414 2287,1415 2312,1417 2337,1417 2362,1417 2387,1421 2412,1424 2437,1427 2462,1429 2487,1429 2512,1430 2537,1432 2562,1430 2587,1426"/>
                <TextEquiv>
                    <Unicode>Telefon-</Unicode>
                </TextEquiv>
            </TextLine>
            <TextLine id="tr_3_tl_4" custom="readingOrder {index:3;}">
                <Coords points="1963,1491 1984,1484 2048,1496 2084,1485 2137,1509 2151,1496 2235,1511 2225,1434 2205,1441 2122,1422 2084,1425 2039,1407 1951,1407"/>
                <Baseline points="1967,1468 1994,1470 2021,1473 2048,1478 2075,1484 2102,1489 2129,1493 2156,1496 2183,1498 2210,1499 2238,1501"/>
                <TextEquiv>
                    <Unicode>lenes en</Unicode>
                </TextEquiv>
            </TextLine>
            <TextLine id="tr_3_tl_5" custom="readingOrder {index:4;}">
                <Coords points="1871,1541 1984,1549 2021,1575 2049,1561 2170,1561 2187,1576 2231,1562 2243,1575 2272,1568 2270,1494 2243,1488 2205,1516 2176,1497 2137,1511 2087,1485 2003,1496 1950,1463 1869,1470"/>
                <Baseline points="1880,1531 1906,1534 1932,1538 1958,1541 1985,1544 2011,1546 2037,1544 2063,1543 2090,1545 2116,1546 2142,1546 2168,1545 2195,1543 2221,1543 2247,1544 2274,1546"/>
                <TextEquiv>
                    <Unicode>24. AN. 1934</Unicode>
                </TextEquiv>
            </TextLine>
            <TextLine id="tr_3_tl_6" custom="readingOrder {index:5;}">
                <Coords points="1931,1686 2025,1667 2121,1685 2180,1659 2400,1673 2432,1652 2523,1696 2633,1682 2633,1582 2536,1582 2462,1624 2314,1584 1931,1594"/>
                <Baseline points="1940,1653 1974,1653 2009,1653 2044,1654 2079,1656 2113,1656 2148,1658 2183,1659 2218,1659 2252,1659 2287,1659 2322,1659 2357,1659 2391,1658 2426,1654 2461,1655 2496,1657 2530,1659 2565,1659 2600,1661 2635,1662"/>
                <TextEquiv>
                    <Unicode>Nonald Colman—Kay</Unicode>
                </TextEquiv>
            </TextLine>
            <TextLine id="tr_3_tl_7" custom="readingOrder {index:6;}">
                <Coords points="2160,1759 2176,1751 2238,1758 2263,1742 2278,1753 2301,1745 2349,1759 2367,1745 2396,1751 2399,1668 2353,1665 2317,1685 2282,1668 2240,1679 2187,1659 2164,1664"/>
                <Baseline points="2170,1737 2195,1737 2220,1734 2246,1734 2271,1734 2297,1734 2322,1733 2348,1731 2373,1730 2399,1728"/>
                <TextEquiv>
                    <Unicode>Francis</Unicode>
                </TextEquiv>
            </TextLine>
            <TextLine id="tr_3_tl_8" custom="readingOrder {index:7;}">
                <Coords points="2080,1813 2670,1809 2701,1806 2700,1756 2078,1748"/>
                <Baseline points="2086,1799 2116,1797 2147,1797 2178,1799 2209,1797 2240,1797 2271,1799 2302,1799 2333,1797 2364,1797 2395,1799 2425,1799 2456,1799 2487,1799 2518,1799 2549,1800 2580,1802 2611,1800 2642,1799 2673,1799 2704,1799"/>
                <TextEquiv>
                    <Unicode>Zur heutigen Uraufführung des</Unicode>
                </TextEquiv>
            </TextLine>
            <TextLine id="tr_3_tl_9" custom="readingOrder {index:8;}">
                <Coords points="2021,1851 2682,1851 2682,1803 2093,1817 2021,1797"/>
                <Baseline points="2029,1844 2061,1841 2094,1841 2127,1843 2160,1844 2193,1844 2226,1842 2258,1842 2291,1844 2324,1844 2357,1844 2390,1844 2423,1844 2456,1844 2488,1844 2521,1844 2554,1844 2587,1844 2620,1842 2653,1839 2686,1835"/>
                <TextEquiv>
                    <Unicode>Films „Kann eine Frau verzeihen</Unicode>
                </TextEquiv>
            </TextLine>
            <TextLine id="tr_3_tl_10" custom="readingOrder {index:9;}">
                <Coords points="2018,1904 2205,1892 2261,1918 2307,1895 2506,1915 2638,1897 2638,1850 2018,1851"/>
                <Baseline points="2026,1886 2056,1886 2087,1886 2118,1886 2149,1886 2179,1886 2210,1886 2241,1888 2272,1889 2302,1889 2333,1889 2364,1889 2395,1889 2425,1889 2456,1889 2487,1889 2518,1889 2548,1889 2579,1889 2610,1889 2641,1889"/>
                <TextEquiv>
                    <Unicode>im Burg= und Rotenturm=Kino.</Unicode>
                </TextEquiv>
            </TextLine>
            <TextLine id="tr_3_tl_11" custom="readingOrder {index:10;}">
                <Coords points="1913,1957 2698,1962 2698,1910 2665,1897 2346,1900 2314,1925 2234,1898 2003,1918 1913,1897"/>
                <Baseline points="1922,1949 1963,1949 2004,1949 2045,1950 2086,1952 2127,1951 2168,1949 2209,1949 2250,1952 2291,1952 2332,1952 2373,1952 2414,1952 2455,1952 2496,1952 2537,1953 2578,1954 2619,1952 2660,1951 2701,1946"/>
                <TextEquiv>
                    <Unicode>Das Wissenswerteste über die drei Haupt¬</Unicode>
                </TextEquiv>
            </TextLine>
            <TextLine id="tr_3_tl_12" custom="readingOrder {index:11;}">
                <Coords points="1860,1996 2341,2030 2698,2007 2698,1966 2264,1978 1860,1945"/>
                <Baseline points="1868,1996 1909,1995 1951,1993 1992,1993 2034,1993 2076,1993 2117,1996 2159,1996 2201,1996 2242,1996 2284,1996 2326,1996 2367,1996 2409,1996 2451,1997 2492,1999 2534,1999 2576,1998 2617,1996 2659,1996 2701,1990"/>
                <TextEquiv>
                    <Unicode>darsteller des Films „Kann eine Frau ver¬</Unicode>
                </TextEquiv>
            </TextLine>
            <TextLine id="tr_3_tl_13" custom="readingOrder {index:12;}">
                <Coords points="1860,2048 1885,2060 1900,2049 1931,2054 1944,2046 1983,2051 2018,2043 2036,2052 2039,2009 2022,2003 1974,2001 1944,2013 1913,2001 1897,2009 1863,2010"/>
                <Baseline points="1868,2044 1896,2042 1925,2040 1954,2038 1983,2036 2012,2034 2041,2032"/>
                <TextEquiv>
                    <Unicode>zeihen:</Unicode>
                </TextEquiv>
            </TextLine>
            <TextLine id="tr_3_tl_14" custom="readingOrder {index:13;}">
                <Coords points="1941,2096 2697,2096 2697,2048 2465,2054 2412,2028 2314,2055 1941,2046"/>
                <Baseline points="1949,2083 1986,2083 2024,2083 2061,2083 2099,2083 2137,2083 2174,2083 2212,2083 2249,2085 2287,2086 2325,2086 2362,2086 2400,2086 2437,2089 2475,2084 2513,2085 2550,2086 2588,2086 2625,2086 2663,2086 2701,2086"/>
                <TextEquiv>
                    <Unicode>Ronald Colman, der „Interessanteste</Unicode>
                </TextEquiv>
            </TextLine>
            <TextLine id="tr_3_tl_15" custom="readingOrder {index:14;}">
                <Coords points="1868,2137 2683,2143 2700,2095 2111,2107 1866,2081"/>
                <Baseline points="1874,2128 1915,2128 1957,2128 1998,2128 2040,2128 2081,2130 2123,2131 2164,2131 2206,2131 2247,2131 2289,2131 2330,2131 2372,2131 2413,2131 2455,2131 2496,2134 2538,2134 2579,2134 2621,2132 2662,2131 2704,2128"/>
                <TextEquiv>
                    <Unicode>Mann“ des amerikanischen Films, ist von</Unicode>
                </TextEquiv>
            </TextLine>
            <TextLine id="tr_3_tl_16" custom="readingOrder {index:15;}">
                <Coords points="1860,2183 2706,2180 2670,2134 1859,2146"/>
                <Baseline points="1868,2170 1910,2173 1952,2173 1994,2173 2036,2175 2078,2174 2120,2173 2162,2175 2204,2176 2246,2176 2289,2176 2331,2176 2373,2176 2415,2176 2457,2176 2499,2176 2541,2176 2583,2176 2625,2173 2667,2173 2710,2176"/>
                <TextEquiv>
                    <Unicode>Geburt Engländer: am 9. Februar 1891 in</Unicode>
                </TextEquiv>
            </TextLine>
            <TextLine id="tr_3_tl_17" custom="readingOrder {index:16;}">
                <Coords points="1866,2228 2697,2232 2682,2183 1866,2180"/>
                <Baseline points="1874,2214 1915,2217 1956,2217 1998,2219 2039,2220 2080,2220 2122,2220 2163,2220 2204,2221 2246,2222 2287,2220 2328,2220 2370,2220 2411,2220 2452,2220 2494,2220 2535,2220 2576,2220 2618,2220 2659,2220 2701,2217"/>
                <TextEquiv>
                    <Unicode>Richmond, Surrey, geboren. Mußte nach dem</Unicode>
                </TextEquiv>
            </TextLine>
            <TextLine id="tr_3_tl_18" custom="readingOrder {index:17;}">
                <Coords points="1860,2272 2700,2269 2677,2228 1860,2226"/>
                <Baseline points="1868,2259 1909,2262 1951,2265 1993,2265 2035,2263 2077,2262 2118,2264 2160,2263 2202,2263 2244,2265 2286,2265 2327,2264 2369,2263 2411,2265 2453,2265 2495,2265 2536,2265 2578,2268 2620,2266 2662,2265 2704,2262"/>
                <TextEquiv>
                    <Unicode>Tode seines Vaters als Sechzehnjähriger</Unicode>
                </TextEquiv>
            </TextLine>
            <TextLine id="tr_3_tl_19" custom="readingOrder {index:18;}">
                <Coords points="1866,2319 2700,2317 2700,2270 1866,2269"/>
                <Baseline points="1874,2307 1915,2307 1957,2307 1998,2307 2040,2309 2081,2310 2123,2310 2164,2310 2206,2310 2247,2310 2289,2310 2330,2310 2372,2310 2413,2310 2455,2310 2496,2310 2538,2310 2579,2310 2621,2310 2662,2310 2704,2310"/>
                <TextEquiv>
                    <Unicode>sein Brot selbst verdienen und arbeitete sich</Unicode>
                </TextEquiv>
            </TextLine>
            <TextLine id="tr_3_tl_20" custom="readingOrder {index:19;}">
                <Coords points="1860,2360 2698,2355 2698,2319 2615,2311 2340,2334 1860,2314"/>
                <Baseline points="1868,2352 1909,2352 1951,2352 1992,2352 2034,2352 2076,2355 2117,2355 2159,2355 2201,2355 2242,2355 2284,2355 2326,2355 2367,2355 2409,2355 2451,2355 2492,2355 2534,2355 2576,2355 2617,2355 2659,2352 2701,2349"/>
                <TextEquiv>
                    <Unicode>in fünf Jahren zu einer ansehnlichen Post¬</Unicode>
                </TextEquiv>
            </TextLine>
            <TextLine id="tr_3_tl_21" custom="readingOrder {index:20;}">
                <Coords points="1860,2403 2698,2406 2698,2355 2093,2382 1860,2361"/>
                <Baseline points="1868,2393 1909,2396 1951,2396 1992,2398 2034,2399 2076,2399 2117,2399 2159,2398 2201,2397 2242,2399 2284,2399 2326,2399 2367,2399 2409,2399 2451,2399 2492,2399 2534,2399 2576,2399 2617,2399 2659,2399 2701,2396"/>
                <TextEquiv>
                    <Unicode>tion empor. Das Theater war seit jeher ein</Unicode>
                </TextEquiv>
            </TextLine>
            <TextLine id="tr_3_tl_22" custom="readingOrder {index:21;}">
                <Coords points="1868,2450 2361,2446 2467,2476 2688,2455 2688,2411 2611,2403 1868,2408"/>
                <Baseline points="1877,2438 1917,2441 1958,2441 1999,2441 2040,2441 2080,2441 2121,2441 2162,2442 2203,2444 2243,2444 2284,2444 2325,2444 2366,2447 2406,2447 2447,2445 2488,2444 2529,2444 2569,2444 2610,2443 2651,2441 2692,2441"/>
                <TextEquiv>
                    <Unicode>Steckenpferd: er beteiligte sich oft an Ama¬</Unicode>
                </TextEquiv>
            </TextLine>
            <TextLine id="tr_3_tl_23" custom="readingOrder {index:22;}">
                <Coords points="1860,2515 1956,2500 2004,2508 2025,2496 2043,2506 2065,2494 2152,2511 2189,2502 2189,2452 2119,2462 2107,2452 1941,2458 1927,2447 1883,2456 1860,2446"/>
                <Baseline points="1868,2486 1893,2486 1918,2486 1943,2486 1968,2487 1993,2488 2018,2489 2043,2489 2068,2489 2093,2489 2118,2487 2143,2486 2168,2486 2193,2486"/>
                <TextEquiv>
                    <Unicode>teuraufführungen.</Unicode>
                </TextEquiv>
            </TextLine>
            <TextLine id="tr_3_tl_24" custom="readingOrder {index:23;}">
                <Coords points="1931,2546 2697,2556 2697,2482 1931,2503"/>
                <Baseline points="1940,2540 1978,2540 2016,2540 2054,2542 2092,2542 2130,2540 2168,2540 2206,2543 2244,2541 2282,2542 2320,2543 2358,2543 2396,2543 2434,2543 2472,2543 2510,2541 2548,2542 2586,2543 2624,2543 2662,2543 2701,2540"/>
                <TextEquiv>
                    <Unicode>1914 bis 1916 verbrachte Ronald Colman</Unicode>
                </TextEquiv>
            </TextLine>
            <TextLine id="tr_3_tl_25" custom="readingOrder {index:24;}">
                <Coords points="1857,2591 2697,2600 2671,2550 1857,2543"/>
                <Baseline points="1865,2584 1906,2584 1948,2584 1990,2584 2032,2584 2074,2584 2115,2586 2157,2585 2199,2584 2241,2585 2283,2587 2324,2587 2366,2587 2408,2587 2450,2587 2492,2587 2533,2587 2575,2587 2617,2585 2659,2584 2701,2587"/>
                <TextEquiv>
                    <Unicode>an der Front, bis er durch eine Verletzung</Unicode>
                </TextEquiv>
            </TextLine>
            <TextLine id="tr_3_tl_26" custom="readingOrder {index:25;}">
                <Coords points="1871,2639 2697,2644 2697,2602 2651,2592 2611,2614 2452,2591 2388,2621 2346,2594 1871,2591"/>
                <Baseline points="1880,2626 1921,2629 1962,2629 2003,2629 2044,2629 2085,2629 2126,2630 2167,2632 2208,2632 2249,2631 2290,2629 2331,2632 2372,2632 2413,2629 2454,2631 2495,2630 2536,2631 2577,2634 2618,2632 2659,2630 2701,2635"/>
                <TextEquiv>
                    <Unicode>frontdienstuntauglich wurde. Colman ging</Unicode>
                </TextEquiv>
            </TextLine>
            <TextLine id="tr_3_tl_27" custom="readingOrder {index:26;}">
                <Coords points="1860,2686 2691,2682 2670,2636 1860,2639"/>
                <Baseline points="1868,2677 1909,2674 1950,2674 1992,2674 2033,2675 2074,2677 2116,2674 2157,2677 2198,2677 2240,2674 2281,2674 2322,2676 2364,2677 2405,2677 2446,2677 2488,2677 2529,2677 2570,2676 2612,2674 2653,2674 2695,2671"/>
                <TextEquiv>
                    <Unicode>jetzt zum Theater, spielte auch zum Teil klei¬</Unicode>
                </TextEquiv>
            </TextLine>
            <TextLine id="tr_3_tl_28" custom="readingOrder {index:27;}">
                <Coords points="1863,2727 2697,2732 2679,2679 1863,2689"/>
                <Baseline points="1871,2716 1912,2716 1954,2719 1995,2719 2037,2719 2078,2719 2120,2719 2161,2719 2203,2719 2244,2719 2286,2719 2327,2719 2369,2719 2410,2719 2452,2719 2493,2719 2535,2719 2576,2719 2618,2719 2659,2719 2701,2716"/>
                <TextEquiv>
                    <Unicode>nere Rollen in englischen Filmen. Als er im</Unicode>
                </TextEquiv>
            </TextLine>
            <TextLine id="tr_3_tl_29" custom="readingOrder {index:28;}">
                <Coords points="1860,2772 2694,2774 2694,2732 2664,2727 1860,2722"/>
                <Baseline points="1868,2761 1909,2761 1951,2764 1992,2764 2034,2764 2075,2764 2117,2764 2158,2764 2200,2764 2241,2764 2283,2764 2324,2764 2366,2764 2407,2764 2449,2767 2490,2764 2532,2766 2573,2765 2615,2764 2656,2764 2698,2764"/>
                <TextEquiv>
                    <Unicode>Jahre 1920 kein Engagement hatte, fuhr er</Unicode>
                </TextEquiv>
            </TextLine>
            <TextLine id="tr_3_tl_30" custom="readingOrder {index:29;}">
                <Coords points="1863,2816 2694,2816 2677,2771 1863,2778"/>
                <Baseline points="1871,2805 1912,2805 1953,2805 1995,2805 2036,2805 2077,2805 2119,2805 2160,2805 2201,2805 2243,2806 2284,2808 2325,2808 2367,2808 2408,2808 2449,2808 2491,2808 2532,2808 2573,2810 2615,2809 2656,2808 2698,2808"/>
                <TextEquiv>
                    <Unicode>mit 37 Dollar in der Tasche nach New-York.</Unicode>
                </TextEquiv>
            </TextLine>
            <TextLine id="tr_3_tl_31" custom="readingOrder {index:30;}">
                <Coords points="1860,2860 2673,2865 2650,2810 2529,2837 2400,2809 1860,2818"/>
                <Baseline points="1868,2850 1908,2850 1948,2850 1989,2850 2029,2850 2070,2852 2110,2853 2151,2852 2191,2850 2232,2850 2272,2853 2312,2853 2353,2853 2393,2853 2434,2853 2474,2853 2515,2853 2555,2853 2596,2852 2636,2850 2677,2850"/>
                <TextEquiv>
                    <Unicode>1922 wird Colman dann wirklich entdeckt</Unicode>
                </TextEquiv>
            </TextLine>
            <TextLine id="tr_3_tl_32" custom="readingOrder {index:31;}">
                <Coords points="1863,2904 2688,2902 2677,2859 1863,2859"/>
                <Baseline points="1871,2895 1912,2895 1953,2897 1994,2898 2035,2896 2076,2897 2117,2897 2158,2895 2199,2896 2240,2898 2281,2898 2322,2898 2363,2898 2404,2898 2445,2898 2486,2898 2527,2896 2568,2895 2609,2896 2650,2897 2692,2895"/>
                <TextEquiv>
                    <Unicode>und spielt die Rolle, die ihn weltberühmt</Unicode>
                </TextEquiv>
            </TextLine>
            <TextLine id="tr_3_tl_33" custom="readingOrder {index:32;}">
                <Coords points="1857,2966 2086,2940 2695,2954 2695,2902 2630,2928 2562,2901 2264,2931 2133,2899 1857,2912"/>
                <Baseline points="1865,2937 1906,2940 1948,2940 1989,2940 2031,2940 2073,2940 2114,2940 2156,2940 2198,2941 2239,2942 2281,2941 2323,2943 2364,2943 2406,2940 2448,2940 2489,2943 2531,2943 2573,2943 2614,2943 2656,2941 2698,2943"/>
                <TextEquiv>
                    <Unicode>macht: als Partner von Lilian Gish in</Unicode>
                </TextEquiv>
            </TextLine>
            <TextLine id="tr_3_tl_34" custom="readingOrder {index:33;}">
                <Coords points="1854,3002 2692,2986 2692,2948 2645,2943 1854,2964"/>
                <Baseline points="1862,2990 1903,2986 1945,2984 1986,2984 2028,2984 2070,2984 2111,2984 2153,2984 2195,2984 2236,2982 2278,2983 2320,2984 2361,2984 2403,2985 2445,2987 2486,2987 2528,2987 2570,2986 2611,2984 2653,2984 2695,2978"/>
                <TextEquiv>
                    <Unicode>„Weiße Schwester. Jetzt bleibt er der be¬</Unicode>
                </TextEquiv>
            </TextLine>
            <TextLine id="tr_3_tl_35" custom="readingOrder {index:34;}">
                <Coords points="1854,3033 2697,3055 2682,2986 1854,3005"/>
                <Baseline points="1862,3026 1906,3029 1950,3029 1994,3026 2038,3029 2082,3029 2126,3029 2171,3029 2215,3029 2259,3029 2303,3029 2347,3031 2391,3032 2436,3032 2480,3032 2524,3032 2568,3032 2612,3030 2656,3029 2701,3029"/>
                <TextEquiv>
                    <Unicode>rühmte Star: als Bühnenschauspieler findet</Unicode>
                </TextEquiv>
            </TextLine>
            <TextLine id="tr_3_tl_36" custom="readingOrder {index:35;}">
                <Coords points="1860,3084 1924,3104 2102,3075 2260,3098 2586,3082 2586,3052 2547,3036 1860,3048"/>
                <Baseline points="1868,3074 1904,3074 1940,3074 1976,3074 2012,3074 2048,3074 2084,3074 2120,3074 2156,3074 2192,3074 2229,3074 2265,3074 2301,3076 2337,3076 2373,3074 2409,3074 2445,3077 2481,3075 2517,3074 2553,3075 2590,3074"/>
                <TextEquiv>
                    <Unicode>er leicht den Uebergang zum Tonfilm.</Unicode>
                </TextEquiv>
            </TextLine>
            <TextLine id="tr_3_tl_37" custom="readingOrder {index:36;}">
                <Coords points="1931,3129 2691,3138 2691,3086 2632,3075 1931,3087"/>
                <Baseline points="1940,3116 1977,3119 2015,3119 2053,3119 2091,3119 2128,3119 2166,3119 2204,3119 2242,3117 2279,3118 2317,3119 2355,3119 2393,3119 2430,3119 2468,3121 2506,3122 2544,3121 2581,3119 2619,3119 2657,3119 2695,3122"/>
                <TextEquiv>
                    <Unicode>Kay Francis ist Amerikanerin, Tochter</Unicode>
                </TextEquiv>
            </TextLine>
            <TextLine id="tr_3_tl_38" custom="readingOrder {index:37;}">
                <Coords points="1857,3170 2691,3169 2657,3125 2246,3144 1857,3120"/>
                <Baseline points="1865,3161 1906,3161 1948,3162 1989,3164 2031,3164 2072,3164 2114,3164 2155,3164 2197,3164 2238,3162 2280,3163 2321,3162 2363,3163 2404,3164 2446,3165 2487,3165 2529,3164 2570,3164 2612,3164 2653,3164 2695,3158"/>
                <TextEquiv>
                    <Unicode>einer Schauspielerin. Erziehung in verschie¬</Unicode>
                </TextEquiv>
            </TextLine>
            <TextLine id="tr_3_tl_39" custom="readingOrder {index:38;}">
                <Coords points="1854,3225 2692,3223 2682,3166 2493,3199 2406,3170 1854,3173"/>
                <Baseline points="1862,3205 1903,3205 1945,3205 1986,3207 2028,3208 2070,3208 2111,3206 2153,3206 2195,3208 2236,3208 2278,3208 2320,3208 2361,3208 2403,3208 2445,3208 2486,3211 2528,3211 2570,3209 2611,3208 2653,3208 2695,3208"/>
                <TextEquiv>
                    <Unicode>denen Pensionaten, ein Versuch, als kauf¬</Unicode>
                </TextEquiv>
            </TextLine>
            <TextLine id="tr_3_tl_40" custom="readingOrder {index:39;}">
                <Coords points="1854,3265 2692,3265 2692,3223 2660,3214 1854,3228"/>
                <Baseline points="1862,3250 1903,3250 1945,3250 1986,3252 2028,3253 2070,3253 2111,3253 2153,3253 2195,3252 2236,3251 2278,3253 2320,3253 2361,3253 2403,3253 2445,3253 2486,3256 2528,3253 2570,3253 2611,3253 2653,3253 2695,3250"/>
                <TextEquiv>
                    <Unicode>männische Angestellte zu arbeiten. Bis sie</Unicode>
                </TextEquiv>
            </TextLine>
            <TextLine id="tr_3_tl_41" custom="readingOrder {index:40;}">
                <Coords points="1860,3309 2691,3306 2668,3259 1860,3267"/>
                <Baseline points="1868,3298 1909,3295 1950,3297 1992,3298 2033,3298 2074,3298 2116,3298 2157,3299 2198,3300 2240,3297 2281,3296 2322,3298 2364,3298 2405,3298 2446,3301 2488,3298 2529,3298 2570,3298 2612,3298 2653,3298 2695,3298"/>
                <TextEquiv>
                    <Unicode>zur Ueberzeugung gelangt, daß die Bühne</Unicode>
                </TextEquiv>
            </TextLine>
            <TextLine id="tr_3_tl_42" custom="readingOrder {index:41;}">
                <Coords points="1863,3356 2691,3355 2662,3302 1863,3309"/>
                <Baseline points="1871,3343 1912,3340 1953,3342 1994,3343 2035,3341 2077,3340 2118,3342 2159,3342 2200,3340 2241,3341 2283,3343 2324,3343 2365,3343 2406,3343 2447,3346 2489,3344 2530,3343 2571,3343 2612,3343 2653,3342 2695,3343"/>
                <TextEquiv>
                    <Unicode>für sie das einzige Flement sei, in dem sie</Unicode>
                </TextEquiv>
            </TextLine>
            <TextLine id="tr_3_tl_43" custom="readingOrder {index:42;}">
                <Coords points="1863,3396 2691,3394 2689,3356 2629,3347 1862,3355"/>
                <Baseline points="1871,3381 1912,3384 1953,3384 1994,3386 2035,3385 2077,3384 2118,3384 2159,3384 2200,3384 2241,3385 2283,3386 2324,3384 2365,3387 2406,3387 2447,3387 2489,3387 2530,3387 2571,3385 2612,3384 2653,3384 2695,3384"/>
                <TextEquiv>
                    <Unicode>wirklich leben könne. Spielt in verschiedenen</Unicode>
                </TextEquiv>
            </TextLine>
            <TextLine id="tr_3_tl_44" custom="readingOrder {index:43;}">
                <Coords points="1863,3444 2691,3435 2659,3396 1863,3393"/>
                <Baseline points="1871,3429 1912,3429 1953,3430 1994,3431 2035,3430 2077,3432 2118,3432 2159,3432 2200,3429 2241,3432 2283,3432 2324,3432 2365,3432 2406,3432 2447,3433 2489,3434 2530,3431 2571,3429 2612,3429 2653,3429 2695,3426"/>
                <TextEquiv>
                    <Unicode>Filmen, bis sie den Rang eines „Stars er¬</Unicode>
                </TextEquiv>
            </TextLine>
            <TextLine id="tr_3_tl_45" custom="readingOrder {index:44;}">
                <Coords points="1865,3482 2689,3494 2691,3452 2632,3430 1866,3448"/>
                <Baseline points="1874,3474 1915,3477 1956,3477 1997,3475 2038,3474 2079,3474 2120,3474 2161,3474 2202,3474 2243,3475 2284,3477 2325,3474 2366,3474 2407,3477 2448,3477 2489,3477 2530,3475 2571,3474 2612,3474 2653,3473 2695,3474"/>
                <TextEquiv>
                    <Unicode>ringt. Bei uns wird sie berühmt durch Lu¬</Unicode>
                </TextEquiv>
            </TextLine>
            <TextLine id="tr_3_tl_46" custom="readingOrder {index:45;}">
                <Coords points="1854,3526 2694,3521 2667,3483 1854,3479"/>
                <Baseline points="1862,3516 1903,3519 1945,3522 1987,3522 2029,3522 2071,3520 2112,3519 2154,3519 2196,3519 2238,3519 2280,3519 2321,3519 2363,3520 2405,3522 2447,3522 2489,3522 2530,3522 2572,3519 2614,3519 2656,3519 2698,3516"/>
                <TextEquiv>
                    <Unicode>bitsch' „Trubel im Paradies. Ihr Lieblings¬</Unicode>
                </TextEquiv>
            </TextLine>
            <TextLine id="tr_3_tl_47" custom="readingOrder {index:46;}">
                <Coords points="1854,3580 2688,3573 2688,3524 2370,3547 2337,3524 1854,3527"/>
                <Baseline points="1862,3563 1903,3563 1945,3563 1986,3565 2028,3566 2069,3566 2111,3564 2152,3563 2194,3563 2235,3563 2277,3563 2318,3563 2360,3563 2401,3563 2443,3566 2484,3566 2526,3564 2567,3563 2609,3563 2650,3565 2692,3563"/>
                <TextEquiv>
                    <Unicode>autor ist Schnitzler. Gilt als die bestange¬</Unicode>
                </TextEquiv>
            </TextLine>
            <TextLine id="tr_3_tl_48" custom="readingOrder {index:47;}">
                <Coords points="1857,3619 2685,3622 2685,3571 1857,3580"/>
                <Baseline points="1865,3611 1906,3608 1947,3608 1988,3608 2029,3608 2071,3608 2112,3608 2153,3608 2194,3608 2235,3608 2277,3608 2318,3608 2359,3608 2400,3608 2441,3608 2483,3609 2524,3610 2565,3608 2606,3608 2647,3608 2689,3605"/>
                <TextEquiv>
                    <Unicode>zohene Frau Amerikas und liebt im Privat¬</Unicode>
                </TextEquiv>
            </TextLine>
            <TextLine id="tr_3_tl_49" custom="readingOrder {index:48;}">
                <Coords points="1854,3656 2685,3666 2665,3615 2612,3639 2543,3612 1854,3619"/>
                <Baseline points="1862,3653 1903,3651 1944,3653 1986,3653 2027,3653 2068,3653 2110,3653 2151,3653 2192,3653 2234,3653 2275,3653 2316,3653 2358,3653 2399,3653 2440,3653 2482,3653 2523,3653 2564,3654 2606,3655 2647,3650 2689,3650"/>
                <TextEquiv>
                    <Unicode>leben richtige Hausfrauentätigkeit. Ist die</Unicode>
                </TextEquiv>
            </TextLine>
            <TextLine id="tr_3_tl_50" custom="readingOrder {index:49;}">
                <Coords points="1857,3718 2632,3710 2632,3668 2521,3654 1857,3660"/>
                <Baseline points="1865,3698 1903,3698 1942,3698 1980,3698 2019,3698 2057,3698 2096,3698 2134,3698 2173,3698 2211,3698 2250,3698 2288,3698 2327,3698 2365,3698 2404,3698 2442,3698 2481,3698 2519,3698 2558,3698 2596,3698 2635,3695"/>
                <TextEquiv>
                    <Unicode>schönste Frau des amerikanischen Films</Unicode>
                </TextEquiv>
            </TextLine>
            <TextLine id="tr_3_tl_51" custom="readingOrder {index:50;}">
                <Coords points="1848,3743 2592,3754 2592,3716 2550,3707 1848,3721"/>
                <Baseline points="1856,3743 1893,3743 1930,3743 1967,3743 2004,3743 2041,3743 2078,3743 2115,3743 2152,3743 2189,3743 2226,3743 2263,3743 2300,3743 2337,3745 2374,3746 2411,3746 2448,3745 2485,3743 2522,3743 2559,3745 2596,3746"/>
                <TextEquiv>
                    <Unicode>ohne Diäten und Abmagerungskuren.</Unicode>
                </TextEquiv>
            </TextLine>
            <TextEquiv>
                <Unicode></Unicode>
            </TextEquiv>
        </TextRegion>
    </Page>
</PcGts>
