3344 4352
148 263 278 342 13.
393 259 1011 365 scellaneous
516 503 723 606 GRA
229 574 1016 677 „OBSERVER
319 677 977 732 1. österr. behördl. konzessioniertes
290 720 1007 790 Unternehmen für Zeitungs-Ausschnitte
358 779 936 850 WIEN, I., WOLLEILE 11
426 830 874 889 TELEPHON R-23-0-43
237 970 587 1044 Ausschnitt aus:
586 1000 1043 1136 te laeten,
460 1145 872 1273 23. P. 15
237 1198 368 1263 vom
266 1341 1213 1446 Lustspielzyklus im Burgtheater
209 1400 1303 1491 Direktor Röbbeling plant in dieser Saison einen Lust¬
172 1474 1301 1535 spielzyklus, der Freytags „Journalisten“, Grillparzers
172 1520 1301 1588 „Weh dem, der lügt!“, Benedix „Zärtliche Verwandten“,
169 1575 1300 1633 Kotzebues „Deutsche Kleinstädter" sowie Werke von Nestroy,
169 1625 1303 1702 Raimund, Bauernfeld, Schnitzler und Bahr umfassen
164 1671 290 1730 wird.
1198 268 1619 352 box 44/6
2165 148 2586 198 TELEPHON -23-0-4.
1968 254 2331 336 Ausschnitt aus:
1974 452 2796 583 vom sterreich
2260 683 2651 810 26.S.P. 10
1803 754 1888 812 das
1806 797 1903 862 Woh-
1809 852 1905 911 Schl.
2898 893 2980 960 ene
1807 899 1900 958 preß
1809 948 1897 1000 in O
2901 989 2977 1054 osef
1809 992 1897 1054 Hilfe
1814 1026 2977 1105 hörte, der aus seiner Dachkammer herbeiente. Seine An¬
1809 1088 2975 1146 näherung mußten die Täter gehört haben, da sie eilig die
1811 1136 2978 1198 Flucht ergriffen. Frau Kafka hat durch die Knebelung im
1809 1184 2977 1238 Gesichte, an der Nase und am Halse Kratzwunden erlitten und
1814 1230 2977 1285 klagt über Schmerzen in den Kiefergelenken. Außerdem hat
1814 1278 2977 1341 sie an den Händen blutunterlaufene Stellen und, vermutlich
1811 1325 2978 1383 durch einen Schlag, einen Bluterguß oberhalb eines Fuß¬
1809 1375 2975 1428 knöchels erlitten. Infolge des Schreckens konnte sie bisher
1806 1424 2977 1480 keine ausführliche Schilderung geben. Sie weiß nur, daß von
1809 1470 2975 1535 den zwei Burschen einer eine Taschenlampe hatte. Am Tat¬
1811 1519 2978 1578 orte wurde ein grünlicher Mantel gefunden, dessen Firmen¬
1814 1569 2981 1628 zeichen darauf schließen läßt, daß einer der Täter ein Ein¬
1817 1619 2527 1690 heimischer ist. Gestohlen wurde nichts.
2129 1668 2677 1769 Salzburger Kinoprogramm:
1881 1746 2407 1806 Central-Tonkino: „Dirnenlied.
1887 1785 2795 1844 Liska-Tonkino: „Ich bin ein entflohener Kettenstä
1881 1841 2792 1903 Lichtspielhaus Maxglan: „Gruß und Kuß, Veronika."
1887 1879 2501 1949 Mirabell-Tonkino: „Mieter Schulze.
1884 1930 2422 1998 Mozart-Tonkino: „Der Sieger.
1919 2084 2888 2184 Theater, Kunst und Musik.
1896 2190 2907 2274 Die nächste Zukunft des Linzer Landestheaters.
2113 2257 2992 2332 Von besondere Seite wird uns nachstehende Wür¬
2036 2323 2983 2370 digung der am Freitag von Dir. Ignaz Brantner
2042 2369 2983 2419 im Linzer Sender ausgeführten Pläne für das neue
2039 2410 2619 2478 Spieljahr zur Verfügung gestellt:
1878 2472 2990 2540 Die Direktion des Linzer Theaters hat vor einigen Tagen
1811 2504 2986 2570 ihr Aktionsprogramm für die kommende Spielzeit be¬
1814 2572 2993 2623 kanntgegeben. Dieses Programm ist — das sei von vorn¬
1811 2619 2990 2679 herein betont — im großen und ganzen wohl durchdacht
1814 2672 2990 2734 und sympathisch, wenn gleich ihm einige kleine Schön¬
1820 2721 2218 2801 heitsfehler anhaften.
1872 2765 2990 2829 Das Erfreulichste daran ist, daß endlich einmal ein Bühnen¬
1817 2823 2992 2884 leiter jene Feststellung wagt, die eigentlich schon seit einigen
1817 2876 2992 2932 Jahren auf der Hand liegt: Nämlich, daß die „leichte
1820 2925 2994 2977 Unterhaltungsware abgewirtschaftet hat.
1817 2975 2992 3028 Die Dutzend=Operette, das Dutzend=Lustspiel ziehen nicht mehr.
1817 3023 2992 3082 Nicht nur, weil sich der Publikumsgeschmack wirklich erfreulich
1823 3071 2993 3131 gewandelt hat, sondern weil gerade auf diesem Gebiete (und
1817 3119 2986 3170 nur auf diesem der Tonfilm eine nicht zu schlagende Kon¬
1820 3167 2992 3222 kurrenz für das mit Geldmitteln nur dürftig ausgestattete
1826 3222 2990 3277 Provinztheater bildet. (Es ist dies auch eine Schlußfolgerung,
1826 3265 2990 3326 die im „Österr. Morgenblatt" schon im Frühjahr, nach Be¬
1823 3311 2990 3394 endigung der vorjährigen Spielzeit, gezogen worden ist.
1817 3361 2100 3431 Anm. d. Red.)
1881 3413 2983 3482 Wenn also im Spielplan Wert gelegt wird auf gediegene,
1826 3475 2990 3534 gehaltvolle Kunstwerke, so ist dem voll und ganz beizustim¬
1820 3522 2987 3579 men; ebenso dem Bekenntnis zum bodenständi¬
1817 3568 2984 3630 gen, österreichischen Theater. Doch sei hier nicht
1817 3614 2992 3670 verschwiegen, daß man unter den angekündigten Klassikern
1820 3663 2990 3716 den Wahl=österreicher Hebbel vermißt, unter den Dichtern der
1825 3712 2983 3774 jüngsten Vergangenheit Strindberg und Wedekind, vor allem
1820 3762 2987 3823 aber Österreichs repräsentativsten Dramatiker der Moderne:
1817 3809 2986 3864 Arthur Schnitzler. Auch an Thaddäus Rittner, Wilhelm von
1826 3860 2986 3926 Scholz, Walter von Molo (um nur ein paar Namen zu nen¬
1817 3910 2688 3969 nen) sei in diesem Zusammenhange erinnert.
1890 3959 2990 4019 Nun gibt es aber außer jenem Trugschluß, daß nur die
1817 4013 2986 4070 „leichte Unterhaltungskost“ das Heil des Theaters bilde, noch
1803 4062 2992 4135 zwei weitere Irrtümer, denen sich die Direktion ebenfalls nicht
