3392 4352
199 263 360 358 13.
392 253 1057 369 Miscellaneous
1247 261 1666 357 box 447
534 627 1359 746 OBSERVER
665 719 1311 779 1. österr. behördl. konzessioniertes
635 769 1340 838 Unternehmen für Zeitungs-Ausschnitte
692 821 1272 893 WIEN, I., WOLLEILE 11
758 878 1208 942 TELEPHON R-23-0-43
1775 2311 1873 2380 ab
2574 349 2810 447 und
2503 436 2695 528 7. MRZ
2196 555 3009 637 Die neue gute alte Zeit
2223 625 3048 698 Es geht den Epochen genau wie den Moden
2186 682 3048 750 und den Menschen: sie treten an, mit Neugierde
2184 729 3047 791 empfangen, mit Begeisterung begrüßt wer¬
2187 778 3048 829 den zur Gewohnheit, gelangen ins Ausgedinge,
2184 828 3050 887 müssen sich als antiquiert belächeln lassen, bis
2184 878 3050 922 sie sterben und vergehen und dann unter der
2184 923 3047 984 Gloriole der Erinnerung, der verschönernden
2190 970 3047 1040 Patina des pietätvollen Gedenkens wieder¬
2190 1015 2489 1085 erweckt werden.
2232 1057 3050 1124 Das Fin de siècle ist jetzt an der Reihe,
2190 1105 3051 1171 solche Urstand zu feiern. Wir blicken rück
2192 1161 3050 1217 und finden, daß es doch schön gewesen und
2192 1206 3060 1265 daß uns under hastiger jagender Fortschritt
2190 1253 3059 1325 ins gepriesene XX. Jahrhundert nur eben in
2192 1315 2818 1366 der Zeit viel weiter gebracht hat.
2241 1351 3065 1408 Es war natürlich Aufgabe des Films, den
2196 1400 3058 1460 Reiz jener Zeit zu entdecken, die wir denn
2199 1445 3062 1505 auch, dem optischen Moment folgend, die
2202 1498 3064 1562 „Roznicek Zeit benamsen. Daß Willy Forst
2198 1540 3071 1604 den neuen Wessely-Film ins Kostüm jener Zeit
2199 1592 3066 1654 stellt, daß May West den Mut hatte, Frauen auf
2196 1639 3063 1697 die Leinwand zu bringen, deren Konturen
2196 1686 3069 1743 Kurven, nicht gerade Linien aufwiesen — das
2196 1739 3070 1789 ist eine Folge jener historischen Filme, etwa
2205 1779 3069 1849 jenes, in der Diana Wyniard bewies, wie schön
2195 1826 3065 1889 die Frauen im toupierten Haar mit den
2196 1877 3069 1928 langen taillierten Röcken über schwarzen
2205 1932 2859 1985 Seidenstrümpfen ausgesehen haben.
2241 1970 3076 2032 Es war doch eine schöne Zeit — sogar die
2196 2023 3069 2080 Mode erkennt das. Man macht den Frauen
2202 2070 3074 2136 Kleider, die aussehen, als hätten sie sie von
2202 2121 3078 2187 ihren Großmüttern geborgt — denn die Mütter
2202 2176 3065 2228 haben sich in der Zwischenzeit so sehr ver¬
2211 2215 3074 2281 jüngt, daß keine zugeben wird, sie wäre schon
2211 2260 3077 2327 vor 1900 erwachsen gewesen. Man macht ihnen
2208 2307 3077 2363 Capes aus plissierten Tafft, man gibt ihnen
2205 2356 3081 2412 Spitzenjabots, man präsentiert ihnen wieder
2210 2406 3081 2471 ausgestopfte Vogelbälge und es sieht bald so
2208 2464 3077 2514 aus, als dürften wir uns wieder über modische
2205 2503 3074 2559 Fragen entrüsten, wie einst. Denn natürlich ge¬
2205 2552 3081 2610 fallen den Frauen diese verklungenen Motive
2256 2597 3086 2658 haben sie vorgestern über die antiquierte
2214 2643 3081 2729 Mode gelacht, so finden sie sie heute als
2208 2699 2584 2763 Kostüm entzückend.
2292 2736 3089 2807 Aber die Renaissance einer Epoche ist
2211 2784 3084 2853 niemals allein auf äußerlichkeiten fundiert.
2223 2842 3084 2894 Wir sehnen uns nach der Reznicek-Zeit als
2208 2887 3083 2946 nach der letzten, uns naheliegendeten, in der
2214 2932 3084 2997 es noch so etwas wie Romantik gab. Die
2214 2985 3086 3047 Menschen trugen nicht nur Dessous, sie trugen
2220 3027 3083 3092 auch ein Innenleben und sie verbargen und
2226 3078 3087 3142 enthüllten beides zur rechten Zeit und mit der
2214 3135 2545 3201 nötigen Wirkung.
2259 3167 3089 3236 Schnitzler-Menschen schritten durch eine
2229 3226 3085 3291 war von Problemen der Seele
2220 3273 3077 3328 und die Ibsen Leute exzellierten in einem Ober¬
2223 3314 3086 3379 schwang, den sich heute nur ein sehr sanierter
2223 3367 3089 3429 Mensch erlauben dürfte — also gar keiner.
2220 3420 3081 3476 Heute ist man auf Steuerbekenntnisse neu¬
2226 3478 3088 3533 gieriger denn auf Bekenntnisse einer schönen
2220 3514 3095 3568 Seele, man basiert die Probleme nicht auf die
2220 3562 3089 3623 Seiten der Tagebücher, sondern auf jene des
2223 3616 3090 3678 Kontoauszugs. Wir wünschen zu wissen, was
2229 3659 3093 3718 unser Held verdient und womit er es verdient
2229 3702 3098 3769 und welcher Nebenverdienst ihm die Reise in
2220 3751 3093 3814 die Schweiz möglich gemacht hat. Wie viel
2228 3800 3090 3864 zahlt er dort Pension? Und was bestet jener
2223 3853 3087 3918 Abend in der Bar, der in ihrem Schlaf¬
2229 3912 3092 3957 zimmer endet? Wir möchten, daß der Bau¬
2229 3956 3099 4008 meister Solnes seinen Bankrott mit falschen
2226 3989 3093 4050 Pfundspekulationen erklärt (es können auch
2235 4044 3097 4107 Dollar gewesen sein) und wir werden einer
2226 4088 3088 4150 neuen Ida Gabler nur dann ein Selbstmord
2229 4141 3102 4196 motiv zubilligen können, wenn das Vermögen
2851 4183 3098 4237 nachen sollte.
