3392 4352
151 268 995 381 13. Miscellaneous
1184 271 1621 373 box 44/6
679 795 980 988 RAI
354 961 1150 1097 „OBSERVER
437 1059 1108 1146 I. österr. behördl. konzessioniertes
411 1112 1135 1206 Unternehmen für Zeitungs-Ausschnitte
483 1172 1074 1259 WIEN, I., WOLLEILE 11
562 1229 1014 1297 TELEPHON R-23-0-43
369 1353 731 1478 Ausschnitt aus:
509 1436 1180 1542 Grosse Volkszeitung,
513 1516 1184 1625 Wien, 20. Sept, 1933.
388 1602 520 1681 vom
1154 1749 3303 1844 ein komfortabler Raum. Das kellerartige sie unausgesetzt zu „schneuzen". Diese Marköre Geschäft ging gut,
2944 1825 3310 1889 Nachfolger, der de
264 1791 1131 1885 Wien im Kaffeehaus.
1161 1825 2918 1885 Gewölbe glich weit eher einem alten Burg waren aber ursprünglich nicht Kellner, nicht
2948 1866 3310 1934 fangs des neunze
358 1862 2918 1949 In den schweren Zeiten nach der zimmer. Auch die Einrichtung mit ihren jene prunkvoll gekleideten Respektspersonen
2937 1908 3182 1972 Rang ablief
260 1896 2914 1987 Befreiung Wiens von Türkengefahr, als die groben, roh gezimmerten Tischen, die Be¬ wie etwa vor einem und anderthalb Jahr
2047 1953 2918 2009 hunderten, sondern Diener, die die Gut¬
1154 1960 2021 2013 leuchtung durch Pecksackeln sowie das nich
3042 1945 3306 2024 Indessen war
264 1975 1052 2047 alte Kaiserstadt eben wieder daran war,
1154 1991 2922 2055 immer sehr vornehme Publikum des Lokals punkte der Billardspieler aufzuschreiben
2948 1975 3306 2062 schöne, reich bebil¬
264 2013 1127 2077 von den fürchterlichen Schlägen der letzten
2055 2040 2922 2092 hatten, und erst allmählich wandelte der
2944 2043 3310 2107 Ludwig Viktor Eck
1154 2051 2021 2100 hoben den düsteren, unfreundlichen Eindruc
271 2058 1135 2141 Jahre zu erholen, da konnte man allenthalben
2047 2081 2914 2141 Name seine Bedeutung, wie überhaupt da¬
1154 2092 2021 2141 keineswegs. Erst später wurde es be
2948 2092 3314 2153 schrift des Gremiun
264 2107 1131 2160 bei Volksfesten, Jahrmärkten, Kirchweih
1154 2119 2922 2205 Kolschitzky gemütlicher, und da kamen dann Kaffeehaus von einst seinen Zweck und seine
2948 2138 3287 2194 Wien erzählt —
260 2153 1131 2205 veranstaltungen und andern Gelegenheiten
2055 2179 2262 2239 Bedeutung
1154 2172 2021 2228 auch nicht selten Graf Starhemberg, Prin
2941 2175 3299 2236 und wollte nicht
260 2198 1135 2273 wo größere Mengen zusammenströmten, einen
1161 2217 2028 2270 Eugen und wohlhabende Bürger zu Besuck
2948 2224 3303 2281 keiten hören und
2123 2213 2918 2288 War man früher gekommen, um den
268 2243 1135 2292 Mann in Türkenkleidung sehen, der zwei
1161 2258 2036 2307 in sein zweites Kaffeehaus „zur Blauen
2948 2266 3303 2319 für diese Unterha=
2058 2270 2926 2326 schwarzen Trank halb wider Willen zu
264 2273 1139 2345 Fässer vor sich stehen, über sie ein Brett
1165 2303 2028 2352 Flasche" (Stock=im=Eisen=Platz 6). Er servierte
2944 2311 3310 2364 prunkvolleren Nah
2058 2307 2922 2371 schlürfen, hatte man später gern Kolschitzky
264 2322 1139 2386 gelegt hatte und darauf nun eine Pfanne
1154 2352 2024 2417 den Kaffee im Mörser gestoßen, gekocht un¬
2055 2356 3314 2417 Erzählungen seiner Heldentaten während der wirkte sich hier aus
268 2371 1135 2424 stellte, die einen primitiven Herd bildete
1161 2390 2036 2458 mit Milch geweißt, plauderte gern mit den
2944 2398 3299 2447 stadt Frankreichs.
271 2409 1135 2466 Darüber hing an einem Dreifuß ein blauen
1165 2401 2918 2507 Gästen, die er selbst und seine Gattin Ursula Belagerung gelauscht, so vernahm man bal¬
2043 2439 3303 2507 auch wieder mit Vergnügen andre Neuigkeiten, der dortigen Gast¬
260 2450 1131 2511 Blechkessel mit lustig brodelndem Wasser, und
1161 2481 1357 2545 bedienten.
2948 2492 3303 2537 richtete denn Ign
2047 2492 2918 2549 allmählich trafen einander die Kuriere, und
264 2500 1135 2556 von Zeit zu Zeit schenkte der Türke in kleiner
1244 2492 2021 2571 Etliche Jahre später übersiedelte de
2055 2530 3303 2590 damit waren die Kaffeehäuser zur Zentrale des Hauses Plan
260 2545 1135 2616 Schalen eine dunkle Suppe aus, die er den
1165 2545 2032 2613 Pole neuerlich. Endlich war sein Wunsch in
2051 2567 3303 2635 des lokalen und internationalen Tratsches ge= Markt 12) eine G
264 2582 1131 2662 Publikum für einen Kreuzer anbot. Dan¬
1157 2598 2028 2662 Erfüllung gegangen, er durfte ein Grundstück
2948 2616 3314 2673 Prunks den Nam
2055 2624 2918 2680 worden. Von diesen Kurieren bezogen die
268 2631 1135 2688 schrie er wieder sein: „Allah il Allah
1161 2650 2028 2703 am Untern Werd in der Gegend der späterer
2948 2658 3295 2722 haus" erhielt. Sie
2055 2665 2918 2718 ersten Zeitungen mancherlei Nachrichten, ge¬
271 2669 1146 2729 Schwarzen, echten türkischen Kaffee, nur einen
1161 2688 2024 2748 Ferdinandsbrücke sein Eigen nennen. Da ga¬
2055 2699 3299 2763 legentlich stammten die Neuigkeiten wohl über¬ der Wiener ber¬
264 2718 1131 2771 Kreuzer kostet die türkische Suppe Kaffee!
1157 2729 2021 2786 es denn nun bald reges Leben, das zur Nach
2944 2745 3303 2805 Künstler und es
268 2752 1135 2816 Das Publikum scheint aber die Neuheit nich
1154 2748 2914 2831 ahmung reizte, und es tauchten Konkurrenten haupt aus dem Kaffeehaus, und da man sich
2055 2794 3212 2850 nun einmal gewöhnt hatte, hier bei einer einmal eine
268 2805 1135 2861 übermäßig geliebt zu haben, der orientalisch¬
1154 2816 2028 2877 auf. Die waren aber weit weniger berühm
2948 2831 3303 2903 schreibungen des
1165 2843 2918 2918 als Kolschitzky und seine Nachfolger, die später Schale Schwarzen oder Weißen viele
275 2850 1139 2903 Trank war zu bitter, und erst als durch
2944 2877 3291 2941 Plankengasse aus
2051 2873 2918 2937 aus der Welt zu erfahren, die Neuig
268 2892 1135 2948 Zufall, man erzählt sich bei einem Brigitta
1165 2903 2028 2959 am Anfang der Jägerzeile in der Leopoldstad
2055 2922 3303 2975 keiten der Politik, Literatur und des Wiener Persönlich
256 2929 1131 3005 kirtag, Sirup in Kolschitzkys Gebräu — de
1165 2948 2028 3001 ein schönes, großes Kaffeehaus mit Garten
2948 2967 3303 3024 uns zum Beispiel
2055 2963 2831 3020 Theaters im Kaffeehaus zu hören
268 2982 2036 3042 „Türke" war nämlich niemand andrer als der und schattigen Sitzplätzen errichteten. Um
2051 3008 3303 3069 kam einer der Kaffeesieder des achtzehnten immer mit histori¬
264 3020 1139 3076 verdienstvolle Kundschafter aus der Be¬
1161 3027 2028 3103 1700 gab es erst vier derartige Lokale in
2062 3054 3295 3122 Jahrhunderts, Cramer, auf den Gedanken, und bildhaft das
268 3057 1139 3122 lagerungszeit — geriet, als er den bitterer
1161 3073 2032 3125 Wien, und im nächsten halben Jahrhunder
2948 3095 3216 3155 große Zimmer
2055 3103 2926 3152 seinem Lokal im Schlossergäßchen durch
279 3106 1135 3163 Trank versüßte, da entdeckten die Wiener di¬
1161 3118 2028 3171 kamen nur sieben hinzu. Aber allmählich ent
1165 3129 3299 3208 wickelte sich das Gewerbe doch, wenn auch die das Auflegen verschiedener Zeitungen eine be¬ Neunerschen Haus¬
279 3144 1135 3208 Spezialität aus dem Feindeslager und sin
2944 3186 3287 3250 vorbehalten, das
2066 3182 2922 3238 sondere Note zu geben. So wurde denn das
275 3197 1142 3265 ihr über alle Not der Zeit hinweg bis heute
1165 3201 2036 3257 Konkurrenten keineswegs versuchten, einander
1154 3223 3208 3303 durch besondere Ausstattung ihrer Lokale zu Kaffeehaus im Schlossergäßchen bald ebenso Schachspieler.
275 3242 543 3318 treugeblieben.
2948 3261 3284 3336 der nur durch ein¬
2051 3276 2922 3329 berühmt wie Jahrzehnte später ein ande¬
358 3269 2024 3363 Freilich, leicht hatte es Kolschitzky im überbieten: weiß getüchte Wände, an denen
1161 3310 3287 3389 ringsum Bänke liefen — allerdings nicht Lokal in der gleichen Gasse, die Ludlamshöhle Räumen getrennt
268 3314 1135 3401 Anfang auch nicht. Als sich die Erfolge ein
2944 3359 3303 3419 raucht werden durft
275 3363 2918 3453 stellten und das Umherziehen sich als nicht mehr roh gezimmerte, sondern schon ge= bei Vater Haidvogel. Aus nah und fern fand
2948 3404 3295 3472 Zedlitz, Raimund
2055 3408 2918 3465 man sich ein, um die Blätter zu lesen, und
271 3416 1934 3491 genügend nutzbringend erwies, da bat er den polsterte und lederüberzogene Bänke
2948 3450 3291 3506 Witthauer, Braun
275 3446 2922 3532 Magistrat um ein Haus als Belohnung für schwere eichenhölzerne Tische, und ein Un= insbesondere die Schriftsteller, denen es an
2948 3491 3295 3551 Maler Schwind
268 3487 2926 3574 seine heldenmütige Tat während der Be= geheuer stand in der Mitte des Raumes, das Geld gebrach, alle Zeitungen zu kaufen, trafen
2948 3529 3306 3585 leben und Max Lö=
275 3532 2914 3619 lagerung. Vorerst erhielt er nur eine Brand=Billard. Es soll geradezu einer Kegelbahn an einander gern beim Cramer. So erlangt
2941 3582 3287 3631 Nikolaus Lenaus
271 3582 2914 3668 stätten auf der Heyd“, aus deren Erlös und Größe gleichgekommen sein. Zinnerne Wand das kleine Kaffeehaus unsern vom Stephans¬
271 3612 3303 3702 geringen Ersparnissen ein Lokal im Bischofs leuchter trugen die zwei oder drei kläglichen platz eine Berühmtheit wie später nur ganz Schachspielern kie
1161 3657 3295 3729 Unschlittkerzen, die abends mäßiges Licht ver= wenige andre Gaststätten der Stadt. Was das Grillparzer und D
271 3683 1135 3747 hof (Domgasse 6) gemietet wurde. Dieses erst
268 3702 3299 3808 Wiener Kaffeehaus war aber alles eher denn breiteten, und es war Aufgabe des Markörs, Wichtigste für den klugen Wirt war, auch das Fensternische saß
