3436 4352
205 258 1052 353 13. Miscellaneous
357 971 1149 1091 „OBSERVER
442 1070 1096 1143 I. österr. behördl. konzessioniertes
409 1125 1131 1195 Unternehmen für Zeitungs-Ausschnitte
464 1169 1053 1245 WIEN, I., WOLLEILE 11
541 1230 986 1300 TELEPHON R-23-0-43
333 1357 702 1432 Ausschnitt aus:
693 1438 1011 1537 Telegraf, 10
327 1549 459 1646 vom
594 1658 856 1762 22. NOV.
337 1819 1154 1921 In Wien wird aus Amseln
576 1900 906 1997 geschossen!
389 1968 1149 2046 Vor dem Bezirksgericht Döbling
344 2032 1148 2084 (Richter Dr. Löffler) hatte sich heute
344 2076 1148 2126 der Sohn des berühmten Radierers Pro¬
347 2120 1148 2186 fessor Ferdinand Schmutzer, Hans
344 2174 1148 2224 Schmutzer, wegen eines seltsamen De¬
337 2219 1142 2285 liktes zu verantworten. Er soll nämlich
344 2265 831 2335 so sagt die Anklageschrift,
378 2329 1102 2400 am 18. September im Garten seiner
382 2364 1104 2426 Villa nach Amseln (!) gejagt
382 2424 1104 2478 und dabei so ungeschickt mit seiner
377 2467 1105 2529 Flobertpistole geschossen haben, daß
372 2517 1110 2569 die Kugel sich verirrte und in den
380 2558 1110 2622 Fensterscheiben der Villa Schnitzler,
371 2611 1104 2677 die sich gegenüber befindet, landete.
388 2655 1146 2721 Bei der heutigen Verhandlung er¬
328 2703 1145 2766 klärte der Angeklagte, daß er wohl am
337 2760 1142 2817 Tage vorher nach Eichhörnchen ge¬
334 2803 1142 2858 jagt habe und dabei sei es nicht ausge¬
334 2855 1138 2923 schlossen, daß er die Fenster der Villa ge¬
327 2899 587 2962 troffen habe.
386 2938 1138 3010 Richter: Wer gibt Ihnen das Recht
325 2990 872 3048 auf Eichhörnchen zu jagen?
426 3043 1097 3108 Angekl.: Ich habe auch nach
374 3092 1104 3151 Amseln gejagt. — Richter: Auch
374 3137 1097 3200 da haben Sie kein Recht dazu. Sie
365 3195 1100 3244 werden noch in Konflikt kommen
374 3242 874 3295 mit dem Tierschutzverein.
380 3295 1138 3349 Frau Olga Schnitzler als Zeugin
322 3329 1137 3400 gibt an, daß sie an dem kritischen Tage
331 3394 1137 3446 nicht zu Hause war, aber abends be¬
330 3444 1137 3510 merkte, daß die Fensterscheibe zer¬
337 3482 772 3552 schossen worden sei.
383 3529 1145 3596 Zwecks weiterer Erhebungen wurde
313 3577 836 3639 die Verhandlung vertagt.
1239 242 1666 348 box 44/6
1886 435 2665 532 „OBSERVER
1976 527 2625 591 1. österr. behördl. konzessioniertes
1941 564 2655 638 Unternehmen für Zeitungs-Ausschnitte
2003 625 2582 695 WIEN, I., WOLLEILE 11
2075 693 2519 743 TELEPHON R-23-0-43
1876 806 2234 882 Ausschnitt aus:
2098 877 2622 1029 Volksblatt.
1874 1021 2014 1125 vom
2155 1088 2537 1193 24. NOV.
1927 1262 2733 1316 Schuß in das Fenster der Witwe Schnitzlers.
1888 1281 2727 1357 An einem Septembermontag bemerkte Frau
1886 1338 2728 1391 Olga Schnitzler, die Witwe des Dichters,
1886 1380 2724 1427 daß ihr Wohnungsfenster durchschossen war.
1889 1424 2733 1468 Der Verdacht lenkte sich auf den Studenten
1892 1468 2736 1512 Hans Schmutzer, den Sohn des bekannten
1895 1496 2724 1544 Radierers Professor Ferdinand Schmutzer,
1895 1535 2733 1578 der in der gleichen Gasse wohnt. Der Student
1895 1578 2727 1625 hatte nämlich im Garten seines Vaters auf
1892 1617 2730 1661 Vögel und Eichhörnchen Jagd gemacht. Gestern
1902 1655 2733 1699 stand nun der junge Mann vor dem Döblinger
1892 1693 2724 1759 Strafrichter Dr. Wagner=Löffler wegen Ge¬
1898 1727 2733 1777 fährdung der körperlichen Sicherheit. Der An¬
1898 1768 2733 1819 geklagte gab zu, daß er einen Tag vor der
1902 1812 2730 1853 Entdeckung der Einschußoffnung im Hofe auf
1898 1845 2751 1911 Amseln und Eichhörnchen geschossen habe, weil
1911 1912 2756 1979 diese das Obst beschädigten. Es sei jedoch ganz
1911 1962 2748 2011 ausgeschlossen, daß der gefährliche Schuß von
1911 2000 2748 2057 ihm stamme. Der Richter beschloß schließlich
1914 2043 2751 2090 die Verhandlung zu vertagen, um durch Sach¬
1920 2076 2751 2131 verständige feststellen zu lassen, ob der Schuß
1911 2120 2624 2204 von der Straße abgegeben worden sei.
2295 2379 2584 2490 RATIO
2049 2472 2649 2584 Neues Wiener Journal, Wien
2073 2554 2336 2663 24. NOV.
1842 2696 2797 2804 Schuß in das Fenster der Witwe
2152 2785 2479 2896 Schnitzlers.
1797 2855 2826 2935 Originalbericht des „Neuen Wiener Journals".
1809 2917 2911 2982 Eines Tages bemerkte die Witwe des Dichters Artur
1713 2964 2909 3034 Schnitzlers, daß ein Wohnungsfenster, das auf die Sternwarte¬
1725 3007 2915 3078 straße mündet, durchschossen war. Am Boden des Zimmers fand man
1716 3042 2917 3111 ein Stück eines Bleiprojektils. Die unheimliche Feststellung veranlaßte
1718 3084 2914 3152 Frau Schnitzler, sofort die Polizei zu verständigen. Der Verdacht
1722 3125 2915 3190 lenkte sich auf den in der gleichen Straße wohnenden Studenten Hans
1725 3163 2918 3222 Schmutzer, den Sohn des bekannten Radierers Professor Ferdinand
1721 3198 2926 3270 Schmutzer. Der Student hatte im Garten seines Vaters auf Vögel
1719 3241 2920 3314 geschossen. Die Anklagebehörde nahm nun an, daß Schmutzer hiebei
1722 3282 2946 3341 unvorsichtig in das Nachbarhaus geschossen habe, und so mußte er
1733 3318 2918 3391 sich vor dem Döblinger Strafrichter Dr. Wagner=Löffler
1719 3365 2768 3423 wegen Gefährdung der körperlichen Sicherheit verantworten.
1818 3387 2917 3456 Der Angeklagte gab zu, daß er einen Tag vor der Entdeckung
1728 3437 2917 3501 der Einschußoffnung im Hofe aus Amseln und Eichhörnchen geschossen
1731 3478 2918 3542 habe, weil diese das Obst beschädigten. Es sei jedoch ganz ausgeschlossen,
1727 3525 2923 3592 daß der gefährliche Schuß von ihm stamme, da dies von Frau
1737 3566 2932 3671 hier nach am gleichen Tage hier endet werden müssen Frau
1743 3645 2923 3712 Schnitzler erklärte als Zeugin: Ich habe meinem Freund Dr. Beer¬
1746 3680 2932 3748 Hofmann die Sache erzählt und seine Gattin meinte dazu: „Das
1745 3730 2932 3792 ist bei uns auch schon passiert, aber wir haben keine Anzeige erstattet,
1737 3764 2940 3824 weil es sich möglicherweise nur um einen Mutwillensstreich handelt.
1746 3803 2921 3862 Vielleicht haben Buben das Fenster durch Steinwürfe eingehaut.
1750 3835 2928 3912 Bitte, Herr Rat, ich betone, für mich wäre es viel beruhigender,
1746 3873 2941 3946 wenn ich wüßte, daß in meinem Falle nur von einem versehentlichen
1756 3937 2198 4008 Schuß die Rede sein kann.
1842 3952 2938 4020 Der Richter beschloß, die Verhandlung zu vertagen, um einen
1753 3995 2941 4078 Schießfachmann zu befragen, ob der Schuß von der Straße abgegeben
1746 4057 2016 4128 werden konnte.
