3344 4352
175 345 1034 445 13. Miscellaneous
1222 343 1636 443 box 447
895 1168 2344 1278 Hermann Bahr gestorben.
1648 1428 2751 1504 Wunders schöpft, der „Stimme", die ihn zum Dogma führt,
1043 1428 1562 1513 Mitsinn jedem Herzensdrang.
1652 1489 2762 1551 zur Unterworfenheit unter das Gebot des Priestertums. All
569 1502 1600 1562 Nun hat er sein letztes Gesicht, der Vielgesichtige. Nun
1648 1535 2762 1592 diese Phasen waren nicht etwa Verkleidungen, es war auch
484 1545 1600 1607 ist auch er zur Ruhe gekommen, dieser Wanderer im Sinne
1647 1576 2765 1639 nicht, wenigstens in den späteren Tagen nicht mehr, die Lust
488 1601 1603 1657 Goethes. Kennt ihn die heutige Generation und wird er den
1652 1625 2764 1683 daran „den Spießer zu giften", die biederen Jubelgreise mit
484 1645 1600 1701 gegenwärtigen Menschen mehr sein als ein Widerhall aus
1652 1677 2767 1730 dem Podagra der Berühmtheit in Grund und Boden zu
486 1695 1600 1755 der Vergangenheit? Werden sie Zeit und Geduld haben, den
1648 1724 2767 1782 ärgern. Hermann Bahr hat immer für immer geliebt, wie es
497 1741 1603 1804 Wurzeln dieser verästelten Persönlichkeit, der Wandlung
1648 1768 2764 1838 ein geistvoller Franzose ausgedrückt hat. Er ist wahr gewesen,
492 1782 1603 1844 seiner Meinungen nachzuspüren? Werden seine Novellen und
1643 1820 2764 1871 als er zu Füßen Adolf Wagners gearbeitet hat, wahr, als
488 1835 1603 1892 Romane, seine Streitschriften und Tagebücher gerettet werden
1652 1862 2771 1925 ihn Paris zu dem Hymnus begeisterte: Milliardenmal
483 1880 1598 1939 können, wie sie es verdienten, aus der Flut der Vergessen¬
1647 1912 2767 1963 müßte ich schreiben, um mein Gefühl auszudrücken: da bin
493 1930 1616 1985 heit? Wird er Gestalt bleiben, in der Bedeutung, wie es
1652 1965 2764 2024 ich zum Menschen erwacht, da ist der Künstler in mir er¬
479 1974 1603 2026 ein anderer großer Toter der Literatur, wie es Jakob Wasser¬
1656 2005 2771 2073 standen. Wenn ich vielleicht was kann, und was ich noch
484 2021 1607 2077 mann verstanden hat? Hermann Bahr hat die Tragödie mit¬
1657 2048 2771 2115 jemals werde, das alles verdanke ich Paris. Für ihn war
488 2066 1600 2126 gemacht eines immer und unter allen Verhältnissen Modernen,
1648 2102 2767 2155 ein Buch von Maurice Barrès, von dem heute niemand mehr
475 2109 1598 2164 wie er es einmal in seinen Schriften vom Kritiker ver¬
1648 2144 2776 2209 zu sprechen vermag, das größte Buch des Jahrhunderts Der
484 2156 1607 2211 langte. So bietet er nicht jene Einheitlichkeit, jene Erstarrung,
1648 2192 2780 2250 Kritiker, das war ihm eine Kunst der Eiertänzer, Feuer¬
492 2205 1603 2263 jene kraftvolle Monotonie, die dem Gedächtnis sich gewaltsam
1657 2243 2773 2301 fresser und Messerschlucker, über alles sich lustig machen, über
483 2250 1603 2308 einprägt. Hermann Bahr war von Anfang an seiner Zeit
1648 2290 2771 2341 alles schwätzen und sich selber verhöhnen, das verkündete er
484 2297 1598 2359 voraus, stets Herold und Verkünder des Neuen, immer wie
1648 2333 2482 2411 mit fröhlicher Frechheit als seine Maxime.
483 2344 1607 2400 ein geistiger Seismograph die Strömungen erfühlend, mochten
501 2391 1610 2447 sie noch so geheim die Schichten des Bodens durziehen. Aber
1744 2370 2767 2456 Allein, wie bald verschwand dieses Bild zugunsten des
488 2437 1607 2489 eines vermochte er nicht vorauszusehen, den vollkommenen
1661 2446 2773 2505 Gesellschaftskritikers, der mehr als irgenden anderer und
501 2480 1610 2545 Zusammenbruch des Intellekts, die Abdikation des Geistes
1657 2494 2776 2545 tiefer als irgenden anderer österreichisches Wesen gesehen und
488 2523 1616 2585 und die Ohnmacht aller Bildung. Diese Menschen, Hermann
1652 2536 2776 2603 erkannt hat. Alles was jetzt über Barockkultur zum Teil
493 2572 1609 2628 Bahr, Arthur Schnitzler. Hugo v. Hofmannsthal, sie kamen alle
1657 2583 2776 2643 recht oberflächlich gesprochen wird, ist Hermann Bahrsche
492 2623 1605 2679 aus der Luft der neunziger Jahre, da de Gesellschaft gab,
1654 2628 2775 2693 Fechsung. Der ganze konservative Grundzug, vielfach in
497 2664 1612 2728 da die Monarchie noch lebte, da Melodie geschätzt wurde
1648 2671 2771 2740 unserer Literatur vertreten, ist zum großen Teil Aus¬
493 2709 1612 2769 und formvollendeter Schliff des Ausdrucks, sublime Ironie,
1665 2726 2784 2787 strahlung seines Wirkens. Wie geistreich, wenn er sein
492 2753 1610 2805 die sich auch gegen sich selber wendet, Menschlichkeit mit einem
1657 2769 2782 2825 eigenes Wesen mit dem Schlesiertum seiner Ahnen in
484 2798 1618 2854 Wort und Gläubigkeit und sei es auch nur für das Evangelium
1656 2812 2780 2870 Verbindung bringt, nicht mit dem Oberösterreichertum
493 2849 1607 2899 der Farbe, der Linie und des Wortes, wie es der Held
1656 2863 2780 2926 des Linzers. Und wenn er außerdem die fränkische Wurzel
492 2896 1610 2950 Bernard Shaws in seinem Testament verkündet. Daß
1661 2914 2773 2972 seiner Ahnen hervorhebt als das gestaltende Element in ihm,
488 2941 1607 2993 die Welt einmal all diese Güter mehr oder minder zer¬
1657 2953 2755 3017 als jenes, das aus seinem Geiste einen „schaffenden Spiegel
484 2988 1609 3053 brechen werde, hohnlachend aller Väterweisheit, verdammend
1670 3004 2782 3058 formte, um eines seiner Lieblingszitate — es stammt von
484 3035 1616 3096 alles, was sich nicht nach der Decke der Mächtigen zu strecken
1665 3040 2773 3107 Leibnitz und wurde von Goethe verwendet — anzuführen. Noch
492 3084 1612 3131 vermag, diese große geistige Entgüterung freilich konnte er
1667 3105 2778 3158 ganz zuletzt hat er mit dem Rasseproblem gerungen, wiederum
493 3129 1609 3185 nicht voraussehen, und wenn er gelebt hätte, nicht so lange
1656 3140 2776 3207 mit jener geheimnisvollen Voraussicht, die ihn auszeichnet,
501 3176 1616 3241 schon dem Irdischen entrückt, er wäre vielleicht an dieser
1656 3185 2784 3243 und er hat jene Lösung zu finden versucht, die einzige, die
492 3217 1616 3297 inneren Fremdheit zugrunde gegangen, er, der freie Denker,
1652 3230 2789 3291 eines „geborenen Benediktiners" würdig war, wie er sich
492 3268 1341 3331 der echte Katholik und der echte Oesterreicher.
1661 3286 2782 3340 selber nannte, die einzige katholische, nämlich die Befreiung
584 3299 1616 3373 Das alles war Hermann Bahr und noch viel mehr.
1661 3324 2782 3376 von der Rassenidee durch den Geist, die Ueberwindung des
493 3362 1612 3432 Denn er war unter allen Mitstrebenden die stärkste nach
1667 3367 2773 3427 Volkes durch den Willen zur Heiligung und zur Allgemein¬
484 3409 1609 3472 außen gewendete Persönlichkeit, er was stets das Bild dessen,
1674 3414 2785 3472 schaft. Es ist ein furchtbarer Augenblick, da wir von solchen
488 3458 1600 3517 was er gewollt hat; immerdar richtete sich seine Physiog
1657 3461 2780 3519 Kraftquellen des Geistes und des Herzens Abschied nehmen
493 3505 1618 3564 nomie — sie ist tausendmal geschildert worden — nach dem
1661 3517 2787 3568 müssen, da wir Freunde verlieren, die gerade der heutigen
497 3552 1612 3608 Stil seines Wirkens und Forderns. Zuerst Deutschnationaler,
1670 3552 2780 3611 Menschheit so unendlich vieles an Schätzen der Bildung,
492 3602 1612 3653 der als Student von Bismarck über die Unmöglichkeit des
1665 3599 2780 3655 an goldenen Früchten der Erfahrung hätten spenden können.
488 3646 1616 3700 Großdeutschtums Lehren empfing, dann Sozialist, beinahe
1667 3646 2780 3707 Nun hat sich dieses mächtige Haupt, das priesterlich und doch
1665 3687 2784 3747 empörerhaft in unsere Zeit hineinragte, vor dem Schicksal
497 3693 1616 3749 Marxist, der in einer heftigen Streitschrift Schäffle bekämpfte,
488 3738 1612 3792 dann Naturalist und Edelanarchist, Symbolist und
1674 3740 2789 3790 für immer beugen müssen. Ein großer Entdecker, ein
493 3785 1616 3837 Dekadent, Prophet von Strindberg und Dostojewsky,
1661 3787 2782 3846 Anreger beispielloser Art, der letzte Enzyklopädist vielleicht,
484 3832 1616 3879 d'Annunzio und Huysmans; schließlich aber, und das
1665 3828 2780 3884 wenn auch mit religiöser Grundlage, geht mit ihm dahin.
1670 3875 2785 3948 Für uns aber vor allem ein liebenswerter gütiger Mensch¬
492 3870 1621 3935 war das Dauernde, die letzte große Phase, ein Gläubiger,
484 3928 1618 3975 ein in den Schoß der Kirche Zurückgekehrter, der aus
492 3964 1647 4042 schwerster Krankheit heraus das unmittelbare Erlebnis des
