3344 4352
559 109 1424 192 Schon deshalb nicht, weil in England poli¬
1544 142 2304 210 Es gab und galt also nun nichts an
552 179 2310 262 tische Umstände und Gedankengänge niemals deres mehr als die Ehre des Wiener Pen¬
563 225 1419 299 rein gesellschaftliche und schon gar nicht
1459 238 2337 317 klubs zu retten und diese Ehre war denn
559 273 1443 365 kameradschaftliche Bindungen sprengen
555 317 729 395 könnten.
638 380 1424 448 Auch bei uns in Wien hat, so oft der
557 413 1424 498 Penklub sich um seine Souper-Tischchen
557 480 1424 559 versammelte, keiner von uns je an politische
559 535 1422 592 Gegensätze gedacht. Innerhalb eines nor¬
548 590 1415 646 malen staatlichen und geistigen Lebens wäre
548 625 1422 701 dies auch völlig absurd gewesen. Es mußte
552 684 1417 751 erst das Hitler=Ereignis kommen, von dem
550 732 1409 804 freilich die meisten Penklubmitglieder bis
546 784 1411 854 heute noch nicht begriffen zu haben scheinen,
542 836 1404 902 daß es im Grunde ein unpolitisches Ereig¬
544 891 1411 946 nis, nämlich ein Ereignis gegen jede mensch¬
544 941 1413 1002 liche und gesittete Form von Politik ist.
546 991 1411 1053 Dies vor allem hat den Wiener Penklub
544 1039 1411 1107 dem Untergang geweiht: daß man angesichts
535 1090 1411 1164 der völligen Niedertrampelung und Aus¬
539 1142 1411 1208 peitschung allen Geisteslebens im Dritten
537 1192 1411 1264 Reich noch immer an dem vor allem den
544 1243 1406 1308 Tatsachen noch völlig gegenstandslos ge¬
531 1291 1406 1367 wordenen Begriff eines geistigen Deutsch¬
537 1350 1411 1417 land festhielt. Oder vielmehr besser gesagt:
537 1395 1406 1470 dieses geistige Deutschland, das heute nur in
533 1443 1400 1522 der Emigration existiert, mit jenen Nazi¬
531 1511 1404 1564 agenten identifizierte, die sich unterdessen als
535 1555 1402 1620 neuer gleichgeschalteter deutscher Penklub
524 1609 1400 1662 etabliert hatten. Es konnte kein Einverständ¬
522 1662 1400 1725 nis geben, auch kein stillschweigendes, mit
528 1710 1400 1778 der Unterdrückung und der Banalisierung
528 1751 919 1826 des Geistes an sich.
605 1799 1391 1885 Daß sich einzelne unter den Wiener
524 1861 1395 1926 Schriftstellern fanden, die in keiner Form
520 1922 1393 1985 eine Erklärung gegen Deutschland, auch
513 1968 1391 2040 nicht gegen Hitler=Deutschland, unterzeich¬
513 2018 1389 2085 nen wollten, ist politisch wie menschlich be¬
520 2072 1384 2127 greiflich, wenn der einzelne Bücher= oder
522 2118 1387 2175 Stückeschreiber, der keinerlei politische per¬
524 2166 1387 2227 sönliche Bindung fühlt, sich das deutsche
522 2217 1387 2284 Absatzgebiet und damit vielleicht überhaupt
524 2260 1387 2326 seine ganze Existenzbasis nicht ruinieren
513 2315 1387 2382 will. Es wird hierbei nur wiederum ver¬
515 2361 1389 2422 gessen, daß das Naziregime auch diese Art
513 2413 1387 2483 von submissester politischer Indifferenz
515 2461 1382 2529 auf die Dauer nicht dulden wird. Es wird
515 2516 1389 2577 vergessen, daß jeder derartige Schritt, mag
515 2559 1387 2627 er noch so wohlüberlegte andere sachliche
515 2616 1384 2679 oder persönliche Beweggründe haben, von
507 2664 1380 2719 der genügend agilen Hitler=Propaganda als
509 2706 1378 2782 Bekenntnis zum Dritten Reich gewertet
515 2752 1382 2817 wird. Das Beispiel liegt bereits vor in
522 2806 1384 2872 jenem famosen Münchner Interview der
515 2856 1376 2915 Frau Grete Urbanitzky und in den Kom¬
513 2907 1376 2966 mentaren der Nazipresse, die etliche Wiener
513 2950 1376 3011 Schriftsteller triumphierend als Ueberläufer
513 3000 1376 3062 bezeichnet hat. Diese Ovationen werden so
511 3053 1374 3142 manchem von ihnen derzeit nicht übermäßig
511 3099 869 3171 angenehm sein...
542 3131 1371 3230 Nun kommt man zum Auffallendsten des
507 3217 1378 3269 ganzen Penklub=Debakels. Zu dem Mangel
500 3260 1374 3330 der Penklub=Mitglieder an österreichischem
509 3306 1374 3365 Gefühl und an österreichischer Ueberzeu¬
504 3363 1376 3420 gung. Der ganze dramatische Verlauf dieser
511 3411 1371 3466 Penklub=Affäre hing ganz und gar von dem
500 3450 1371 3516 Umsturz in Deutschland ab und von der
504 3505 1378 3562 persönlichen Einstellung jedes einzelnen zu
496 3555 1369 3608 diesen neuen Zuständen des Geistes oder
498 3601 1365 3658 vielmehr Ungeistes und deren praktischen,
491 3658 1367 3715 auch rein ökonomischen Folgen und
504 3701 1367 3760 Zwangsumständen. Von Oesterreich, davon,
500 3745 1367 3806 daß wir alle österreichische Schriftsteller
500 3800 1360 3863 sind, war eigentlich überhaupt nie die Rede
496 3843 1360 3905 Auch nicht davon, daß dieses geistige Oester¬
496 3898 1358 3946 reich heute mehr denn je an die Front des
491 3942 1365 4014 Widerstandes gegen die Nivellierung durch
2350 148 3212 223 sinnung auch die Nichtung des ehrenhaften
2352 192 2815 242 Gegners miteinschließt.
2671 231 3180 321 Ludwig Ullmann.
