3436 4352
225 277 334 364 13.
402 266 1064 371 Miscellaneous
645 556 992 675 a
364 702 1187 794 ANA VILMA, ak hos del Burg
323 750 1196 849 theater la ja voit, most erdekes moghivät ka¬
337 839 1196 896 potl. Nunterpai és délamerika turnera
323 873 1191 934 hivják og flyan túrsuluttal, amelyet öster¬
330 927 1190 979 vez. Arvesen merilt fel a Burgtheater
327 975 1194 1036 again is uyanesak a Burgtheater
318 1023 1193 1090 mivés lalkoztak a turnébau valo rési¬
325 1071 1183 1148 véler Beselink Aknay mával, ki a tur-
318 1105 717 1179 nérôl czeket mondja:
410 1146 1183 1237 Eredetileg Délamerika kaptunk meg¬
317 1203 1176 1279 hivest, kosób szlosedet ki a terv, ugyho,
316 1255 1182 1323 most Németország es Hollandia is reklodik
311 1315 1182 1377 a turné iránt. Az egszug egyelore a levelevés
313 1357 1183 1421 stadiumaban van. A Burgtheater müssel kö
310 1412 1182 1476 zu minen valossing serin Asien, Re¬
314 1450 1182 1534 mers, Hennings, Eidlitz és a voll Burgtheater¬
306 1497 1183 1575 tag: Schön jännek velink, a nökkää
311 1552 1180 1603 valossing Alma Seidler. A darum va¬
306 1593 1176 1656 lastas meglehtisen nagy gondo oko, meri
308 1646 1173 1718 caakolan darabolat ja satunk, amelycken
311 1691 1173 1745 nince sok steret. Eppen zert, noho nagyon
310 1735 1169 1796 serttik vola, nem vieljä maukka.
306 1790 1174 1844 ember tragédit. A Hamlet et mar elletik,
306 1834 1167 1896 mert ebben nines löbl négy-t szeren
306 1886 1174 1941 a kisch szeropere pedig mindant tulla
306 1939 1167 1989 szins, aki már ludja nokat a szerecket.
308 1984 1166 2050 Visin néhány Bernard Shawdarabot, egy¬
306 2031 1167 2093 Saniziert, Felten visk magyar da¬
494 2077 1166 2135 ignem ludjuk, melyket. Minden
304 2131 1176 2193 valoszinség zerint Monar Feren Ordog-ét.
308 2178 1163 2236 A turné lebonolítására csak május végén ko-
381 2234 1173 2311 ja sor, amor a Burgtheater befejeti,
304 2244 454 2349 seront.
634 2950 917 3068 doch,
737 3045 907 3161 3
412 3180 1217 3259 Am kommenden Sonntag liest Paul
386 3249 1217 3296 Werther, in Herkunft und Wiener Note
386 3290 1217 3342 Schnitzler verwandt, Lyriker, Bühnenautor
378 3332 1214 3389 und Prosaist, zu seinem 60. Geburtstag:
383 3372 1210 3420 anläßlich seines „Fünfzigers tritt am
388 3407 1231 3463 Mittwoch Karl Bacher vors Mikrophon.
391 3484 1220 3535 Prof. Bacher — er wirkt als Professor am
391 3526 1214 3579 Wiener Piaristengymnasium — hat in sei¬
386 3566 1220 3611 nen südmährischen Mundartgedichten dem
395 3604 1217 3655 Mutterlaut seiner grenzdeutschen Heimat
386 3646 1221 3696 und dieser selbst ein Denkmal gesetzt;
388 3683 1214 3724 wie Pschern steht er hoch über dem
395 3724 1223 3772 Durchschnitt der Dialektverseschreiber: als
393 3762 1213 3813 ein wahrer, echter Dichter. Zum hundert¬
388 3799 1223 3847 sten Geburtstag wird am Samstag um
391 3837 1210 3887 16,05...) Felix Dahn gefeiert, und schließ¬
391 3876 1224 3925 lich meinten wir Hilda Wagners, der
391 3915 1220 3968 lange nicht Gehörten, Vortrag von
391 3954 1220 4007 „Spukhaften Geschichten“ (6. d.) und das
395 3997 1223 4047 von Arthur Duniecky gelesene Feuilleton
398 4037 1220 4109 „Schneesturm von Hubert Mumelter
395 4075 628 4145 (8. Februar)
1257 267 1667 369 box 447
2295 1063 2667 1173 FEB. 1934
1898 1095 2270 1237 Herr
1698 1232 2817 1353 Liest die Jugend nur Modernes?
1797 1333 2820 1423 Diese Frage ist, wie dies ja schon oft geschehen, jeden¬
1716 1405 2829 1484 falls zu bejahen. Wenn man ein wenig weiterforscht und
1705 1460 2816 1521 sich fragt, wie es eigentlich kommt, daß von der Jugend stets
1702 1511 2829 1564 nur das Allermodernste gelesen wird, so stellt man
1701 1541 2820 1620 fest, daß alles, was vor einer gewissen Zeit noch als modern
1704 1602 2822 1667 galt, heute weder in Buchhandlungen noch in
1704 1647 2822 1721 Leihbibliotheken geführt wird und somit der
1705 1684 2810 1748 Jugend verschlossen bleiben muß. (? Anm. d. Red.
1786 1739 2820 1806 Was die Lektüre der Klassiker betrifft, so werden diese
1698 1791 2820 1864 in der Schule, trotzdem sie bereits hundertfach vorgebaut
1711 1835 2822 1899 sind, noch immer bearbeitet. Man liest sie dort mit
1709 1885 2820 1956 stundenlangen Einführungen, muß dazu bis in die Details
1697 1937 2806 2001 Kenntnis des Privatlebens der betreffenden Dichter stucken
1697 1977 2802 2038 (was von Egon Friedell in seinem Einakter „Goethe
1699 2025 2809 2098 köstlich parodiert wurde, jedoch ohne den geringsten Erfolg
1697 2069 2820 2132 gezeitigt zu haben). Solcher Zwang raubt den meisten
1690 2121 2816 2179 von uns den Geschmack an den Klassikern. Und obwohl
1699 2168 2816 2229 gewiß jeder junge Mensch ein paar Bände Klassiker in
1695 2213 2814 2281 seinem Bücherschrank stehen hat, rührt er sie, eingedenk der
1695 2254 2813 2328 Qualen der Deutschstunde, doch niemals oder nur in den
1691 2301 2817 2370 allerseltensten Fällen an. Ueberdies, und das ist der
1692 2356 2810 2422 Hauptbeweggrund, sucht der junge Mensch Autoren, die
1697 2397 2807 2471 seinem täglichen Interessenkreis Rechnung
1690 2444 2814 2520 tragen, sucht nach der Besprechung aktueller Fragen, die er
1684 2485 2670 2565 bei älteren Schriftstellern niemals zu finden glaubt.
1772 2554 2812 2618 Es wäre deshalb viel wichtiger, in der Mittelschule die
1684 2589 2807 2656 Dichter des neunzehnten und des Beginn des zwanzigsten
1684 2646 2809 2705 Jahrhunderts zu behandeln, als lange Zeit bei den Klassikern
1687 2687 2807 2761 und der Erörterung ihres Privatlebens zu verweilen, während
1681 2735 2809 2806 alles Späterkommende übergangen oder in rasendem Tempo,
1687 2788 2812 2871 um es eben auch „durchgenommen“ zu haben, nur flüchtig
1684 2823 1973 2882 betrachtet wird.
1774 2874 2803 2945 Eines besonderen aktuellen Interesses erfreuen sich bei
1680 2918 2807 2996 der Jugend in der letzten Zeit, soweit ihr diese Werke noch
1681 2972 2806 3038 nicht bekannt waren, die Bücher Jakob Wassermanns,
1684 3015 2805 3095 Hermann Bahrs, Stephan Georges und Arthur
1678 3061 2807 3134 Schnitzlers. Das jugendliche Leserpublikum will wissen,
1674 3105 2807 3181 welche wertvolle Menschen es an ihnen verloren hat! Gern
1677 3157 2805 3225 von jungen Menschen gelesen werden außer den bereits er¬
1675 3204 2803 3271 wähnten die Bücher von Sinclair Lewis, Schalom Asch,
1674 3247 2796 3313 John Galsworthy, Bernard Shaw, Franz Werfel,
1671 3305 2799 3368 was wiederum ein Zeichen dafür ist, daß die Jugend
1681 3342 2796 3416 moderne Autoren bevorzugt. Von sogenannten
1677 3390 2522 3458 Saisonbüchern, die „man gelesen haben muß
2581 3402 2796 3461 — entgegen
1678 3429 2803 3496 der Ansicht Ernads gibt es solche ! — seien erwähnt
1684 3487 2783 3545 „Kleiner Mann, was nun?", „Das Buch von San Michele"
1670 3526 2796 3586 Bernhard Kellermanns „Der Tunnel" werden erneut ver¬
1673 3574 2792 3629 langt, da die Filme zu ihrer Popularisierung erheblich bei¬
1673 3624 2796 3690 getragen haben. Die pazifistische Literatur
1680 3668 2792 3741 findet nach wie vor lebhaften Anklang
1670 3710 2805 3778 beim Publikum und besonders bei der
1670 3754 1889 3822 Jugend.
2480 3764 2751 3837 Erna K.
