3392 4352
1182 427 1635 542 Fremden Presse, Wien.
954 689 1597 778 Sein Lebenslauf:
1084 782 1643 879 Alfred Neugebauer.
1034 868 1777 934 Der Gemischtwarenhändler in Geyers
954 922 1767 980 volkstümlichem Repertoirestück in der Jo¬
952 963 1768 1039 sefstadt ist eine Theaterrolle, die erst des
958 1020 1762 1085 menschlichen Odens harrt, des wirkli¬
954 1074 1767 1129 chen Schauspielers, der aus der Figur
949 1128 1763 1177 einen Menschen schafft: Alfred Neuge¬
949 1165 1764 1229 bauer, der Künstler, dem in unserem
943 1209 1765 1274 Blatte wiederholt Gerechtigkeit widerfah¬
946 1256 1768 1337 ren ist, dessen Charakterrollen in Leinen
945 1316 1769 1381 aus Irland“, „Voruntersuchung“, „Braut
953 1358 1707 1423 von Torotzko, „Kaiser Franz Joseph
953 1420 1762 1460 wie er uns versichert, seine Lieblingsrol¬
939 1454 1759 1521 len — die Aufmerksamkeit der Theater¬
942 1505 1762 1571 kundigen auf diesen Komödianten von For¬
946 1568 1769 1624 mat und innerer Gestaltungskraft lenkten.
1014 1601 1758 1675 Natürlich ist er Wiener. Im letzten
940 1653 1762 1710 Monate des Jahres 1889 gebar ihn die
942 1700 1747 1759 Gattin des Chefs der fürstlich liechtens
937 1752 1760 1819 schen Kabinettskanzlei. Seine Ähnen stan¬
940 1793 1764 1860 den 150 Jahre im Dienste des regierenden
936 1846 1752 1922 Fürsten und so wuchs auch der junge
930 1900 1754 1960 Alfred in dieser gar nicht bürgerlichen
930 1952 1749 2013 Umgebung, gegenüber dem Burgtheater,
932 2003 1757 2052 auf. Schottengymnasium, Jurisprudenz an
932 2032 1753 2108 der Wiener Universität — bis zum letzten
934 2095 1750 2157 Rigorosum. Eines Tages fährt er in der
932 2139 1750 2202 Trambahn. Ein Herr spricht ihn an und
935 2200 1752 2253 erkundigt sich, ob er nicht Schauspieler
924 2244 1752 2312 sei. Auf seine Verneinung bietet sich der
928 2290 1742 2357 Fremde an, ihn zum Theater zu bringen.
924 2337 1746 2403 Der Manager arrangierte damals ein Gast¬
928 2385 1746 2452 spiel des Burgtheaters in Triest, im
930 2434 1742 2501 Theater Politama Rossetti. So betritt der
927 2491 1744 2538 neugebackene Schauspieler, in der Kar¬
928 2545 1739 2591 woche 1913, mit Korff und Gusti Wit¬
925 2587 1742 2642 tels die Bretter, Auf dieses Debut als
922 2632 1744 2699 Fähnrich im „Weiten Land“ folgt unter
918 2684 1738 2749 Korffs Patronanz ein Gastspiel in Frank¬
918 2724 1741 2798 furt, dann eine kurze Zeit des Zagens,
921 2777 1738 2843 bis der bekannte Kunstverleger Viktor
921 2828 1734 2887 Fleischer ihn zum Dr. Rundt, Leiter
922 2880 1734 2932 der damaligen Volksbühne, bringt, der
922 2929 1742 2991 ihn sofort engagiert. Eine Waffenübung
925 2985 1736 3039 unterbricht seine Tätigkeit. Aber bei der
922 3027 1728 3087 Eröffnungsvorstellung der „Kammerspiele
916 3080 1736 3134 wirkt er wieder mit im „Mann im Souff¬
919 3118 1734 3179 leurkasten“. Hier, als Mitglied des — wie
922 3179 1736 3226 er sagt — besten Ensembles, das es je
914 3224 1736 3285 gab, hat er ausgezeichnete Gelegenheit,
907 3281 1734 3339 zu lernen. Bei einem Gastspiel in Riga
916 3316 1731 3376 tritt er innerhalb sieben Wochen in 17
913 3364 1731 3428 Stücken auf. Da kommt die überraschende
916 3420 1734 3479 Einberufung. Nach einer abenteuerlichen
914 3462 1731 3529 Flucht über die preußische Grenze rückt
907 3523 1724 3579 er als Leutnant der 21er Jäger ein und
907 3571 1728 3613 wird bereits am 19. August an der ser¬
909 3607 1731 3677 bischen Front verwundet. Ein paar Monate
910 3667 1725 3720 später ist er wieder in den Karpathen
909 3718 1721 3771 und fällt im März des darauffolgenden
910 3765 1722 3810 Jahres mit schweren Erfrierungen in rus¬
904 3803 1728 3871 sische Gefangenschaft. Die darauf folgende
901 3853 1720 3920 Zeit, die reich an den schwersten Ent¬
901 3912 1720 3974 behrungen war (zweimal war er im Be¬
900 3961 1720 4012 griffe, Hungers zu sterben, möchte er
900 4006 1717 4069 doch nicht in seinem Leben missen: sie
900 4060 1728 4126 war auch reich an Erlebnissen und Er¬
1852 114 2666 194 1
1849 174 2666 249 in laiwostok an Bord eines von einem
1851 215 2662 291 Deutschen kommandierten japanischen Koh¬
1843 259 2669 341 lenkutters zu gelangen. Von Hamburg
1848 307 2662 387 kehrt er nach sechsjähriger Abwesenheit
1846 373 2657 439 nach Wien zurück, findet die Theater¬
1849 396 2665 471 verhältnisse lange nicht so desolat, wie be¬
1843 451 2658 529 fürchtet und kommt durch Viktor Franz
1837 507 2661 584 zu Harry Walden, der ihm gleich eine
1846 566 2659 626 seiner Rollen (im „Papa von Caillavet
1843 612 2654 669 und Flers) übergibt. In jenem Sommer
1837 659 2654 722 starb der große Harry. Neugebauer ar¬
1840 689 2651 779 beitet bis zum Herbst 1921 unter Robert,
1840 741 2647 811 dann wird er von Dr. Beer für das neu¬
1837 799 2655 864 eröffnete Raimund-Theater engagiert, wo
1831 845 2646 915 er seine spätere Gattin Margarethe Witz¬
1832 906 2644 961 mann kennen lernt (aus erster Ehe hat er
1835 939 2647 1000 eine Tochter, Auguste, die Medizin stu¬
1835 995 2648 1061 diert). Hier und im Volkstheater hat er
1829 1047 2647 1106 seine ersten großen Erfolge im „Feld¬
1826 1086 2643 1156 herrnhügel“ und „Antonia“. Unter der Re¬
1832 1148 2654 1202 geführung Forests, dem er künstlerisch
1831 1189 2650 1252 viel verdankt, vollzieht sich der Uebergang
1835 1239 2643 1297 vom Liebhaber und Bonvivant zum Cha¬
1825 1290 2644 1355 rakter darsteller. Es folgt seine Tätigkeit
1825 1332 2643 1392 in Berlin: Zusammenbruch des Lessing¬
1825 1376 2643 1449 theaters unter Hellmer, Rückkehr nach
1840 1419 2644 1488 Wien, wo er einen schweren Kampf ums
1822 1477 2645 1535 Dasein aufnehmen muß, aus dem ihn Di¬
1823 1526 2642 1592 rektor Geyer durch die ehrenvolle Be¬
1817 1571 2664 1669 rufung an das Theater in der Josefstadt,
1819 1620 1965 1682 befreit.
