3392 4352
152 340 282 451 13.
332 335 999 446 Miscellaneous
1196 343 1625 446 box 44/6
1663 529 2828 681 ISCHEN ZEITUNG
1683 855 2834 952 Bochum sowie der Solisten eine imponierende Darstellung und
1683 930 2139 1005 einen tiefgehenden Erfolg.
1713 949 2834 1038 Am Sängertag selbst legten 28 westfälische Vereine in sieben
1680 1021 2828 1074 Sonderkonzerten Proben ihres Könnens ab. Die Programme
1677 1068 2831 1115 wiesen durchweg bekannte Namen von meist traditionsgebundener
656 1035 1414 1151 „OBSERVER
1683 1110 2834 1165 Prägung auf. Eine mustergültige Aufführung des sinfonischen
750 1126 1403 1187 1. österr. behördl. konzessioniertes
1683 1154 2831 1204 Chorwerkes „Das Leb von Josef Meßner durch den Frauenchor
706 1182 1436 1254 Unternehmen für Zeitungs-Ausschnitte
1674 1198 2837 1248 des Dortmunder Lehrergesangvereins, ein Soldatenlied von Ottmar
1677 1234 2834 1292 Gerster, ein Variationswerk „Das klingende Jahr für Männer¬
778 1229 1364 1320 WIEN, I., WOLLZEILE 11
1677 1281 2831 1339 chor, Solo und Orchester von Otto Siegl, ein Chorzyklus „Ruhr¬
847 1292 1303 1351 TELEPHON R-23-0-43
1680 1326 2839 1384 gold“ auf plattdeutsche Gedichte von Nellius und eine Reihe von
1674 1378 2837 1422 volksliedhaftempfundenen Arbeiten des münsterischen Komponisten
1683 1414 2834 1467 Franz Ludwig waren, zum Teil als Uraufführungen, die wesent¬
648 1400 1384 1517 Ausschnitt aus Vische
1677 1461 2635 1525 lichsten künstlerischen Ergebnisse dieser Sängertagung.
922 1506 1171 1633 18.
534 1611 2756 1827 Ein Leben mit Hermann Bahr
1071 1849 2275 1951 Aus dem Nachlaß von ARTHUR KAHANE
1694 1979 2845 2053 Tradition des Bodens, von Stifter über Kürnberger zu
753 1968 1660 2098 Hermann Bahr feiert am 19. Juli seinen
1694 2045 2853 2103 Speidel, großväterlich gesichert fühlte. Eine so lebendige
717 2048 1021 2131 70. Geburtstag.
1713 2089 2853 2150 Suggestion ging von dem Fluß und der farbigen Leiden¬
537 2112 1658 2195 Als ich ihn kennenlernte, war es uns beiden, als ob wir
1708 2139 2853 2197 schaftlichkeit dieses Stiles aus, der die einen mit dem Reize
487 2172 1660 2231 einander immer schon gekannt hätten. Mein ganzes Leben
1691 2192 2853 2239 eines täglichen Abenteuers entzückte, die anderen zur
495 2220 1660 2286 war Begegnung mit Hermann Bahr. Ich bekenne, keinen
1702 2233 2848 2283 Raserei brachte, daß ihr alle unterlagen, ob sie nun in seiner
501 2267 1655 2341 stärkeren persönlichen Einfluß erlebt zu haben als von dieser
1705 2283 2856 2333 Art oder in der eigenen Art oder, aus Wut, erst recht in
498 2316 1658 2383 glänzendsten und lebhaftesten Erscheinung unserer Jugend,
1694 2327 2812 2386 der entgegengesetzten Art von ihm zu schreiben lernten.
495 2366 1558 2438 diesem faszinierenden Anreger und gran animatore.
1746 2375 2853 2449 Jetzt gab es auf einmal eine Wiener Literatur. Er sagte
529 2405 1663 2485 Wie mir erging es fast einer ganzen Generation. Nur
1702 2422 2856 2488 es so laut und so lange, bis es sogar die Wiener zu
490 2466 1663 2532 daß es Menschen gibt, die von einer ersten Liebe nicht los¬
1705 2480 2851 2543 bemerken anfingen, daß Schnitzler, Beer=Hofmann, Hof¬
493 2524 1353 2601 kommen und ihr treu bleiben. Und andere
1694 2524 2859 2577 mannsthal, Andrian und Peter Altenberg lebten und sogar
1696 2579 2856 2632 dichteten. Jetzt gab es eine österreichische Literatur: Bahr
537 2546 1669 2635 Es war eine Liebe auf den ersten Blick. Als ich ihn das
1705 2615 2856 2673 entdeckte die „Provinz“. Jetzt gab es wieder ein Wiener
490 2624 1652 2701 erstemal sah — in dem sagenumsponnenen Café Griensteidl —
1710 2668 2856 2720 Burg heater (das in den letzten Jahren zu einer norddeutschen
493 2676 1663 2737 wußte ich, ohne daß es mir jemand sagte und ohne daß ich
1696 2718 2848 2781 Enklav. nit französischem Repertoire geworden war). Jetzt
504 2726 1663 2792 je vorher ein Bild von ihm gesehen hatte, das ist Hermann
1708 2759 2853 2817 gab es eine Wiener Sezession. Die Kunst wurde zu einer
501 2773 1660 2831 Bahr. Als ich das erste Buch von ihm las — es war der
1708 2806 2845 2856 Angelegenheit, über die sich die ganze Stadt aufregen durfte
501 2820 1663 2884 Roman „Die gute Schule" in den grünen Heften der „Freien
1702 2853 2856 2909 Es gab den Kampf um Klimt, um Olbrich, um Burckhard,
501 2873 1660 2961 Bühne —, wünschte ich, wenn ich Romane schreiben könnte
1696 2900 2862 2964 um Mahler. Und in jedem dieser Kämpfe war es Bahr, der
498 2920 938 3003 würde ich so schreiben.
1708 2939 2859 3000 gegen eine Welt kleiner Feindlinge, gegen eine unsichtbare
542 2950 1666 3044 Es ist nicht zu sagen, welche Wirkung damals von Bahr
1702 2986 2864 3044 Camorra der Böswilligkeit nicht nachließ, bis sich eine
501 3019 1666 3086 ausging, als er nach seinen wilden Wanderjahren von Berlin,
1710 3030 2862 3094 immer widerstrebende Gesellschaft, im guten oder im bösen,
504 3072 1666 3133 Paris, Spanien, Rußland und wieder Berlin nach Wien
1705 3080 2864 3147 wenigstens vor der überlegenen Einmaligkeit dieser schöpfe¬
506 3125 1666 3180 heimkehrte, um die in behaglichem Duseln sanft verduselte,
1702 3130 2145 3208 rischen Männer neigte.
509 3166 1674 3232 süß dahinträumende Stadt aufzuwirbeln und sie aus dem
1746 3152 2864 3238 Das Geheimnis seiner Wirkung war, daß in dieser krit¬
493 3208 1666 3268 allzu Oesterreichischen weg wieder Europa einzuverleiben.
1710 3230 2864 3285 telnden, aber eigentlich unkritischen Stadt ihr bester Kritiker
504 3257 1677 3318 Die Wirkung war laut genug. Er trat nicht eben auf leisen
1713 3279 2867 3335 im Grunde auch kein Kritiker und keine kritische Natur,
509 3304 1677 3365 Sohlen auf und bewies nicht die mindeste Scheu, an alle
1719 3324 2867 3376 sondern einer war, der zu aller Erscheinung ja sagen mußte.
506 3354 1660 3415 heiligen Schläftigkeiten zu rühren. Er brachte das Bri¬
1713 3374 2862 3423 Dieser Mann ist in das Leben und in die Zeit, in der er
518 3401 1669 3462 sämtlicher Revolutionen mit, die sich draußen in Literatur,
1713 3412 2864 3470 lebt, so leidenschaftlich verliebt, daß es den in allen Epochen
504 3454 1680 3520 Kunst, Theater und Lebensgestaltung vorbereiteten, und ließ
1708 3465 2867 3520 der Kultur Behausten nicht eher ruht, als bis er die Super¬
504 3498 1677 3556 es auf die schöne Schläferin Wien los. Die rieb sich verdutzt
1716 3512 2862 3567 lative der Vergangenheit, eifersüchtig fast in der Gegenwart
506 3548 1680 3606 die Augen und tat mit. Weil nämlich der neue Freier nicht
1710 3562 2864 3614 wiedergefunden hat. Ist unsere Zeit nicht reich, schön und
504 3592 1677 3653 bloß jung, fesch und elegant war, was in Wien nun einmal
1719 3609 2864 3664 stark genug, um ihren Dante, ihren Franziskus, ihren Nova¬
504 3645 1677 3706 dazu gehört, nie fad, nie langweilig, immer amüsant, und
1710 3656 2870 3717 lis, und ihren Kleist hervorzubringen? Darf man sich durch
504 3692 1680 3764 weil er nicht bloß graziöser schreiben, witziger reden konnte
1710 3703 2870 3761 die Nähe, bloß dadurch, daß unsere Dante, Franziskus, No¬
504 3736 1677 3797 als alle anderen, sondern weil er sie mit der verwegenen
1710 3747 2870 3808 valis Kleist mitten unter uns wandeln und jene nicht, die
501 3797 1683 3855 Frechheit anpackte, gegen die sie nun einmal alle wehrlos
1719 3800 2873 3858 Augen gegen ihre Größe verschließen lassen? Dieselben, die
515 3839 1683 3897 sind. So möchte man sich den jungen Alcibiades vor¬
1710 3841 2870 3902 unsere Großen verkennen, wären auch blind an jenen vor¬
515 3888 1680 3941 stellen, wie Bahr damals auftrat. Jeden Tag mit einer neuen
1719 3888 2873 3944 übergegangen. Und aus diesem Gefühl, dieser ehrfürchtigen
512 3933 1680 3988 Ueberraschung, mit einer neuen Gaminerie, einem neuen
1721 3941 2873 3996 Sehnsucht nach dem Großen, die ihn lieber überschätzen als
512 3977 1677 4038 Einfall, einer neuen Entdeckung, einer neuen Ueberwindung
1719 3988 2870 4052 verkennen läßt, ist Bahr zu dem fast sprichwörtlichen End¬
509 4032 1683 4088 die Wiener verblüffend. Redend, schreibend, in einem auf¬
1719 4035 2217 4101 decker so vieler geworden.
512 4077 1674 4129 regend neuen Ton voll Grazie und Elan, organisierend
1760 4060 2873 4148 Was geschah damals in der europäischen Kunst, in der
518 4124 1680 4187 Zeitungen gründend, im Theater, in der Gesellschaft, aggressiv
1721 4129 2875 4193 europäischen Kultur, in der europäischen Seele, das nicht in
523 4173 1683 4232 gegen alles Verkalkte im Wienertum, und mit einer jähen
1724 4187 2873 4237 Wien sein wirkendes Echo fand? Weil dieser unermüdliche
515 4223 1683 4298 überrumpelnden Begeisterung ohnegleichen sich für alles Neue
2029 4234 2875 4295 der das Kommende erriet, witterte, beschrieb
