3344 4352
172 236 1025 340 13. Miscellaneous
1211 238 1633 347 box 447
1750 515 2156 586 E STANDESTAAT
1776 618 2925 707 lung zu der selbstverständlichen Indizierung des Herrn
1776 693 2918 752 Rosenberg, der, statt abberufen zu werden, von der Reichs¬
1776 741 2925 810 regierung gar noch als ein „casus belli angesprochen
1779 794 2926 852 wird, was ebenfalls völlig gegen die im Reichskonkordat
2720 843 2929 909 alle diese
1776 843 2628 903 übernommenen Verpflichtungen verstößt
1776 896 2931 952 Divergenzen, zu denen die unentschuldigten, ungesehnten
1778 945 2922 1005 und ungehinderten alten und neuen sonstigen Brüche des
1779 993 2928 1057 Konkordates durch Deutschland hinzukommen, haben den
1779 1045 2922 1105 Konflikt zwischen Vatikan und Deutschland als vorläufig
1776 1105 2928 1166 unlösbar erscheinen lassen. Solange sich nicht die
1776 1143 2804 1211 gesamt den Dritten Reiches ändert
2835 1143 2937 1211 und
1775 1208 1909 1265 man
1779 1253 1912 1314 und
2214 1224 2556 1337 GRATIS
1776 1305 1909 1371 seinen
1973 1317 2759 1430 „OBSERVER
1785 1355 1902 1422 wendi
1776 1394 1913 1471 in der
2047 1404 2713 1471 1. österr. behördl. konzessioniertes
1782 1454 1904 1521 Ewig
2025 1446 2739 1526 Unternehmen für Zeitungs-Ausschnitte
1816 1510 1899 1572 Bei
2090 1506 2675 1574 WIEN, I., WOLLEILE 11
1778 1558 1903 1614 wer si
2159 1576 2601 1631 TELEPHON R-23-0-43
1775 1606 1899 1667 korda
1781 1656 1906 1724 de fa¬
1963 1689 2316 1782 Ausschnitt aus:
1782 1708 1904 1766 weiter
1782 1759 1904 1820 die K
1778 1810 1888 1872 früht
1990 1776 2732 1902 Der christliche Stände
1787 1861 1897 1928 Vater
2285 1861 2484 1948 staat,
1775 1913 1891 1971 stehe
1961 1906 2090 2005 vom
2224 1904 2650 2024 Februar 1934.
1776 1961 1894 2021 retten
1788 2012 1894 2072 sie
1775 2059 1894 2121 an D.
1781 2114 1871 2168 und
1784 2162 1909 2227 Mäch
1782 2213 1887 2268 noch
1788 2263 1886 2330 wird
1779 2314 1878 2370 und
1785 2359 1897 2425 Oeste
1781 2413 2018 2498 Helfer sei¬
1654 2556 2781 2657 INDULOSSEN
785 2519 1367 2676 JOTIZE
1782 2662 2945 2727 rarische Austromarxismus immerhin ein höheres Niveau
580 2669 1740 2766 GEGEN DEN LITERARISCHEN AUSTROMARKISMUS.
1788 2717 2942 2780 pflegte, als etwa der Marxismus anderer Länder. Das jedoch
621 2755 1736 2819 Nach der sieghaften Niederkämpfung des militärischen und
1785 2766 2939 2823 ist keineswegs sein, des österreichischen Marxismus, Verdienst,
584 2807 1733 2864 politischen, muß nunmehr auch die Ueberwindung des
1788 2813 2939 2868 sondern es dürfte mit der wesenhaft antinaturalisti¬
577 2852 1733 2916 intellektuellen Austromarxismus erfolgen, der, zwar
1787 2860 2931 2919 schen Anlage des österreichischen Menschen zusammenhängen
574 2893 1733 2964 nicht aus eigenem, nicht kraft seiner selbst, sondern aus¬
1782 2908 2939 2955 der, soferne er der Kunst zuneigt, einem plumpen Naturalis¬
577 2939 1730 3009 schließlich vermöge der ihn tragenden politischen Macht
1785 2944 2947 3003 mus — zum Klassenkampfe reizender Elendsschilderer oder
584 2990 1731 3049 eine ihm nie gebührende Geistesherrschaft erlangt hat, die,
2681 2996 2945 3053 keinerlei lite-
1782 3003 2643 3059 sich als „Dichter“ gebenden Pansexualisten-
577 3035 1731 3101 da sie nicht aus dem Geiste, sondern aus der Macht geboren
1782 3038 2948 3101 rarischen Geschmack abzugewinnen vermag. Hingegen ist
580 3082 1734 3144 war, inquisitorisch jede Geistesfreiheit bekämpfte. So hat die
1782 3092 2948 3147 seiner unmaterialistischen, leichten, sensiblen Art leider sehr
580 3127 1724 3182 austromarxistisch intellektuelle Despotie als nahezu omni¬
1788 3137 2942 3190 der grazile, spielerische „wertfreie Aesthetizismus
584 3174 1733 3236 potente Beherrscherin von Rundfunk, Theater und Buchhandel
1791 3185 2942 3236 zugängig. der ja auch außer in dem Paris des l’art
580 3223 1727 3280 über der östereichisch-schöngeistigen Litera¬
1794 3226 2942 3287 pour l'art, noch in dem Wien der Beer-Hofmann und
577 3267 1731 3317 tur eine Cliquenherrschaft aufgerichtet, deren fabelhaft funk¬
1788 3277 2950 3333 Schnitzler seine Triumphe feiern konnte. Dieser Eigenheit der
577 3315 1731 3373 tionierender Vergötterungs-, Auszisch- und Totschweige¬
1785 3323 2932 3376 österreichischen Volkspsyche war sich der literarische Austro¬
583 3360 1739 3412 apparat fünfzehn Jahre hindurch zwar nicht über Wert und
1785 3368 2942 3426 marxismus sehr bewußt und hat die ausgesprochen
583 3412 1733 3472 Wesen, jedoch übe, Wohl und Wehe von österreichischer
1788 3412 2937 3476 proletarische Literatur eigentlich weniger gepflegt,
577 3456 1733 3515 Dichtung und österreichischem Dichter entschieden hat. Und
1782 3463 2939 3522 und wo er sie gepflegt hat, dort minder als Kunst, denn als
582 3514 1730 3559 wie sie entschied: das Urteil dieser Snobschreiberlinge,
1791 3502 2942 3569 platte Tendenzangelegenheit, als Agitation. So galten dem
577 3550 1739 3601 Hornbrillengiganten und Goldfülliederbolschewiken galt dem
1782 3554 2939 3607 österreichischen Schöngeist marxistischer Provenienz auch die
580 3592 1736 3649 vom austromaxistischen Kulturorganisationsapparat erfaßten
1785 3598 2937 3650 Becher, Barthel, Toller, Hasenclever, die Ehrenstein, Brecht,
580 3642 1736 3697 Großteil des literarisch aufgeschlossenen österreichischen
1788 3646 2939 3697 K iner und Mehring keineswegs als Dichter, sondern als
574 3687 1121 3756 Publikums als autorität.
1782 3688 2934 3740 das, was sie waren, als marxistische Agitatoren; Dichter
1785 3738 2939 3803 hingegen schienen ihnen, die den ästhetizistischen, dekadenten
609 3736 1734 3810 Zwar müssen wir loyalerweise zugestehen, daß der lite¬
