3392 4352
168 249 311 350 13.
363 248 1018 363 Miscellaneous
1210 267 1631 357 box 44/6
326 1255 702 1339 Seite 10 (Nr. 223)
248 1384 1428 1451 verschließen sollte. Der erste heißt: Es gibt keine guten Neu¬
257 1426 1429 1485 heiten oder, wie es die Direktion ausdrückt: „Viel Spreu und
249 1476 1422 1553 wenig Weizen!" Dem ist nicht ganz so: Nur gehört freilich
246 1525 1422 1602 Entdeckerfreude und talent dazu, die gar nicht so seltene
249 1566 1419 1651 Weizenkörner in der Spreu aufzuspüren. Allerdings noch
248 1628 1419 1687 etwas Drittes gehört dazu: Zeit, sogar sehr viel Zeit, um aus
246 1670 1416 1745 der Fülle der zu lesenden Stücke den Weizen auszusondern.
243 1710 1423 1788 Und wenn die ersten beiden Vorbedingungen bei der Direktion
260 1766 1413 1835 sicherlich vorhanden sind, an der letzten dürfte es ihr begreif¬
245 1816 1410 1892 lichrweise umso empfindlicher mangeln, als sie ja tatsächlich
246 1869 940 1932 erst seit einer Woche wieder besteht.
305 1912 1409 1974 Ein weiterer Trugschluß wäre es, das Provinztheater¬
236 1957 1419 2036 Repertoire von Großstadterfolgen bestimmen zu lassen, und
245 2019 1413 2075 zwar deshalb, weil in überwiegenden Fällen diese Erfolge
239 2065 1420 2120 nicht solche des Werkes, sondern der jeweils ausgesuchten
232 2108 1413 2171 individuellen Darstellung sind, während der Provinzdirektor
233 2152 1409 2220 mit einem ständigen Ensemble zu rechnen hat. In diesem Zu¬
237 2201 1413 2274 sammenhange sei erwähnt, daß die Entscheidung zwischen
230 2255 1409 2316 Werfel und Schreyvogel selbstverständlich zugunsten des Erste¬
229 2297 572 2361 ren fallen müßte.
296 2341 1410 2422 Eine andere Frage ist es, ob die mutigen und löblichen
230 2379 1412 2460 Pläne der Direktion auch alle ausführbar sein werden, bei der
232 2450 1413 2513 Kargheit der finanziellen Unterstützung durch Stadt
233 2503 1410 2562 und Land, die im allgemeinen ja nur im Nachlassen oder
237 2541 1413 2617 Streichen von Forderungen und Abgaben besteht. (Hierher
226 2606 1398 2661 gehört z. B. die nahezu unbegreifliche „Abnützungsgebühr
236 2642 1410 2704 für einen wahrscheinlich schon längst amortisierten Kostüm¬
236 2682 391 2748 fundus.)
296 2733 1410 2800 Die Erhaltung einer Schaubühne ist eine
224 2767 1403 2851 Kulturaufgabe, nicht zuletzt auch im nationalen Sinne,
227 2838 1392 2907 und ihre Vernachlässigung eine verhängnisvolle Kurzsichtig
226 2875 1401 2946 keit. Gibt es nicht zu denken, daß gerade jene Städte Öster¬
230 2934 1403 2987 reichs, die ihre Theater verloren haben, wie z. B. Klagen¬
235 2980 1401 3050 furt, Baden bei Wien, St. Pölten, Krems und Leoben, heute
223 3027 1403 3098 die allerstärksten Brandherde politischer Verhetzung geworden
230 3074 1400 3143 sind? Nicht nur am einzelnen Theaterbesucher, nicht nur an
227 3124 1401 3183 privaten Organisationen wie Theatergemeinden, vor allem an
224 3171 1398 3239 den maßgebenden Körperschaften in Stadt und Land liegt es,
229 3223 1398 3289 positiv fördernd und gebefreudig mitzuwirken an der
227 3269 1034 3325 Erhaltung eines österreichischen Theaters.
289 3319 1137 3385 Und nun zuletzt — doch nicht als Letztes -
1179 3311 1406 3387 sei noch ein
230 3350 1398 3437 Wunsch ausgesprochen: Im Vorjahre waren hie und da Ge¬
230 3409 1403 3471 rüchte aufgetaucht, die von bestimmten politischen Strömungen
227 3460 1398 3525 im hiesigen Theaterbetriebe zu erzählen wußten; Gerüchte, die
232 3508 1398 3578 sich besonders um ein Mitglied verdichteten, das auch heuer
224 3559 1398 3618 dem Ensemble angehört. Bodenständige österreichische Kunst
227 3602 1397 3676 kann nur von solchen Künstlern mit Überzeugung gepflegt
221 3655 1395 3724 werden, die ihrer österreichischen Heimat die Treue halten.
224 3695 1397 3764 Möge daher jeder Mitwirkende dessen eingedenk sein, daß er
218 3751 1398 3819 außer seiner künstlerischen Sendung gerade in diesen
227 3794 1398 3867 Zeiten vor allem auch eine vaterländische zu erfüllen
227 3847 1400 3915 hat: nämlich die, ein österreichischer Schauspieler
221 3891 375 3965 zu sein!
286 3999 1400 4058 Das Schlußkonzert des Bad Ischler Künstler=Quartetts fand
218 4050 1391 4105 Samstag abends im dichtgedrängten und vollbesetzten kleinen Kur¬
224 4093 1395 4155 haussaal vor musik= und beifallsbegeisterten Besuchern statt. Die
221 4133 1397 4199 Künstler übertrafen bei diesem Schlußkonzert sozusagen sich selbst, in
2210 870 2512 1003 RATIS
1882 994 2658 1092 „OBSERVER
1962 1087 2624 1139 I. österr. behördl. konzessioniertes
1937 1136 2649 1196 Unternehmen für Zeitungs-Ausschnitte
1996 1179 2580 1255 WIEN, I., WOLLEILE 11
2064 1245 2519 1304 TELEPHON R-23-0-43
1864 1373 2220 1443 Ausschnitt aus:
2208 1441 2711 1569 Neue Freie Presse.
1864 1583 1985 1667 vom
2130 1571 2530 1708 27. SEP. 195
1842 1763 2867 1850 (Amerika liest.) Mr. B. W. Huebsch, Mitinhaber und
1749 1842 2869 1894 literarischer Leiter der „Viking Preß, eines der führenden
1749 1889 2864 1943 Newyorker Verlagshäuser, erzählt anläßlich seines Wiener Auf¬
1743 1931 2867 1981 enthaltes: „Was wir am liebsten lesen? Gute amerikanische und
1740 1974 2870 2028 die beste europäische Literatur. Wir verhehlen uns gewiß nicht,
1746 2010 2866 2068 daß unsere eigene Dichtung auf den Schultern der europäischen
1755 2061 2870 2111 steht, aber heute, in der zweiten literarischen Generation, haben
1743 2099 2873 2146 wir schon unsere modernen Klassiker: Theodore Dreiser, Sinclair
1743 2142 2867 2192 Lewis, Sherwood Anderson; und auf der Bühne Eugene ONeill.
1743 2186 2867 2235 Dreiser hat sich bis zum wahrhaften Volkserfolg seiner „Amerika¬
1740 2227 2862 2282 nischen Tragödie" nur Schritt vor Schritt durchgesetzt. Zunächst
1743 2273 2864 2322 eigentlich mehr durch einen charakteristischen Verlegerzufall:
1740 2313 2870 2360 Sein Frühwerk „Schwester Carrie" war eine Zeitlang auf Be¬
1738 2351 2864 2410 treiben der — Gattin seines Verlegers wegen angeblicher Anstößig¬
1743 2400 2867 2453 heit aus dem Buchhandel gezogen. Dies machte den Dichter (völlig
1735 2441 2870 2493 ohne sein Zutun) zum Märtyrer und alles schrie nach seinen
1743 2481 2867 2530 Werken. Aber neben diesen literarischen Bötern gibt sich in letzter
1743 2525 2867 2577 Zeit eine höchst erfreuliche literarische Jugend kund, dritte
1738 2562 2872 2617 Generation also. Sie stammt fast durchwegs aus den Südstaaten
1749 2609 2869 2659 und atmet deren, wie man heute sagt, Erdgeruch. Ein literarisches
1740 2645 2864 2699 Abenteurertum lebt in diesen Jungen, diesen Falkner, Cald¬
1732 2689 2873 2742 well usw. — Deutsche und österreichische Literatur in Amerika?
1740 2730 2876 2786 Mein erster deutscher Autor war Anno 1905 der Wiener Arzt
1740 2774 2876 2832 Feuchtersleben mit seiner „Diätetik der Seele". Dann kam Suder¬
1743 2819 2873 2870 manns „Hohes Lied", und damit hielt ich bei den Naturalisten.
1746 2866 2873 2913 Ich hatte die Ehre, Gerhart Hauptmanns ganzes Oeuvre dem
1735 2906 2870 2950 amerikanischen Publikum zu vermitteln. Mehreren meiner
1743 2949 2867 2993 Kollegen wurde die gleiche Auszeichnung durch die Werke Ihres
2478 2990 2875 3047 und die Romane
1743 2990 2288 3047 viel zu früh dahingegangenen
1740 3002 2875 3084 Jakob Wassermanns zuteil. Heute gewinn Franz Werfel drüben
1740 3077 2872 3130 von Jahr zu Jahr mehr Anhänger. Besonders gefallen auch meinen
1740 3118 2870 3161 Landsleuten die Tiergeschichten Felix Saltens und die Tier¬
1735 3158 2873 3210 bücher Paul Eippers. Aber ein hervorragendes Interesse gilt, wie
1743 3205 2870 3251 auch auf dem Kontinent, seit einer Reihe von Jahren der modernen
1742 3245 2870 3292 Biographik, und seit Stracheys Tod ringen bei uns André
1746 3283 2870 3334 Maurois und Stefan Zweig um die Palme. — Amerikanische
1755 3331 2864 3375 Buchpropaganda und Vertriebsmethoden? Gewiß, es tauchen
1746 3370 2867 3418 immer wieder Leute auf, die beredsamst dartun, nur dieser und
1743 3415 2867 3465 jener phantastisch aufgeputzte Bücherwagen, dieses Büchergewinst¬
1740 3456 2867 3509 Preisausschreiben oder jener Sprechchor: Kennen Sie schon
1743 3497 2867 3550 X Y's neuestes Werk, sei der einzige Weg ins Verleger¬
1743 3541 2867 3596 paradies. Man gibt das eine oder andere Mal nach — schließlich
1740 3583 2875 3630 muß man ja auf irgendeine Weise sein Geld verlieren. Aber glauben
1740 3627 2864 3668 Sie, bitte, nicht, daß alles wirklich amerikanisch ist, was man
1740 3662 2870 3714 dafür ausgibt. Und wundern Sie sich nicht, aus dem Munde eines
1740 3708 2864 3766 Amerikaners zu hören: Für den Artikel „Buch“ bekenne ich
1746 3749 2866 3803 mich letzten Endes zum Ausspruch jenes alten Forsyte: Gute
1729 3794 2276 3865 Mare empfiehlt sich von selbst.
2713 3791 2825 3841 V. P.
