3344 4352
158 247 298 360 13.
346 241 1016 375 Miscellaneous
1194 250 1617 363 box 447
566 587 655 679 24
1355 587 1743 685 DER CHRISTLIC
578 685 1737 777 Wiener impressionismus repräsentierenden Stefan
566 763 1734 828 Zweig, Felix Salten und Ernst Lothar zu sein. Das zu betonen,
569 810 1734 867 ist sehr wichtig; denn der literarische Austromarxismus
581 861 1731 914 scheint, zumal er nie im tiefsten Schmutz der ausgesprochen
578 909 1737 956 proletarischen Kunst gewühlt hat, sich auch in einem neuen
572 953 1734 1010 Oestereich noch für existenzberechtigt halten. Doch hätte es
575 995 1734 1049 Oesterreich, die neben dem Flandern der Felix Timmer¬
569 1043 1731 1093 manns, Anton Thiery, Stijn Sreuves, Gert Walschap und
572 1090 1734 1147 Ernest Claas literarisch fruchtbarste Land¬
572 1135 1734 1192 schaft des Nachkriegseuropa, nötig, Macher und
572 1183 1734 1233 Routiniers zu fördern, wo es eine stattliche Zahl wesen¬
566 1227 1734 1287 hafter Dichter besitzt: Karl Kraus, Richard Schauka,
569 1275 1734 1326 August Leithelm, Heinrich Waggerl, Guido Zer¬
566 1317 1731 1370 natto, Max Mel, Julius Zerzer, J. G. Oberkofler,
563 1358 1737 1421 Georg Rendl und Rudolf List, Enrika v. Handel¬
572 1406 1734 1466 Mazetti, Paula Crogger, Dolores Vieser, Erna
569 1460 1737 1510 Blaas und Veronika Rubatscher. Wie es auch sei: in
572 1498 1734 1558 einem christlichen Ständestaat Oesterreich darf für den
563 1546 1451 1606 ästhetizistischen Relativismus kein Raum sein.
608 1579 1737 1650 Doch denken wir, die wir den Geistesterror der Gleich¬
569 1626 1734 1695 schaltung ablehnen, keineswegs daran, Bücher, die dem
569 1686 1737 1743 Großteil des literarischen Oesterreich noch für wertvoll
572 1731 1734 1790 gelten, zu verbrennen, wir wollen vielmehr dem Guten
563 1784 1731 1838 oder zumindest für gut Geltenden das Bessere gegenüber¬
569 1832 1728 1883 stellen: der Formalschönheit des ästhetizistischen Wiener
569 1874 1728 1924 Impressionismus die Wesens schönheit gott und volk¬
578 1912 1737 1972 verbundener Dichtung. Diese muß mehr und mehr durch
563 1957 1737 2020 Radio, Theater und Buchhandel gepflegt und verbreitet werden,
563 2014 1737 2079 und sie wird kraft ihrer selbst, vermöge ihrer Wesenheit
566 2058 1057 2127 über den Asphalt siegen,
608 2085 1731 2157 Indes genügte es keineswegs, nur die gesunde volkhafte
572 2151 1731 2210 österreichische Dichtung zu fördern, nein, wir
563 2192 1728 2255 müssen vielmehr unserer Verpflichtung für die ge¬
563 2246 1728 2294 samte Nationalliteratur, die heute größer ist denn
569 2291 1731 2347 je, Ausdruck verleihen und aus dieser Pflicht jene reichs¬
569 2329 1734 2392 deutsche Literatur vornehmlich pflegen, die, da sie im Dienste
572 2380 1731 2434 der rechten Rangordnung der Werte steht, in einem Deutsch¬
569 2428 1731 2481 land des Blut mythos nicht die ihr eigentlich zukommende
566 2475 1731 2526 Stellung einnimmt. Wir denken hier besonders an die Werke
563 2517 1731 2574 der Theodor Häcker, Ernst Thrasolt, Leo Weis¬
566 2535 2961 2627 mantel, Franz Johannes Weinrich und Gottfried der Mitte Europas, often nach Süden und
572 2609 882 2687 Hasenkamp.
1772 2606 2306 2690 Osten und Westen, zusteht.
1454 2609 1704 2693 W. Faber.
2824 2618 2904 2693 M.
557 2737 1725 2815 FAHRLEUTE DER VERGANGENHEIT ZUR ZUKUNT
1814 2743 2949 2809 IM VERLAG HERDER erschien soeben ein Buch, „Katho¬
566 2806 1725 2857 hat einstmals Hermann Bahr mit einem bezeichnenden Wor¬
1778 2788 2940 2860 lisch-konservatives Erbgut, das wertvolle Proben aus den Werken
560 2854 1728 2910 die Männer genannt, die in entscheidenden Momenten der
1775 2857 2928 2904 Schlegels, Müllers, Baaders, Corres, Vogelsangs und anderer
569 2895 1728 2946 Geschichte das Geschick ihres Volkes bestimmen. Das Bild is
1766 2895 2931 2949 katholischer Denker bringt. So knapp, durch den Raum be¬
563 2943 1728 3000 klar: die Fährleute im Nachen stehend, selbst lenkend, doch
1775 2940 2940 3003 dingt, diese Auswahl ist, so sehr ist sie zu empfehlen; in
569 2991 1734 3047 getrieben und abgelenkt vom Strom. Aber je stärker der Strom
1778 2991 2934 3041 uns Oesterreichern lebt dieses Lebe freilich weiter, aber der
563 3032 1725 3086 das Schifflein zu erfassen droht, um so stärker wird auch der
1778 3035 2937 3089 Hitler-Diktatur wäre aufs dringendete anzuraten, sich daraus
566 3083 1728 3134 Wille in ihnen, das Letzte herauszuholen, um sich nicht ab¬
1772 3083 2931 3134 Lehre und Rat zu holen. Nicht unerwähnt darf aber eines
563 3122 1728 3190 lenken zu lassen, sondern selber die Lage zu bestimmen. Mir
1781 3131 2931 3178 bleiben: das Vorwort zu der Auswahl aus Freiherr von
569 3175 1722 3226 scheint, als ob Oesterreichs Fährleute in dieser Lage seien. Es
1772 3169 2931 3223 Vogelsangs Werken schrieb Dr. Eugen M. Kogon. Wie
569 3223 1728 3271 ist nicht zu viel gesagt, wenn wir behaupten, daß es im
1778 3220 2931 3274 schließt er es? Er, der katholische Oesterreicher, der doch
572 3262 1725 3318 kritischesten Moment seiner jüngsten Geschichte steht. Und
1778 3265 2928 3318 hier lebt, hier eine Rolle spielen will? Man höre; er schließt
563 3306 1728 3369 alle haben die Aufgabe, zu helfen, daß des Schiff glücklich
1778 3318 2931 3372 „erfüllt sich jetzt, im na sonalen Sozialismus, was Vogelsang
563 3360 1725 3408 in den Hafen kommt. Es geht nicht mehr um das Politische
1775 3357 2928 3423 unter der Losung christlicher Sozialismus heißen Herzens an¬
1772 3402 2043 3479 gestrebt hat¬
566 3408 1728 3461 im engeren Sinne, aber um Politik im höchsten Sinne, im
1817 3440 2925 3500 Das heißt man wacker gesprochen! Der Satz ist trefflich,
563 3452 1731 3506 sozialen, im geistigen, im weltanschaulichen, im religiösen
1766 3491 2934 3554 Sein Inhalt bedeutet Verbeugung vor der Hitler-Diktatur, die
560 3497 682 3557 Sinne.
1766 3548 2925 3601 zwar nicht christlich ist, aber Posten verspricht. Die Frage¬
611 3524 1728 3595 Denn Politik, so aufgefaßt, ist die Kunst, für das eigene
1778 3583 2931 3646 form ist unverbindlich genug, das österreichische Brot zu
563 3577 1728 3640 Volk alle die Möglichkeiten zu finden und auszunützen, die
1781 3631 2928 3688 sichern. Das ganze heißt Mannesmut eines Literaten und natur¬
563 3640 1722 3688 es zu seiner materiellen, geistigen und christlichen Existen¬
1781 3682 2928 3732 notwendigen Opponenten — (Motto: Mark non olet) andere
566 3685 1719 3735 braucht. Da muß jeder mittun, vor allem der geistige Mensch
1781 3732 2928 3789 denken freilich anders. Gustav Freytag hat in den Journa¬
563 3723 1722 3783 dem neben der Tatkraft auch die Einsicht gegeben ist. In jeden
1778 3765 2925 3831 listen eine ähnliche Figur treffend gezeichnet; vielleicht stimmt
569 3777 1722 3825 muß der Wille glühn, alles persönliche Wünschen, soweit es
1775 3822 2106 3890 sogar die Rasse!
563 3816 1722 3884 dem Heile aller widerstrebt oder sich auch nur von ihm ab¬
