3392 4352
1109 133 2375 268 Herr Kramer bebütert.
956 246 1732 324 Weltruf hatte das Rudolfsheimer
1847 264 2628 339 Bald übernahm der neue Mann das
865 310 2617 377 Theater, die sogenannte Schwenderbühne ja Liebhaberfach allein mit Beschlag, und schließ¬
867 361 2623 424 nicht, und auch sehr prunkvoll war der Bau lich ist er auf dem Weg über „Alt=Heidelberg“,
865 399 2621 461 keineswegs. Mitunter kam es schon vor, daß „Brüder von St. Bernhard“ und vielen, vielen
865 443 2617 503 man im Publikum nicht alles verstand, was andern Rollen der Star des Deutschen Volks¬
871 483 1734 541 die Künstler sprachen, weil ein sonderbares
1763 497 2626 546 theaters, der Liebling Wiens geworden. Seine
874 528 2626 583 Pochen und Scharren hinter den Kulissen Leistungen als Charakterschauspieler moderner
865 565 1734 619 hervordrang. Die Schuld daran trug der Ein¬
1763 579 2626 630 Stücke sind ebenso zahllos wie unvergeßlich
871 612 2623 687 spännergau, der, wenn er in seinen Stall und wer Leopold Kramer im „Gardeoffizier,
865 654 2626 710 wollte, die Bühne passieren mußte. Ließ man „Teufel“ oder als Anatol gesehen hat, der
869 699 1739 754 ihn bis nach Schluß der Vorstellung warten,
1767 701 2623 772 dankt ihm dieses Erlebnis noch Jahrzehnte
865 738 1727 792 dann äußerte sich eben sein Unmut bisweiler
1770 745 1889 796 später.
1934 747 2623 798 In dem damaligen festgefügten
865 783 2630 836 derart, daß Häuser, Felsen oder Ensemble der Bühne beim Weghuberpark war
865 825 2626 880 Bäume, was immer das Szenenbild gerade Kramer 21 Jahre lang einer der führenden
865 867 1732 920 zeigte, zu wanken begannen. Frau Löwe
1763 867 2630 925 Namen, Schmerzerfüllt nahm er Abschied von
863 914 1628 958 und Herr Czernowski waren die
1761 914 2623 960 hier, als nach dem Krieg verschiedene Umstände
867 951 2632 1009 beschränkten Herrscher dieses Reiches, sie taten ihm die Arbeit verleideten, und die Trennung
871 993 2634 1047 ihr Bestes, konnten aber das Schild „Aus= von diesem Theater war um so schwieriger,
865 1040 2632 1102 verkauft nicht zu oft über die Kasse hängen, als er hier jenes Glück fand, das ihm durch
1767 1082 2621 1129 alle Fährnisse des Lebens treu blieb. Bei einen
951 1084 1736 1142 Doch einmal, vor nun gerade vierzig
1767 1124 2601 1177 Probe, bald nach dem Debit stand der „Pfarrer
865 1129 1727 1186 Jahren, im Jänner 1894, rieben sie mit Rech¬
1754 1166 2630 1217 von Khfeld dem „Anner!“ gegenüber, einer
863 1177 1727 1224 vergnügt die Hände, denn erstens hatte ein
1770 1211 2626 1257 jungen reizvollen Schauspielerin, Josefine
863 1215 1727 1266 angehender Künstler für 50 Gulden
1763 1257 2626 1306 Glöcker. Und bald hieß auch sie Kramer,
858 1257 1725 1306 Karten erstanden, damit er heute
1763 1297 2626 1373 bald war aus dem Paar der Bühne ein Paar
863 1304 1727 1364 Abend die Rolle Schillers in den „Karls¬
1767 1339 2175 1401 fürs Leben geworden.
871 1346 1723 1395 schülern spielen durfte, und zweiten saßen
865 1386 1727 1444 im Parkett zwei vornehme Herren
1767 1377 2626 1464 Paula, Paul und Attila — die Unbekannten.
1847 1450 2632 1499 Neun Jahre verbrachte Kramer nach dem
1761 1475 2630 1546 Abschied aus Wien in Prag als Direktor des
885 1472 1705 1570 Bei den ersten Erkältungsanzeichen
1767 1539 2626 1592 Deutschen Landestheaters, und als er von hier
1071 1543 1435 1599 nehmen Sie sofort
1772 1579 2623 1628 schieb, um in seine Vaterstadt zurückzukehren,
889 1577 1699 1672 Transpiral-Tabletten
1761 1621 2630 1674 da gab es unbeschreiblich herzliche Beweise der
1160 1650 1441 1703 in heißem o.
1767 1663 2626 1712 Liebe und Anhänglichkeit seiner Schauspieler
883 1674 1712 1743 Auch gegen Gliederschmerzen, in allen Apotheken.
1761 1710 2634 1758 wie seines Publikums. Unter der Leitung des
1761 1750 2626 1803 neuen Direktors wurde manch ein Talent
1763 1794 2626 1841 aus einem Unbekannten ein berühmter
854 1796 1723 1858 Lewinsky und Kracher aus dem Burg¬
1763 1838 2632 1885 Künstler. Als Oskar Sima die Prager Bühne
858 1845 1723 1896 theater. Sie hatte der Vater des Debitanten
1763 1876 2626 1931 Kramers verließ, da holte sich der Direktor
854 1894 1727 1945 der Kaufmann Kramer, hergerufen, damit
1761 1925 2630 1987 einen Anfänger, einen Namenlosen, den er an
867 1936 1710 1985 sie ein Urteil — womöglich ein schlechtes
1767 1962 2566 2018 die Stelle Simas brachte; Paul Hörbiger
865 1974 1732 2053 über seinen Leopold abgeben, der unbedingt
1843 1998 2628 2067 Auch Bruder Attila ist hier bei Kramer
858 2018 1246 2102 zum Theater wollte.
1763 2060 2639 2107 groß geworden, und unter den Vielen, deren
1064 2060 1532 2140 Gedichte im Kassenbuch.
1763 2102 2630 2155 Ruhm am Deutschen Landestheater begann,
942 2115 1732 2195 Mit dem Jungen war es nicht leicht.
1770 2144 2632 2191 sind die Linzerin Maria Müller, die ihren
854 2147 1727 2231 Er sollte Kaufmann werden wie der Vater,
1761 2182 2630 2237 Weg von Pragandie Metropolitan
863 2215 1732 2266 nachdem er seine Einjährig=Freiwilligen¬
1763 2226 2630 2275 Opera in New-York nahm, Maria
867 2260 1730 2313 Pflicht bei den Tiroler Kaiserjägern erfüllt
1767 2271 2634 2320 Gerhart, die jüngste Kammersängerin der
863 2302 1730 2362 hatte. Aber wenn er im Parterrelokal seines
1770 2313 2626 2366 Wiener Staatsoper, Karl Norbert und
863 2346 1727 2397 Chefs beim Fenster saß und hinausschaute in
1763 2357 2630 2404 eine, die am Volkstheater in kleinen Rollen
858 2393 1721 2448 den Großstadtverkehr, da fiel ihm immer
1754 2402 2634 2453 wenig aufgefallen war, die Dr. Beer erst
863 2433 1727 2488 wieder das Theater ein, da standen dann mit
1763 2439 2632 2490 als den Star Paula Wessely wieder zurück¬
856 2468 1734 2537 einem Male statt Ziffern Gedichte,
1761 2484 2630 2537 holte. Zahllos sind die bedeutsamen Leistungen
854 2519 1732 2568 eigene und fremde, nebst Rollenpartien im
1763 2530 2637 2577 des Debitanten aus Rudolfsheim. Er führte
865 2559 1727 2617 Kassenbuch. Abends sagte er, er wolle turnen
1754 2570 2630 2621 Regie und spielte bei der Uraufführung des
867 2612 2628 2665 gehen, und in Wirklichkeit traf man ihn im Erfolgstückes „Leinen aus Irland" in Berlin,
865 2645 1719 2696 Burgtheater. Deshalb beschloß Vater Kramer
1770 2661 2632 2710 er ist heute als Fünfundsechzigjähriger, wo
867 2692 1723 2747 seinen Leopold strafweise aus Wien weg¬
1761 2696 2568 2767 immer er hinkommt, der „große Kramer“.
867 2732 1723 2792 zuschicken. In Hamburg sollte er in einem
1989 2754 2346 2836 Buch des Lebens.
863 2776 1727 2834 großen Exporthaus die Kunst vergessen. Auch
856 2816 1725 2872 dort hat Leopold jedoch gesungen, gedichtet,
1834 2803 2626 2883 Gleichwohl denkt er gern zurück an die
863 2865 1725 2914 rezitiert. Man liebte ihn allgemein, er war
1754 2867 2628 2925 verflossenen Jahrzehnte und in dem stillen,
863 2900 1725 2963 in der Familie des Chefs wohlgelitten, aber
1763 2920 2626 2971 schönen Heim des Künstlers in Hietzing liegt
867 2949 1730 3002 gleichwohl schlug ihm der Firmeninhaber
1754 2960 2623 3018 ein Buch auf dem Tisch, ein Buch des
865 2989 1727 3040 eines Tages vor, sein Betätigungsgebiet
1758 3000 2623 3056 Lebens gewissermaßen, denn darin haben
865 3034 1727 3080 irgendwo anders hin zu verlegen. Nun hatte
1758 3049 2623 3096 alle Autoren der Stücke, in denen er
858 3080 2619 3131 Leopold genug. Er fuhr nach Wien zuruck auftrat, dem Darsteller ihrer Rollen Dank
863 3116 1725 3169 und erklärte seinem Vater entschieden: „Ich
1754 3127 2623 3189 gesagt. Blumenthal und Kadelburg stehen
865 3162 1723 3209 gehe zum Theater.“ Diesem unbedingten
1750 3175 2623 3222 neben Schönthan, Otto Erich Hartleben und
858 3207 1725 3258 Willen gegenüber war wenig einzuwenden,
1761 3218 2020 3275 Max Halbe
2062 3213 2626 3286 Schnitzler neben Hans
863 3246 1725 3295 und so daß man denn jetzt im Parkett der
1754 3260 2628 3315 Müller und Max Mell, Sil=Vara, Molar,
863 3284 1716 3366 Schwender=Bühne, um zumindest festzustellen
1750 3306 2634 3357 Kamare, Ludwig Thoma, Ritter sind ebenso
852 3331 1605 3406 ob der Junge das nötige Talent hätte.
1750 3348 2626 3399 vertreten wie Mascagni und sogar Rabindra¬
1743 3393 2628 3444 nath Tagore. „Ich war so unvorsichtig, einen
989 3375 1581 3455 Der „Pfarrer wird „Teufel“
936 3437 2626 3488 Also talentiert var er, das versicherten neuen Mitterwurzer zu versprechen.
1754 3481 2632 3552 Bitte, lösen Sie mein Wort ein,“ war das
854 3486 1727 3544 sowohl Lewinsky als auch Kracher, sein
1752 3519 2641 3575 Ersuchen von Karl Karleis. „Schon
863 3532 1725 3590 späterer Lehrer nach der ersten, ohne Anleitung
1754 3568 2628 3615 glaube ich, dem Exempel gebricht der Bei¬
856 3575 1719 3628 gewissermaßen aus dem Stegreif geschaffener
1754 3610 2628 3663 fallsstempel, da kam er, der Kramer, in starke
854 3617 1727 3668 Leistung des Schiller in den „Karlsschülern“.
1752 3657 2626 3705 Hände nahm er, mein gut geratenes Stück und
854 3659 1723 3717 Trotzdem war die Frage des besorgten Vaters,
1750 3699 2623 3745 trug als nicht Erlahmer es zielgewiß zum
854 3703 1723 3756 ob sein Sohn sicher aus Burgtheater“ käme,
1758 3741 2626 3794 Glück," meinte Ludwig Fulda in ihm sonst
856 3743 1730 3796 nicht leicht zu beantworten. Immerhin für den
854 3783 2632 3836 Anfang genügte auch das Olmützer Theater, eine fremder Versform. Gerhart Hauptmann
1750 3827 2630 3878 aber hat sich verewigt mit drei Wörtern:
856 3832 1719 3881 Provinzbühne von Rang. Hier hatte Leopold
1752 3874 2626 3923 Ex corde lux (aus dem Herzen kommt die
856 3876 1723 3925 Kramer sein erstes Engagement. Dann kam er
863 3916 2630 3969 für zwei Jahre nach Halle an der Saale, wo leuchtende Flamme) und damit hat der große
856 3956 2630 4014 ihn Direktor Bukovics als Melchtal sah Dichter den großen Schauspieler in treffender
1750 4005 2623 4049 Weise gezeichnet, damit hat er das Motto ge¬
854 4000 1719 4058 und sofort mit nach Wien nahm, aus Deutsche
856 4045 1725 4087 Volkstheater. Am 6. Mai 1897 debitierte er
1761 4047 2630 4109 schrieben für Leopold Kramer Buch des
858 4085 1900 4138 hier als Pfarrer von Kirchfeld, Mortimer und Lebens.
858 4129 1277 4184 in einer Lustspielrolle.
2169 4109 2594 4193 Otto Zausmer.
