<?xml version="1.0" encoding="UTF-8" standalone="yes"?>
<PcGts xmlns="http://schema.primaresearch.org/PAGE/gts/pagecontent/2013-07-15" xmlns:xsi="http://www.w3.org/2001/XMLSchema-instance" xsi:schemaLocation="http://schema.primaresearch.org/PAGE/gts/pagecontent/2013-07-15 http://schema.primaresearch.org/PAGE/gts/pagecontent/2013-07-15/pagecontent.xsd">
    <Metadata>
        <Creator>prov=READ-COOP:name=PyLaia@TranskribusPlatform:version=2.12.1:model_id=39995:lm=provided:date=28_03_2024_22:57</Creator>
        <Created>2019-10-07T20:37:54.924+02:00</Created>
        <LastChange>2024-03-28T22:57:49.138+01:00</LastChange>
        <TranskribusMetadata docId="224461" pageId="9578919" pageNr="19" tsid="156412434" status="IN_PROGRESS" userId="40391" imgUrl="https://files.transkribus.eu/Get?id=ZVCHOYQQNMBVMWWFYDOSFSDF&amp;fileType=view" xmlUrl="https://files.transkribus.eu/Get?id=VEVUXWJOKDEIEPHTYTVJLPOJ" imageId="6208218"/>
    </Metadata>
    <Page imageFilename="224461_0019.jpeg" imageWidth="3344" imageHeight="4352">
        <ReadingOrder>
            <OrderedGroup id="ro_1712662282246" caption="Regions reading order">
                <RegionRefIndexed index="0" regionRef="tr_1"/>
                <RegionRefIndexed index="1" regionRef="tr_2"/>
                <RegionRefIndexed index="2" regionRef="tr_3"/>
            </OrderedGroup>
        </ReadingOrder>
        <TextRegion orientation="0.0" id="tr_1" custom="readingOrder {index:0;}">
            <Coords points="143,219 143,384 979,384 979,219"/>
            <TextLine id="tr_1_tl_1" custom="readingOrder {index:0;}">
                <Coords points="137,330 930,362 976,349 976,286 741,285 658,251 530,288 136,263"/>
                <Baseline points="143,319 184,322 226,322 268,324 310,321 352,321 393,324 435,325 477,325 519,325 561,325 602,326 644,328 686,328 728,325 770,325 811,325 853,325 895,327 937,330 979,334"/>
                <TextEquiv>
                    <Unicode>13. Miscellaneous</Unicode>
                </TextEquiv>
            </TextLine>
            <TextEquiv>
                <Unicode></Unicode>
            </TextEquiv>
        </TextRegion>
        <TextRegion orientation="0.0" id="tr_2" custom="readingOrder {index:1;}">
            <Coords points="841,302 841,4204 1722,4204 1722,302"/>
            <TextLine id="tr_2_tl_1" custom="readingOrder {index:0;}">
                <Coords points="1173,349 1284,333 1380,362 1526,331 1593,352 1593,281 1576,274 1487,280 1461,267 1231,290 1196,267 1173,273"/>
                <Baseline points="1179,325 1205,327 1231,328 1257,328 1283,328 1309,328 1335,328 1361,328 1387,328 1413,328 1439,328 1465,329 1491,331 1517,329 1543,328 1569,328 1596,328"/>
                <TextEquiv>
                    <Unicode>box 44/6</Unicode>
                </TextEquiv>
            </TextLine>
            <TextLine id="tr_2_tl_2" custom="readingOrder {index:1;}">
                <Coords points="886,1675 893,1673 907,1687 913,1684 933,1698 941,1691 968,1705 979,1704 979,1629 938,1626 917,1612 886,1622"/>
                <Baseline points="892,1671 922,1671 952,1671 982,1671"/>
                <TextEquiv>
                    <Unicode>Wi¬</Unicode>
                </TextEquiv>
            </TextLine>
            <TextLine id="tr_2_tl_3" custom="readingOrder {index:2;}">
                <Coords points="1168,1740 1225,1737 1250,1750 1375,1730 1439,1738 1439,1689 1396,1679 1370,1688 1350,1679 1339,1690 1317,1675 1262,1693 1168,1689"/>
                <Baseline points="1173,1725 1199,1725 1226,1726 1253,1727 1280,1728 1307,1728 1333,1728 1360,1727 1387,1726 1414,1725 1441,1725"/>
                <TextEquiv>
                    <Unicode>93.0.42</Unicode>
                </TextEquiv>
            </TextLine>
            <TextLine id="tr_2_tl_4" custom="readingOrder {index:3;}">
                <Coords points="1129,1829 1352,1827 1418,1871 1443,1855 1492,1890 1594,1890 1584,1758 1528,1781 1390,1790 1155,1757 1125,1773"/>
                <Baseline points="1134,1814 1159,1814 1185,1814 1210,1814 1236,1815 1261,1817 1287,1818 1312,1820 1338,1820 1363,1820 1389,1822 1414,1824 1440,1826 1465,1828 1491,1832 1516,1837 1542,1842 1567,1849 1593,1853"/>
                <TextEquiv>
                    <Unicode>Fremden Presse, Wien.</Unicode>
                </TextEquiv>
            </TextLine>
            <TextLine id="tr_2_tl_5" custom="readingOrder {index:4;}">
                <Coords points="1324,1901 1354,1891 1460,1896 1460,1871 1419,1872 1371,1833 1321,1832"/>
                <Baseline points="1328,1883 1354,1883 1381,1884 1408,1885 1435,1886 1462,1886"/>
                <TextEquiv>
                    <Unicode>SE</Unicode>
                </TextEquiv>
            </TextLine>
            <TextLine id="tr_2_tl_6" custom="readingOrder {index:5;}">
                <Coords points="900,2104 1073,2090 1489,2122 1537,2112 1536,2039 1376,2033 1320,2059 1201,2028 1093,2043 965,2008 898,2020"/>
                <Baseline points="904,2083 935,2083 967,2083 999,2083 1031,2086 1063,2088 1094,2089 1126,2089 1158,2089 1190,2090 1222,2092 1253,2094 1285,2095 1317,2095 1349,2095 1381,2097 1412,2098 1444,2098 1476,2098 1508,2097 1540,2095"/>
                <TextEquiv>
                    <Unicode>Sein Lebenslauf.</Unicode>
                </TextEquiv>
            </TextLine>
            <TextLine id="tr_2_tl_7" custom="readingOrder {index:6;}">
                <Coords points="1017,2175 1291,2185 1377,2211 1410,2189 1576,2202 1592,2158 1407,2142 1378,2114 1015,2113"/>
                <Baseline points="1023,2167 1051,2171 1080,2173 1108,2173 1137,2175 1166,2176 1194,2176 1223,2177 1252,2178 1280,2180 1309,2181 1338,2181 1366,2183 1395,2183 1424,2181 1452,2183 1481,2184 1510,2184 1538,2185 1567,2188 1596,2190"/>
                <TextEquiv>
                    <Unicode>Alfred Neugebauer.</Unicode>
                </TextEquiv>
            </TextLine>
            <TextLine id="tr_2_tl_8" custom="readingOrder {index:7;}">
                <Coords points="977,2258 1720,2272 1718,2216 1665,2237 975,2200"/>
                <Baseline points="982,2235 1019,2235 1056,2237 1093,2239 1130,2242 1167,2244 1204,2244 1241,2246 1278,2247 1315,2248 1352,2250 1389,2250 1426,2250 1463,2252 1500,2253 1537,2254 1574,2256 1611,2256 1648,2259 1685,2259 1722,2259"/>
                <TextEquiv>
                    <Unicode>Der Gemischtwarenhändler in Geyers</Unicode>
                </TextEquiv>
            </TextLine>
            <TextLine id="tr_2_tl_9" custom="readingOrder {index:8;}">
                <Coords points="899,2290 1602,2328 1711,2320 1710,2274 898,2260"/>
                <Baseline points="904,2283 944,2286 984,2286 1025,2288 1065,2289 1106,2291 1146,2292 1187,2293 1227,2295 1268,2295 1308,2298 1348,2298 1389,2301 1429,2301 1470,2301 1510,2303 1551,2304 1591,2304 1632,2305 1672,2307 1713,2307"/>
                <TextEquiv>
                    <Unicode>volkstümlichem Repertoirestück in der Jo¬</Unicode>
                </TextEquiv>
            </TextLine>
            <TextLine id="tr_2_tl_10" custom="readingOrder {index:9;}">
                <Coords points="890,2347 1543,2376 1714,2370 1713,2325 888,2293"/>
                <Baseline points="895,2331 936,2334 977,2336 1018,2337 1059,2339 1100,2340 1141,2341 1182,2343 1223,2344 1264,2346 1305,2346 1346,2346 1387,2349 1428,2352 1469,2352 1510,2352 1551,2354 1592,2355 1633,2356 1674,2358 1716,2358"/>
                <TextEquiv>
                    <Unicode>sefstadt ist eine Theaterrolle, die erst des</Unicode>
                </TextEquiv>
            </TextLine>
            <TextLine id="tr_2_tl_11" custom="readingOrder {index:10;}">
                <Coords points="892,2397 1711,2418 1710,2380 1652,2362 1571,2391 1503,2362 1448,2389 1230,2349 1155,2379 1083,2351 891,2355"/>
                <Baseline points="898,2384 938,2384 979,2384 1020,2386 1061,2387 1101,2389 1142,2390 1183,2391 1224,2393 1264,2394 1305,2396 1346,2396 1387,2399 1427,2401 1468,2400 1509,2401 1550,2402 1590,2403 1631,2405 1672,2406 1713,2408"/>
                <TextEquiv>
                    <Unicode>menschlichen Odens harrt, des wirkli¬</Unicode>
                </TextEquiv>
            </TextLine>
            <TextLine id="tr_2_tl_12" custom="readingOrder {index:11;}">
                <Coords points="890,2443 1702,2473 1711,2437 888,2403"/>
                <Baseline points="895,2429 935,2432 976,2432 1017,2434 1058,2437 1099,2438 1140,2438 1181,2439 1222,2441 1263,2442 1304,2444 1344,2444 1385,2447 1426,2447 1467,2447 1508,2449 1549,2450 1590,2452 1631,2454 1672,2456 1713,2459"/>
                <TextEquiv>
                    <Unicode>chen Schauspielers, der aus der Figur</Unicode>
                </TextEquiv>
            </TextLine>
            <TextLine id="tr_2_tl_13" custom="readingOrder {index:12;}">
                <Coords points="889,2488 1594,2529 1707,2507 1706,2473 1598,2463 888,2452"/>
                <Baseline points="895,2480 935,2483 976,2483 1017,2485 1058,2486 1098,2488 1139,2489 1180,2489 1221,2490 1261,2493 1302,2495 1343,2495 1384,2498 1424,2498 1465,2498 1506,2500 1547,2501 1587,2502 1628,2505 1669,2506 1710,2501"/>
                <TextEquiv>
                    <Unicode>einen Menschen schafft: Alfred Neuge¬</Unicode>
                </TextEquiv>
            </TextLine>
            <TextLine id="tr_2_tl_14" custom="readingOrder {index:13;}">
                <Coords points="883,2548 1684,2569 1710,2530 1492,2511 1452,2535 1371,2507 1317,2533 1271,2505 881,2490"/>
                <Baseline points="889,2528 930,2531 971,2531 1012,2533 1053,2534 1095,2536 1136,2539 1177,2540 1218,2541 1259,2543 1301,2543 1342,2543 1383,2546 1424,2546 1465,2549 1507,2549 1548,2551 1589,2552 1630,2554 1671,2555 1713,2558"/>
                <TextEquiv>
                    <Unicode>bauer, der Künstler, dem in unserem</Unicode>
                </TextEquiv>
            </TextLine>
            <TextLine id="tr_2_tl_15" custom="readingOrder {index:14;}">
                <Coords points="884,2597 1709,2614 1688,2566 883,2550"/>
                <Baseline points="889,2578 930,2578 971,2580 1012,2581 1053,2583 1094,2584 1135,2585 1176,2587 1217,2588 1258,2590 1299,2590 1340,2590 1381,2593 1422,2596 1463,2596 1504,2596 1545,2598 1586,2601 1627,2602 1668,2602 1710,2599"/>
                <TextEquiv>
                    <Unicode>Blatte wiederholt Gerechtigkeit widerfah¬</Unicode>
                </TextEquiv>
            </TextLine>
            <TextLine id="tr_2_tl_16" custom="readingOrder {index:15;}">
                <Coords points="884,2645 1698,2671 1710,2627 882,2601"/>
                <Baseline points="889,2623 930,2628 971,2631 1012,2632 1053,2632 1095,2634 1136,2637 1177,2638 1218,2638 1259,2639 1301,2641 1342,2641 1383,2644 1424,2644 1465,2647 1507,2649 1548,2652 1589,2651 1630,2652 1671,2653 1713,2653"/>
                <TextEquiv>
                    <Unicode>ren ist, dessen Charakterrollen in Leinen</Unicode>
                </TextEquiv>
            </TextLine>
            <TextLine id="tr_2_tl_17" custom="readingOrder {index:16;}">
                <Coords points="883,2690 1484,2714 1519,2711 1518,2664 882,2648"/>
                <Baseline points="889,2674 920,2676 952,2678 983,2680 1015,2680 1047,2682 1078,2684 1110,2686 1142,2688 1173,2688 1205,2686 1237,2688 1268,2689 1300,2690 1332,2692 1363,2692 1395,2693 1427,2695 1458,2695 1490,2698 1522,2701"/>
                <TextEquiv>
                    <Unicode>aus Irland“, „Voruntersuchung</Unicode>
                </TextEquiv>
            </TextLine>
            <TextLine id="tr_2_tl_18" custom="readingOrder {index:17;}">
                <Coords points="1590,2717 1618,2710 1626,2718 1636,2715 1648,2721 1687,2713 1715,2719 1715,2669 1689,2668 1660,2676 1607,2667 1590,2669"/>
                <Baseline points="1596,2704 1626,2701 1656,2701 1686,2701 1716,2701"/>
                <TextEquiv>
                    <Unicode>Braut</Unicode>
                </TextEquiv>
            </TextLine>
            <TextLine id="tr_2_tl_19" custom="readingOrder {index:18;}">
                <Coords points="887,2750 1681,2754 1680,2716 1610,2711 886,2701"/>
                <Baseline points="892,2728 931,2728 971,2728 1010,2730 1050,2733 1089,2734 1129,2735 1168,2737 1208,2737 1247,2737 1287,2739 1327,2740 1366,2742 1406,2743 1445,2743 1485,2744 1524,2746 1564,2746 1603,2746 1643,2744 1683,2743"/>
                <TextEquiv>
                    <Unicode>von Torotzko", „Kaiser Franz Joseph</Unicode>
                </TextEquiv>
            </TextLine>
            <TextLine id="tr_2_tl_20" custom="readingOrder {index:19;}">
                <Coords points="886,2782 1670,2817 1702,2806 1701,2761 885,2751"/>
                <Baseline points="892,2775 932,2778 973,2778 1013,2780 1054,2781 1095,2781 1135,2782 1176,2784 1216,2785 1257,2787 1298,2787 1338,2787 1379,2790 1419,2792 1460,2793 1501,2793 1541,2794 1582,2797 1622,2798 1663,2797 1704,2796"/>
                <TextEquiv>
                    <Unicode>wie er uns versichert, seine Lieblingsrol¬</Unicode>
                </TextEquiv>
            </TextLine>
            <TextLine id="tr_2_tl_21" custom="readingOrder {index:20;}">
                <Coords points="880,2833 1689,2868 1700,2813 1225,2814 1117,2787 997,2813 879,2788"/>
                <Baseline points="886,2826 926,2826 967,2824 1008,2825 1049,2828 1090,2831 1131,2832 1172,2832 1213,2833 1254,2836 1295,2838 1335,2838 1376,2838 1417,2841 1458,2841 1499,2841 1540,2843 1581,2846 1622,2847 1663,2847 1704,2847"/>
                <TextEquiv>
                    <Unicode>len — die Aufmerksamkeit der Theater¬</Unicode>
                </TextEquiv>
            </TextLine>
            <TextLine id="tr_2_tl_22" custom="readingOrder {index:21;}">
                <Coords points="878,2888 1699,2906 1698,2865 1654,2858 877,2844"/>
                <Baseline points="883,2871 923,2874 964,2876 1005,2877 1046,2879 1087,2880 1128,2880 1169,2881 1210,2883 1251,2884 1292,2886 1332,2886 1373,2889 1414,2889 1455,2891 1496,2892 1537,2892 1578,2894 1619,2895 1660,2896 1701,2895"/>
                <TextEquiv>
                    <Unicode>kundigen auf diesen Komödianten von For¬</Unicode>
                </TextEquiv>
            </TextLine>
            <TextLine id="tr_2_tl_23" custom="readingOrder {index:22;}">
                <Coords points="875,2939 1712,2956 1711,2923 1625,2903 874,2899"/>
                <Baseline points="880,2925 921,2925 963,2925 1004,2927 1046,2928 1088,2930 1129,2931 1171,2931 1213,2932 1254,2935 1296,2937 1338,2937 1379,2937 1421,2940 1463,2940 1504,2943 1546,2943 1588,2945 1629,2946 1671,2948 1713,2949"/>
                <TextEquiv>
                    <Unicode>mat und innerer Gestaltungskraft lenkten.</Unicode>
                </TextEquiv>
            </TextLine>
            <TextLine id="tr_2_tl_24" custom="readingOrder {index:23;}">
                <Coords points="955,2985 1596,3013 1698,3009 1697,2958 954,2941"/>
                <Baseline points="961,2972 998,2975 1035,2977 1072,2978 1109,2979 1146,2981 1183,2981 1220,2981 1257,2983 1294,2983 1331,2983 1368,2987 1405,2987 1442,2989 1479,2990 1516,2990 1553,2991 1590,2993 1627,2993 1664,2995 1701,2999"/>
                <TextEquiv>
                    <Unicode>Natürlich ist er Wiener. Im letzten</Unicode>
                </TextEquiv>
            </TextLine>
            <TextLine id="tr_2_tl_25" custom="readingOrder {index:24;}">
                <Coords points="876,3035 1662,3060 1701,3056 1700,3007 874,2988"/>
                <Baseline points="880,3023 921,3023 962,3023 1003,3025 1044,3026 1086,3028 1127,3029 1168,3029 1209,3030 1250,3032 1292,3033 1333,3035 1374,3035 1415,3038 1456,3038 1498,3040 1539,3041 1580,3041 1621,3043 1662,3045 1704,3047"/>
                <TextEquiv>
                    <Unicode>Monate des Jahres 1889 gebar ihn die</Unicode>
                </TextEquiv>
            </TextLine>
            <TextLine id="tr_2_tl_26" custom="readingOrder {index:25;}">
                <Coords points="873,3096 1681,3100 1679,3059 1629,3050 1594,3072 870,3031"/>
                <Baseline points="877,3068 917,3071 957,3073 997,3074 1038,3076 1078,3077 1118,3078 1159,3080 1199,3080 1239,3080 1280,3083 1320,3083 1360,3083 1400,3085 1441,3086 1481,3087 1521,3089 1562,3090 1602,3092 1642,3092 1683,3095"/>
                <TextEquiv>
                    <Unicode>Gattin des Chefs der fürstlich-liechtenstei¬</Unicode>
                </TextEquiv>
            </TextLine>
            <TextLine id="tr_2_tl_27" custom="readingOrder {index:26;}">
                <Coords points="868,3130 1588,3159 1698,3148 1697,3101 867,3093"/>
                <Baseline points="874,3116 915,3121 956,3122 998,3122 1039,3124 1080,3125 1122,3127 1163,3128 1204,3129 1246,3131 1287,3131 1328,3131 1370,3134 1411,3134 1452,3134 1494,3137 1535,3139 1576,3140 1618,3140 1659,3142 1701,3140"/>
                <TextEquiv>
                    <Unicode>schen Kabinettskanzlei. Seine Ähnen stan¬</Unicode>
                </TextEquiv>
            </TextLine>
            <TextLine id="tr_2_tl_28" custom="readingOrder {index:27;}">
                <Coords points="866,3172 1556,3213 1693,3207 1692,3159 865,3140"/>
                <Baseline points="871,3164 912,3166 953,3168 994,3169 1035,3171 1077,3172 1118,3174 1159,3175 1200,3176 1241,3178 1283,3178 1324,3178 1365,3181 1406,3181 1447,3181 1489,3183 1530,3186 1571,3187 1612,3189 1653,3191 1695,3193"/>
                <TextEquiv>
                    <Unicode>den 150 Jahre im Dienste des regierenden</Unicode>
                </TextEquiv>
            </TextLine>
            <TextLine id="tr_2_tl_29" custom="readingOrder {index:28;}">
                <Coords points="865,3226 1687,3254 1686,3209 1611,3200 1203,3212 864,3174"/>
                <Baseline points="871,3214 911,3217 952,3217 993,3219 1034,3220 1075,3222 1116,3223 1157,3223 1198,3224 1239,3227 1280,3229 1320,3229 1361,3229 1402,3232 1443,3232 1484,3232 1525,3234 1566,3235 1607,3238 1648,3241 1689,3241"/>
                <TextEquiv>
                    <Unicode>Fürsten und so wuchs auch der junge</Unicode>
                </TextEquiv>
            </TextLine>
            <TextLine id="tr_2_tl_30" custom="readingOrder {index:29;}">
                <Coords points="865,3275 1688,3307 1686,3256 864,3237"/>
                <Baseline points="871,3265 911,3265 952,3267 993,3268 1034,3270 1075,3271 1116,3272 1157,3274 1198,3275 1239,3277 1280,3277 1320,3280 1361,3280 1402,3280 1443,3280 1484,3282 1525,3283 1566,3285 1607,3287 1648,3289 1689,3292"/>
                <TextEquiv>
                    <Unicode>Alfred in dieser gar nicht bürgerlichen</Unicode>
                </TextEquiv>
            </TextLine>
            <TextLine id="tr_2_tl_31" custom="readingOrder {index:30;}">
                <Coords points="868,3323 1675,3360 1686,3305 1469,3289 1313,3317 1222,3281 867,3277"/>
                <Baseline points="874,3316 914,3316 955,3316 996,3316 1037,3320 1077,3324 1118,3325 1159,3324 1200,3323 1240,3325 1281,3325 1322,3325 1363,3328 1403,3328 1444,3330 1485,3331 1526,3333 1566,3334 1607,3335 1648,3338 1689,3343"/>
                <TextEquiv>
                    <Unicode>Umgebung, gegenüber dem Burgtheater,</Unicode>
                </TextEquiv>
            </TextLine>
            <TextLine id="tr_2_tl_32" custom="readingOrder {index:31;}">
                <Coords points="862,3366 1687,3397 1686,3356 861,3335"/>
                <Baseline points="868,3361 909,3363 950,3363 991,3363 1032,3365 1073,3368 1114,3369 1155,3369 1196,3369 1237,3370 1278,3372 1319,3372 1360,3375 1401,3375 1442,3377 1483,3378 1524,3378 1565,3380 1606,3381 1647,3382 1689,3384"/>
                <TextEquiv>
                    <Unicode>auf. Schottengymnasium, Jurisprudenz an</Unicode>
                </TextEquiv>
            </TextLine>
            <TextLine id="tr_2_tl_33" custom="readingOrder {index:32;}">
                <Coords points="862,3420 1687,3445 1686,3397 1621,3385 1352,3407 861,3370"/>
                <Baseline points="868,3411 909,3411 950,3411 991,3413 1032,3414 1073,3416 1114,3417 1155,3418 1196,3420 1237,3420 1278,3420 1319,3423 1360,3423 1401,3426 1442,3426 1483,3428 1524,3429 1565,3429 1606,3430 1647,3433 1689,3435"/>
                <TextEquiv>
                    <Unicode>der Wiener Universität — bis zum letzten</Unicode>
                </TextEquiv>
            </TextLine>
            <TextLine id="tr_2_tl_34" custom="readingOrder {index:33;}">
                <Coords points="855,3470 1643,3500 1676,3491 1675,3442 853,3422"/>
                <Baseline points="859,3456 900,3459 941,3461 982,3462 1023,3464 1064,3467 1105,3468 1146,3468 1187,3468 1228,3469 1269,3471 1310,3471 1351,3471 1392,3474 1433,3474 1474,3476 1515,3477 1556,3479 1597,3480 1638,3481 1679,3479"/>
                <TextEquiv>
                    <Unicode>Rigorosum. Eines Tages fährt er in der</Unicode>
                </TextEquiv>
            </TextLine>
            <TextLine id="tr_2_tl_35" custom="readingOrder {index:34;}">
                <Coords points="859,3513 1548,3553 1683,3539 1682,3491 1529,3515 1465,3484 1160,3502 858,3470"/>
                <Baseline points="865,3507 906,3510 947,3510 988,3510 1029,3512 1070,3513 1111,3514 1152,3516 1193,3517 1234,3519 1275,3519 1316,3522 1357,3522 1398,3522 1439,3524 1480,3525 1521,3527 1562,3528 1603,3529 1644,3531 1686,3531"/>
                <TextEquiv>
                    <Unicode>Trambahn. Ein Herr spricht ihn an und</Unicode>
                </TextEquiv>
            </TextLine>
            <TextLine id="tr_2_tl_36" custom="readingOrder {index:35;}">
                <Coords points="859,3580 1670,3592 1653,3544 1375,3532 1305,3558 1243,3530 858,3514"/>
                <Baseline points="865,3555 905,3558 945,3560 985,3560 1026,3562 1066,3563 1106,3563 1147,3564 1187,3566 1227,3566 1268,3569 1308,3566 1348,3568 1388,3571 1429,3572 1469,3573 1509,3575 1550,3576 1590,3578 1630,3578 1671,3578"/>
                <TextEquiv>
                    <Unicode>erkundigt sich, ob er nicht Schauspieler</Unicode>
                </TextEquiv>
            </TextLine>
            <TextLine id="tr_2_tl_37" custom="readingOrder {index:36;}">
                <Coords points="851,3619 1680,3638 1641,3591 850,3585"/>
                <Baseline points="856,3605 897,3605 938,3607 980,3608 1021,3610 1062,3611 1104,3613 1145,3614 1186,3614 1228,3615 1269,3617 1310,3617 1352,3620 1393,3620 1434,3620 1476,3620 1517,3625 1558,3626 1600,3626 1641,3628 1683,3632"/>
                <TextEquiv>
                    <Unicode>sei. Auf seine Verneinung bietet sich der</Unicode>
                </TextEquiv>
            </TextLine>
            <TextLine id="tr_2_tl_38" custom="readingOrder {index:37;}">
                <Coords points="847,3659 1670,3687 1669,3657 1608,3638 1268,3649 1121,3623 1079,3649 846,3620"/>
                <Baseline points="853,3653 893,3656 934,3656 975,3658 1016,3659 1057,3661 1098,3662 1139,3662 1180,3663 1221,3665 1262,3665 1302,3665 1343,3668 1384,3671 1425,3671 1466,3671 1507,3673 1548,3676 1589,3677 1630,3678 1671,3680"/>
                <TextEquiv>
                    <Unicode>Fremde an, ihn zum Theater zu bringen.</Unicode>
                </TextEquiv>
            </TextLine>
            <TextLine id="tr_2_tl_39" custom="readingOrder {index:38;}">
                <Coords points="852,3715 1673,3737 1672,3697 1589,3687 851,3670"/>
                <Baseline points="856,3701 896,3704 937,3706 978,3707 1019,3709 1060,3710 1101,3710 1142,3711 1183,3714 1224,3716 1265,3716 1305,3716 1346,3716 1387,3719 1428,3721 1469,3722 1510,3724 1551,3725 1592,3726 1633,3728 1674,3728"/>
                <TextEquiv>
                    <Unicode>Der Manager arrangierte damals ein Gast¬</Unicode>
                </TextEquiv>
            </TextLine>
            <TextLine id="tr_2_tl_40" custom="readingOrder {index:39;}">
                <Coords points="851,3762 1677,3782 1676,3753 1620,3740 850,3729"/>
                <Baseline points="856,3752 897,3755 938,3755 979,3757 1020,3758 1062,3759 1103,3760 1144,3761 1185,3763 1226,3763 1268,3763 1309,3763 1350,3766 1391,3766 1432,3769 1474,3769 1515,3771 1556,3774 1597,3775 1638,3776 1680,3781"/>
                <TextEquiv>
                    <Unicode>spiel des Burgtheaters in Triest, im</Unicode>
                </TextEquiv>
            </TextLine>
            <TextLine id="tr_2_tl_41" custom="readingOrder {index:40;}">
                <Coords points="855,3808 1649,3848 1665,3793 853,3764"/>
                <Baseline points="859,3799 899,3802 939,3802 980,3804 1020,3805 1061,3807 1101,3808 1142,3809 1182,3811 1223,3811 1263,3814 1303,3814 1344,3814 1384,3816 1425,3815 1465,3817 1506,3820 1546,3821 1587,3823 1627,3823 1668,3823"/>
                <TextEquiv>
                    <Unicode>Theater Politama Rossetti. So betritt der</Unicode>
                </TextEquiv>
            </TextLine>
            <TextLine id="tr_2_tl_42" custom="readingOrder {index:41;}">
                <Coords points="849,3867 1624,3885 1665,3849 847,3829"/>
                <Baseline points="853,3850 893,3850 934,3852 975,3853 1016,3855 1056,3856 1097,3856 1138,3857 1179,3859 1219,3860 1260,3862 1301,3862 1342,3865 1382,3867 1423,3868 1464,3868 1505,3868 1545,3868 1586,3869 1627,3871 1668,3871"/>
                <TextEquiv>
                    <Unicode>neugebackene Schauspieler, in der Kar¬</Unicode>
                </TextEquiv>
            </TextLine>
            <TextLine id="tr_2_tl_43" custom="readingOrder {index:42;}">
                <Coords points="851,3901 897,3926 1515,3939 1667,3930 1666,3897 850,3869"/>
                <Baseline points="856,3895 896,3900 937,3901 977,3903 1018,3904 1059,3904 1099,3905 1140,3907 1180,3908 1221,3910 1262,3913 1302,3913 1343,3913 1383,3913 1424,3915 1465,3916 1505,3917 1546,3919 1586,3920 1627,3922 1668,3922"/>
                <TextEquiv>
                    <Unicode>woche 1913, mit Korff und Gusti Wit¬</Unicode>
                </TextEquiv>
            </TextLine>
            <TextLine id="tr_2_tl_44" custom="readingOrder {index:43;}">
                <Coords points="841,3956 1596,3987 1666,3980 1665,3933 1586,3953 840,3912"/>
                <Baseline points="847,3946 888,3949 929,3949 970,3951 1011,3952 1052,3954 1093,3956 1134,3957 1175,3958 1216,3960 1257,3960 1298,3960 1339,3960 1380,3963 1421,3963 1462,3965 1503,3966 1544,3968 1585,3969 1626,3970 1668,3972"/>
                <TextEquiv>
                    <Unicode>tels die Bretter, Auf dieses Debut als</Unicode>
                </TextEquiv>
            </TextLine>
            <TextLine id="tr_2_tl_45" custom="readingOrder {index:44;}">
                <Coords points="838,3998 1664,4030 1636,3979 1555,4003 1146,3971 1119,3997 1068,3966 837,3966"/>
                <Baseline points="844,3996 885,3996 926,3998 967,3999 1008,3999 1049,4001 1090,4003 1131,4005 1172,4006 1213,4008 1254,4008 1295,4008 1336,4008 1377,4011 1418,4011 1459,4013 1500,4016 1541,4017 1582,4018 1623,4020 1665,4023"/>
                <TextEquiv>
                    <Unicode>Fähnrich im „Weiten Land“ folgt unter</Unicode>
                </TextEquiv>
            </TextLine>
            <TextLine id="tr_2_tl_46" custom="readingOrder {index:45;}">
                <Coords points="838,4062 1615,4082 1662,4079 1661,4030 837,4016"/>
                <Baseline points="844,4041 885,4046 926,4047 967,4049 1008,4052 1049,4053 1090,4053 1131,4053 1172,4054 1213,4056 1254,4056 1295,4059 1336,4059 1377,4062 1418,4062 1459,4064 1500,4065 1541,4067 1582,4068 1623,4068 1665,4068"/>
                <TextEquiv>
                    <Unicode>Korffs Patronanz ein Gastspiel in Frank¬</Unicode>
                </TextEquiv>
            </TextLine>
            <TextLine id="tr_2_tl_47" custom="readingOrder {index:46;}">
                <Coords points="835,4099 1668,4142 1666,4085 834,4062"/>
                <Baseline points="841,4092 882,4095 923,4097 965,4098 1006,4100 1047,4101 1089,4101 1130,4102 1171,4104 1213,4105 1254,4107 1295,4107 1337,4107 1378,4110 1419,4113 1461,4113 1502,4115 1543,4116 1585,4118 1626,4121 1668,4122"/>
                <TextEquiv>
                    <Unicode>furt, dann eine kurze Zeit des Zagens,</Unicode>
                </TextEquiv>
            </TextLine>
            <TextLine id="tr_2_tl_48" custom="readingOrder {index:47;}">
                <Coords points="835,4156 1656,4175 1655,4139 1547,4127 834,4112"/>
                <Baseline points="841,4143 881,4143 922,4145 963,4146 1004,4146 1045,4149 1086,4152 1127,4153 1168,4154 1209,4154 1250,4154 1290,4154 1331,4157 1372,4157 1413,4159 1454,4160 1495,4160 1536,4162 1577,4164 1618,4166 1659,4169"/>
                <TextEquiv>
                    <Unicode>bis der bekannte Kunstverleger Viktor</Unicode>
                </TextEquiv>
            </TextLine>
            <TextLine id="tr_2_tl_49" custom="readingOrder {index:48;}">
                <Coords points="835,4193 981,4200 1054,4186 1054,4161 1047,4160 1013,4173 949,4158 927,4171 914,4163 835,4155"/>
                <Baseline points="841,4190 867,4190 894,4191 921,4193 948,4193 975,4193 1002,4193 1029,4189 1056,4184"/>
                <TextEquiv>
                    <Unicode>Fleischer</Unicode>
                </TextEquiv>
            </TextLine>
            <TextEquiv>
                <Unicode></Unicode>
            </TextEquiv>
        </TextRegion>
        <TextRegion orientation="0.0" id="tr_3" custom="readingOrder {index:2;}">
            <Coords points="1767,672 1767,3015 2647,3015 2647,672"/>
            <TextLine id="tr_3_tl_1" custom="readingOrder {index:0;}">
                <Coords points="1803,696 1832,693 1923,700 1933,695 1946,702 1945,669 1920,672 1905,680 1863,669 1849,659 1825,659 1814,651 1802,654"/>
                <Baseline points="1808,695 1836,695 1864,695 1892,695 1920,696 1949,698"/>
                <TextEquiv>
                    <Unicode>----</Unicode>
                </TextEquiv>
            </TextLine>
            <TextLine id="tr_3_tl_2" custom="readingOrder {index:1;}">
                <Coords points="1827,808 1937,811 1964,824 1995,811 2022,820 2036,808 2130,822 2128,768 2105,781 2071,769 2044,783 1985,760 1946,774 1906,762 1826,770"/>
                <Baseline points="1832,796 1859,798 1886,799 1913,799 1940,801 1967,805 1995,805 2022,805 2049,805 2076,806 2103,808 2131,805"/>
                <TextEquiv>
                    <Unicode>fahrungen, die</Unicode>
                </TextEquiv>
            </TextLine>
            <TextLine id="tr_3_tl_3" custom="readingOrder {index:2;}">
                <Coords points="2197,835 2237,822 2328,841 2473,833 2547,859 2642,838 2640,799 2595,790 2514,802 2195,783"/>
                <Baseline points="2202,811 2228,813 2254,814 2280,816 2306,818 2332,820 2358,821 2384,823 2410,823 2436,824 2462,825 2488,827 2514,829 2540,829 2566,829 2592,831 2618,831 2644,829"/>
                <TextEquiv>
                    <Unicode>auch in künstlerischer</Unicode>
                </TextEquiv>
            </TextLine>
            <TextLine id="tr_3_tl_4" custom="readingOrder {index:3;}">
                <Coords points="1828,862 1890,856 1910,867 1945,859 1966,867 1986,863 2000,875 2021,872 2018,818 1964,825 1929,811 1882,832 1850,812 1825,808"/>
                <Baseline points="1832,844 1859,846 1886,848 1913,849 1941,851 1968,853 1995,853 2023,853"/>
                <TextEquiv>
                    <Unicode>Beziehung</Unicode>
                </TextEquiv>
            </TextLine>
            <TextLine id="tr_3_tl_5" custom="readingOrder {index:4;}">
                <Coords points="2121,875 2428,897 2498,883 2589,912 2644,892 2643,855 2572,860 2517,838 2429,865 2361,833 2119,834"/>
                <Baseline points="2125,856 2151,858 2177,859 2203,861 2229,863 2255,865 2281,866 2307,868 2333,870 2359,872 2386,874 2412,874 2438,874 2464,874 2490,874 2516,876 2542,878 2568,880 2594,880 2620,880 2647,883"/>
                <TextEquiv>
                    <Unicode>den Menschen erst ganz</Unicode>
                </TextEquiv>
            </TextLine>
            <TextLine id="tr_3_tl_6" custom="readingOrder {index:5;}">
                <Coords points="1830,908 1944,905 2097,925 2095,873 2059,881 2030,867 2001,875 1981,861 1947,882 1910,878 1881,860 1828,874"/>
                <Baseline points="1835,898 1861,896 1887,895 1913,897 1940,899 1966,901 1992,901 2019,901 2045,903 2071,905 2098,907"/>
                <TextEquiv>
                    <Unicode>reifen ließen.</Unicode>
                </TextEquiv>
            </TextLine>
            <TextLine id="tr_3_tl_7" custom="readingOrder {index:6;}">
                <Coords points="1899,960 2643,983 2641,950 2408,948 2255,908 2076,931 1896,910"/>
                <Baseline points="1904,946 1941,946 1978,948 2015,950 2052,952 2089,952 2126,955 2163,957 2200,960 2237,961 2274,962 2311,964 2348,967 2385,969 2422,970 2459,971 2496,973 2533,973 2570,976 2607,978 2644,982"/>
                <TextEquiv>
                    <Unicode>In Berezowka (Sibirien) spielte er in</Unicode>
                </TextEquiv>
            </TextLine>
            <TextLine id="tr_3_tl_8" custom="readingOrder {index:7;}">
                <Coords points="1827,1016 1947,999 2640,1046 2638,999 2584,986 2032,958 1943,979 1874,953 1826,978"/>
                <Baseline points="1832,993 1872,993 1912,993 1953,995 1993,998 2034,1001 2074,1002 2115,1003 2155,1006 2196,1008 2236,1008 2276,1011 2317,1013 2357,1014 2398,1016 2438,1019 2479,1020 2519,1021 2560,1024 2600,1026 2641,1023"/>
                <TextEquiv>
                    <Unicode>einem russischen Ensemble in französi¬</Unicode>
                </TextEquiv>
            </TextLine>
            <TextLine id="tr_3_tl_9" custom="readingOrder {index:8;}">
                <Coords points="1824,1054 2645,1090 2643,1036 1823,1015"/>
                <Baseline points="1829,1038 1869,1041 1910,1041 1951,1045 1992,1047 2033,1049 2074,1051 2115,1054 2156,1056 2197,1057 2238,1059 2278,1059 2319,1062 2360,1062 2401,1064 2442,1067 2483,1070 2524,1071 2565,1072 2606,1075 2647,1077"/>
                <TextEquiv>
                    <Unicode>scher Sprache (in Turgenjews „Abend in</Unicode>
                </TextEquiv>
            </TextLine>
            <TextLine id="tr_3_tl_10" custom="readingOrder {index:9;}">
                <Coords points="1822,1101 2598,1148 2633,1143 2632,1099 1819,1057"/>
                <Baseline points="1826,1086 1866,1089 1906,1091 1947,1094 1987,1099 2028,1101 2068,1101 2109,1101 2149,1102 2190,1104 2230,1107 2270,1110 2311,1110 2351,1112 2392,1113 2432,1115 2473,1117 2513,1120 2554,1123 2594,1125 2635,1125"/>
                <TextEquiv>
                    <Unicode>Sorrent"); später stellt er ein Kriegs¬</Unicode>
                </TextEquiv>
            </TextLine>
            <TextLine id="tr_3_tl_11" custom="readingOrder {index:10;}">
                <Coords points="1814,1158 2600,1193 2631,1148 1812,1111"/>
                <Baseline points="1820,1143 1860,1140 1901,1142 1942,1143 1983,1145 2023,1146 2064,1147 2105,1149 2146,1150 2186,1153 2227,1155 2268,1158 2309,1158 2349,1160 2390,1163 2431,1164 2472,1166 2512,1168 2553,1171 2594,1172 2635,1173"/>
                <TextEquiv>
                    <Unicode>gefangenen-Theater auf und führt — haupt¬</Unicode>
                </TextEquiv>
            </TextLine>
            <TextLine id="tr_3_tl_12" custom="readingOrder {index:11;}">
                <Coords points="1818,1195 2620,1240 2631,1199 2082,1160 1986,1181 1916,1151 1816,1168"/>
                <Baseline points="1823,1187 1863,1187 1904,1187 1944,1189 1985,1190 2026,1192 2066,1194 2107,1197 2147,1200 2188,1202 2229,1202 2269,1202 2310,1207 2350,1208 2391,1210 2432,1213 2472,1214 2513,1215 2553,1218 2594,1220 2635,1223"/>
                <TextEquiv>
                    <Unicode>sächlich — Schnitzler-Stücke auf. Starke</Unicode>
                </TextEquiv>
            </TextLine>
            <TextLine id="tr_3_tl_13" custom="readingOrder {index:12;}">
                <Coords points="1815,1245 2632,1284 2630,1238 2580,1232 2334,1244 2247,1204 1813,1198"/>
                <Baseline points="1820,1235 1860,1238 1901,1238 1942,1240 1983,1241 2023,1243 2064,1245 2105,1248 2146,1250 2186,1250 2227,1250 2268,1253 2309,1256 2349,1258 2390,1259 2431,1261 2472,1264 2512,1266 2553,1268 2594,1268 2635,1271"/>
                <TextEquiv>
                    <Unicode>Eindrücke von jüdischen sowie später</Unicode>
                </TextEquiv>
            </TextLine>
            <TextLine id="tr_3_tl_14" custom="readingOrder {index:13;}">
                <Coords points="1818,1299 2633,1341 2631,1284 1816,1249"/>
                <Baseline points="1823,1286 1863,1286 1904,1288 1944,1289 1985,1291 2026,1294 2066,1295 2107,1296 2147,1299 2188,1301 2229,1301 2269,1304 2310,1307 2350,1307 2391,1309 2432,1312 2472,1313 2513,1314 2553,1317 2594,1318 2635,1319"/>
                <TextEquiv>
                    <Unicode>chinesischen und japanischen Theater blei¬</Unicode>
                </TextEquiv>
            </TextLine>
            <TextLine id="tr_3_tl_15" custom="readingOrder {index:14;}">
                <Coords points="1809,1339 2626,1378 2604,1328 1807,1294"/>
                <Baseline points="1814,1331 1854,1336 1895,1337 1936,1337 1977,1339 2017,1342 2058,1343 2099,1344 2140,1347 2180,1349 2221,1352 2262,1352 2303,1355 2343,1357 2384,1358 2425,1360 2466,1361 2506,1362 2547,1365 2588,1367 2629,1367"/>
                <TextEquiv>
                    <Unicode>ben nicht ohne Einfluß auf seine Gestal¬</Unicode>
                </TextEquiv>
            </TextLine>
            <TextLine id="tr_3_tl_16" custom="readingOrder {index:15;}">
                <Coords points="1809,1397 1842,1389 1876,1408 1988,1395 2075,1415 2145,1410 2143,1373 2095,1357 1910,1365 1877,1347 1843,1362 1823,1349 1807,1357"/>
                <Baseline points="1814,1382 1839,1383 1865,1384 1890,1384 1916,1385 1941,1386 1967,1387 1992,1387 2018,1389 2043,1390 2069,1392 2094,1394 2120,1395 2146,1399"/>
                <TextEquiv>
                    <Unicode>tungsentwicklung.</Unicode>
                </TextEquiv>
            </TextLine>
            <TextLine id="tr_3_tl_17" custom="readingOrder {index:16;}">
                <Coords points="1891,1452 2561,1478 2620,1471 2620,1446 1888,1399"/>
                <Baseline points="1895,1435 1931,1435 1967,1437 2004,1439 2040,1442 2077,1444 2113,1444 2149,1444 2186,1446 2222,1448 2259,1450 2295,1450 2331,1452 2368,1455 2404,1457 2441,1459 2477,1459 2513,1461 2550,1462 2586,1462 2623,1462"/>
                <TextEquiv>
                    <Unicode>Endlich, nach mißglückten Flucht ver¬</Unicode>
                </TextEquiv>
            </TextLine>
            <TextLine id="tr_3_tl_18" custom="readingOrder {index:17;}">
                <Coords points="1809,1497 2631,1521 2629,1477 1963,1474 1806,1430"/>
                <Baseline points="1814,1480 1854,1483 1895,1483 1936,1485 1977,1488 2018,1489 2059,1490 2100,1492 2141,1493 2182,1496 2223,1498 2263,1498 2304,1501 2345,1504 2386,1504 2427,1506 2468,1509 2509,1510 2550,1511 2591,1513 2632,1513"/>
                <TextEquiv>
                    <Unicode>suchen, gelingt es ihm, Ende Juni 1920</Unicode>
                </TextEquiv>
            </TextLine>
            <TextLine id="tr_3_tl_19" custom="readingOrder {index:18;}">
                <Coords points="1803,1538 2541,1580 2623,1574 2621,1529 1801,1502"/>
                <Baseline points="1808,1528 1848,1531 1889,1531 1930,1533 1971,1536 2012,1537 2053,1538 2094,1540 2135,1541 2176,1544 2217,1546 2257,1549 2298,1549 2339,1552 2380,1554 2421,1555 2462,1557 2503,1560 2544,1561 2585,1562 2626,1567"/>
                <TextEquiv>
                    <Unicode>in Wladiwostok an Bord eines von einem</Unicode>
                </TextEquiv>
            </TextLine>
            <TextLine id="tr_3_tl_20" custom="readingOrder {index:19;}">
                <Coords points="1804,1589 2570,1633 2622,1625 2620,1574 1802,1548"/>
                <Baseline points="1808,1576 1848,1579 1889,1581 1930,1583 1971,1584 2011,1586 2052,1588 2093,1590 2134,1591 2174,1593 2215,1593 2256,1596 2297,1599 2337,1601 2378,1602 2419,1604 2460,1605 2500,1606 2541,1609 2582,1611 2623,1608"/>
                <TextEquiv>
                    <Unicode>Deutschen kommandierten japanischen Koh¬</Unicode>
                </TextEquiv>
            </TextLine>
            <TextLine id="tr_3_tl_21" custom="readingOrder {index:20;}">
                <Coords points="1805,1634 2549,1678 2622,1675 2621,1633 2277,1636 1803,1590"/>
                <Baseline points="1811,1626 1851,1629 1892,1629 1932,1631 1973,1632 2014,1634 2054,1636 2095,1638 2135,1639 2176,1641 2217,1644 2257,1644 2298,1644 2338,1646 2379,1649 2420,1654 2460,1656 2501,1656 2541,1657 2582,1660 2623,1665"/>
                <TextEquiv>
                    <Unicode>lenkutters zu gelangen. Von Hamburg</Unicode>
                </TextEquiv>
            </TextLine>
            <TextLine id="tr_3_tl_22" custom="readingOrder {index:21;}">
                <Coords points="1800,1681 2624,1722 2622,1674 1799,1642"/>
                <Baseline points="1805,1677 1846,1677 1887,1677 1928,1679 1969,1680 2010,1682 2051,1684 2092,1687 2133,1689 2174,1690 2215,1692 2256,1695 2297,1695 2338,1698 2379,1700 2420,1701 2461,1703 2502,1706 2543,1707 2584,1708 2626,1710"/>
                <TextEquiv>
                    <Unicode>kehrt er nach sechsjähriger Abwesenheit</Unicode>
                </TextEquiv>
            </TextLine>
            <TextLine id="tr_3_tl_23" custom="readingOrder {index:22;}">
                <Coords points="1797,1737 2620,1771 2571,1721 1795,1698"/>
                <Baseline points="1802,1725 1842,1725 1883,1727 1924,1728 1965,1730 2006,1731 2047,1732 2088,1735 2129,1738 2170,1741 2211,1743 2251,1743 2292,1743 2333,1746 2374,1748 2415,1749 2456,1751 2497,1754 2538,1756 2579,1757 2620,1755"/>
                <TextEquiv>
                    <Unicode>nach Wien zurück, findet die Theater¬</Unicode>
                </TextEquiv>
            </TextLine>
            <TextLine id="tr_3_tl_24" custom="readingOrder {index:23;}">
                <Coords points="1806,1788 2624,1818 2622,1772 2583,1766 1804,1738"/>
                <Baseline points="1811,1773 1851,1773 1892,1775 1933,1778 1974,1779 2014,1780 2055,1782 2096,1784 2137,1785 2177,1787 2218,1790 2259,1790 2300,1793 2340,1793 2381,1795 2422,1798 2463,1801 2503,1802 2544,1803 2585,1805 2626,1802"/>
                <TextEquiv>
                    <Unicode>verhältnisse lange nicht so desolat, wie be¬</Unicode>
                </TextEquiv>
            </TextLine>
            <TextLine id="tr_3_tl_25" custom="readingOrder {index:24;}">
                <Coords points="1790,1834 2622,1882 2620,1833 2523,1811 1789,1794"/>
                <Baseline points="1796,1820 1837,1823 1878,1823 1920,1825 1961,1826 2002,1828 2044,1831 2085,1833 2126,1835 2168,1836 2209,1838 2250,1838 2292,1841 2333,1841 2374,1844 2416,1849 2457,1850 2498,1850 2540,1852 2581,1855 2623,1856"/>
                <TextEquiv>
                    <Unicode>fürchtet und kommt durch Viktor Franz</Unicode>
                </TextEquiv>
            </TextLine>
            <TextLine id="tr_3_tl_26" custom="readingOrder {index:25;}">
                <Coords points="1791,1877 2342,1922 2611,1920 2609,1877 1789,1840"/>
                <Baseline points="1796,1868 1836,1871 1877,1873 1918,1874 1959,1876 2000,1879 2041,1880 2082,1881 2123,1884 2164,1886 2205,1886 2245,1889 2286,1889 2327,1892 2368,1897 2409,1898 2450,1900 2491,1901 2532,1902 2573,1904 2614,1907"/>
                <TextEquiv>
                    <Unicode>zu Harry Walden, der ihm gleich eine</Unicode>
                </TextEquiv>
            </TextLine>
            <TextLine id="tr_3_tl_27" custom="readingOrder {index:26;}">
                <Coords points="1790,1925 2540,1973 2612,1961 2611,1926 1788,1886"/>
                <Baseline points="1796,1919 1836,1922 1877,1922 1918,1924 1959,1927 2000,1928 2041,1929 2082,1932 2123,1935 2164,1937 2205,1937 2245,1940 2286,1940 2327,1943 2368,1943 2409,1945 2450,1948 2491,1949 2532,1950 2573,1953 2614,1955"/>
                <TextEquiv>
                    <Unicode>seiner Rollen (im „Papa von Caillavet</Unicode>
                </TextEquiv>
            </TextLine>
            <TextLine id="tr_3_tl_28" custom="readingOrder {index:27;}">
                <Coords points="1790,1980 2605,2018 2603,1963 1789,1944"/>
                <Baseline points="1796,1970 1836,1970 1877,1972 1917,1975 1958,1976 1999,1977 2039,1978 2080,1979 2120,1982 2161,1984 2202,1984 2242,1987 2283,1990 2323,1990 2364,1992 2405,1995 2445,1996 2486,1997 2526,2000 2567,2001 2608,2002"/>
                <TextEquiv>
                    <Unicode>und Flers) übergibt. In jenem Sommer</Unicode>
                </TextEquiv>
            </TextLine>
            <TextLine id="tr_3_tl_29" custom="readingOrder {index:28;}">
                <Coords points="1791,2024 2592,2069 2604,2018 1789,1981"/>
                <Baseline points="1796,2014 1836,2019 1877,2020 1917,2022 1958,2025 1999,2028 2039,2029 2080,2029 2120,2030 2161,2032 2202,2035 2242,2035 2283,2038 2323,2040 2364,2043 2405,2044 2445,2045 2486,2047 2526,2048 2567,2050 2608,2050"/>
                <TextEquiv>
                    <Unicode>starb der große Harry. Neugebauer ar¬</Unicode>
                </TextEquiv>
            </TextLine>
            <TextLine id="tr_3_tl_30" custom="readingOrder {index:29;}">
                <Coords points="1791,2075 2602,2125 2601,2064 1789,2039"/>
                <Baseline points="1796,2065 1836,2068 1876,2068 1917,2070 1957,2073 1998,2076 2038,2077 2079,2078 2119,2081 2160,2083 2200,2083 2240,2086 2281,2086 2321,2088 2362,2091 2402,2092 2443,2093 2483,2096 2524,2099 2564,2101 2605,2104"/>
                <TextEquiv>
                    <Unicode>beitet bis zum Herbst 1921 unter Robert,</Unicode>
                </TextEquiv>
            </TextLine>
            <TextLine id="tr_3_tl_31" custom="readingOrder {index:30;}">
                <Coords points="1788,2130 2600,2155 2569,2112 2144,2116 1786,2073"/>
                <Baseline points="1793,2113 1833,2118 1873,2119 1914,2121 1954,2122 1995,2124 2035,2125 2076,2126 2116,2129 2157,2131 2197,2131 2237,2134 2278,2136 2318,2137 2359,2139 2399,2142 2440,2143 2480,2144 2521,2147 2561,2149 2602,2152"/>
                <TextEquiv>
                    <Unicode>dann wird er von Dr. Beer für das neu¬</Unicode>
                </TextEquiv>
            </TextLine>
            <TextLine id="tr_3_tl_32" custom="readingOrder {index:31;}">
                <Coords points="1788,2182 2603,2208 2601,2172 2508,2157 1786,2136"/>
                <Baseline points="1793,2164 1833,2167 1874,2167 1914,2169 1955,2172 1996,2175 2036,2176 2077,2177 2117,2178 2158,2178 2199,2181 2239,2184 2280,2184 2320,2186 2361,2189 2402,2192 2442,2193 2483,2194 2523,2196 2564,2197 2605,2196"/>
                <TextEquiv>
                    <Unicode>eröffnete Raimund-Theater engagiert, wo</Unicode>
                </TextEquiv>
            </TextLine>
            <TextLine id="tr_3_tl_33" custom="readingOrder {index:32;}">
                <Coords points="1782,2225 2599,2260 2598,2222 1781,2193"/>
                <Baseline points="1787,2214 1827,2214 1868,2216 1909,2219 1950,2220 1990,2222 2031,2223 2072,2224 2113,2227 2153,2229 2194,2232 2235,2232 2276,2235 2316,2235 2357,2237 2398,2240 2439,2241 2479,2242 2520,2245 2561,2246 2602,2247"/>
                <TextEquiv>
                    <Unicode>er seine spätere Gattin Margarethe Witz¬</Unicode>
                </TextEquiv>
            </TextLine>
            <TextLine id="tr_3_tl_34" custom="readingOrder {index:33;}">
                <Coords points="1782,2275 2597,2303 2596,2266 2394,2247 2254,2268 1781,2237"/>
                <Baseline points="1787,2265 1827,2265 1868,2265 1908,2267 1949,2268 1990,2270 2030,2272 2071,2274 2111,2275 2152,2277 2193,2280 2233,2280 2274,2283 2314,2285 2355,2286 2396,2288 2436,2290 2477,2292 2517,2293 2558,2296 2599,2295"/>
                <TextEquiv>
                    <Unicode>mann kennen lernt (aus erster Ehe hat er</Unicode>
                </TextEquiv>
            </TextLine>
            <TextLine id="tr_3_tl_35" custom="readingOrder {index:34;}">
                <Coords points="1782,2323 2591,2352 2589,2318 2444,2299 1781,2287"/>
                <Baseline points="1787,2313 1827,2313 1867,2313 1907,2315 1948,2318 1988,2320 2028,2323 2069,2325 2109,2326 2149,2328 2190,2328 2230,2331 2270,2333 2310,2334 2351,2336 2391,2337 2431,2338 2472,2341 2512,2344 2552,2346 2593,2346"/>
                <TextEquiv>
                    <Unicode>eine Tochter, Auguste, die Medizin stu¬</Unicode>
                </TextEquiv>
            </TextLine>
            <TextLine id="tr_3_tl_36" custom="readingOrder {index:35;}">
                <Coords points="1782,2367 2594,2405 2592,2359 1781,2331"/>
                <Baseline points="1787,2358 1827,2363 1867,2364 1908,2366 1948,2367 1989,2368 2029,2371 2070,2373 2110,2373 2151,2375 2191,2375 2231,2378 2272,2378 2312,2380 2353,2383 2393,2386 2434,2388 2474,2391 2515,2393 2555,2393 2596,2393"/>
                <TextEquiv>
                    <Unicode>diert). Hier und im Volkstheater hat er</Unicode>
                </TextEquiv>
            </TextLine>
            <TextLine id="tr_3_tl_37" custom="readingOrder {index:36;}">
                <Coords points="1779,2422 2594,2447 2584,2404 2374,2421 2239,2385 2032,2407 1778,2383"/>
                <Baseline points="1784,2408 1824,2411 1865,2413 1905,2414 1946,2416 1987,2417 2027,2418 2068,2420 2108,2421 2149,2423 2190,2423 2230,2426 2271,2429 2311,2429 2352,2431 2393,2432 2433,2435 2474,2438 2514,2439 2555,2441 2596,2444"/>
                <TextEquiv>
                    <Unicode>seine ersten großen Erfolge im „Feld¬</Unicode>
                </TextEquiv>
            </TextLine>
            <TextLine id="tr_3_tl_38" custom="readingOrder {index:37;}">
                <Coords points="1775,2467 2587,2495 2585,2450 1774,2424"/>
                <Baseline points="1781,2456 1821,2459 1861,2461 1902,2464 1942,2465 1983,2465 2023,2466 2064,2469 2104,2471 2145,2471 2185,2474 2225,2474 2266,2476 2306,2477 2347,2479 2387,2480 2428,2481 2468,2483 2509,2484 2549,2486 2590,2486"/>
                <TextEquiv>
                    <Unicode>herrnhügel“ und „Antonia". Unter der Re¬</Unicode>
                </TextEquiv>
            </TextLine>
            <TextLine id="tr_3_tl_39" custom="readingOrder {index:38;}">
                <Coords points="1774,2534 2349,2528 2594,2560 2592,2495 1773,2492"/>
                <Baseline points="1779,2513 1819,2510 1860,2510 1901,2512 1942,2515 1983,2516 2024,2517 2064,2519 2105,2520 2146,2522 2187,2522 2228,2525 2269,2525 2310,2528 2350,2528 2391,2530 2432,2531 2473,2533 2514,2535 2555,2537 2596,2540"/>
                <TextEquiv>
                    <Unicode>geführung Forests, dem er künstlerisch</Unicode>
                </TextEquiv>
            </TextLine>
            <TextLine id="tr_3_tl_40" custom="readingOrder {index:39;}">
                <Coords points="1783,2576 2598,2608 2596,2560 2436,2540 1782,2533"/>
                <Baseline points="1787,2555 1827,2558 1868,2560 1908,2561 1949,2563 1990,2566 2030,2567 2071,2567 2111,2568 2152,2570 2193,2570 2233,2572 2274,2575 2314,2575 2355,2577 2396,2580 2436,2581 2477,2583 2517,2587 2558,2588 2599,2590"/>
                <TextEquiv>
                    <Unicode>viel verdankt, vollzieht sich der Uebergang</Unicode>
                </TextEquiv>
            </TextLine>
            <TextLine id="tr_3_tl_41" custom="readingOrder {index:40;}">
                <Coords points="1779,2622 2588,2645 2587,2610 2526,2596 1778,2576"/>
                <Baseline points="1784,2605 1824,2608 1864,2610 1904,2611 1945,2611 1985,2612 2025,2614 2066,2615 2106,2617 2146,2617 2187,2620 2227,2623 2267,2625 2307,2626 2348,2628 2388,2629 2428,2629 2469,2630 2509,2633 2549,2635 2590,2635"/>
                <TextEquiv>
                    <Unicode>vom Liebhaber und Bonvivant zum Cha¬</Unicode>
                </TextEquiv>
            </TextLine>
            <TextLine id="tr_3_tl_42" custom="readingOrder {index:41;}">
                <Coords points="1771,2672 2501,2700 2587,2693 2586,2652 1769,2622"/>
                <Baseline points="1776,2656 1816,2659 1857,2659 1898,2659 1938,2661 1979,2662 2020,2662 2060,2663 2101,2666 2142,2669 2183,2671 2223,2674 2264,2674 2305,2674 2345,2676 2386,2677 2427,2679 2467,2681 2508,2683 2549,2683 2590,2683"/>
                <TextEquiv>
                    <Unicode>rakter darsteller. Es folgt seine Tätigkeit</Unicode>
                </TextEquiv>
            </TextLine>
            <TextLine id="tr_3_tl_43" custom="readingOrder {index:42;}">
                <Coords points="1770,2718 2541,2753 2586,2740 2586,2711 1768,2669"/>
                <Baseline points="1776,2707 1816,2704 1857,2706 1898,2709 1938,2710 1979,2712 2020,2713 2060,2714 2101,2716 2142,2717 2183,2719 2223,2722 2264,2722 2305,2724 2345,2725 2386,2727 2427,2728 2467,2729 2508,2732 2549,2733 2590,2731"/>
                <TextEquiv>
                    <Unicode>in Berlin: Zusammenbruch des Lessing-</Unicode>
                </TextEquiv>
            </TextLine>
            <TextLine id="tr_3_tl_44" custom="readingOrder {index:43;}">
                <Coords points="1771,2768 2467,2800 2587,2792 2585,2743 1769,2725"/>
                <Baseline points="1776,2752 1816,2755 1857,2757 1898,2758 1938,2758 1979,2760 2020,2761 2060,2762 2101,2765 2142,2767 2183,2769 2223,2769 2264,2769 2305,2771 2345,2774 2386,2775 2427,2777 2467,2779 2508,2781 2549,2782 2590,2784"/>
                <TextEquiv>
                    <Unicode>theaters unter Hellmer, Rückkehr nach</Unicode>
                </TextEquiv>
            </TextLine>
            <TextLine id="tr_3_tl_45" custom="readingOrder {index:44;}">
                <Coords points="1774,2817 2437,2854 2587,2846 2585,2792 2158,2803 1772,2770"/>
                <Baseline points="1779,2799 1819,2804 1860,2805 1900,2805 1941,2805 1981,2807 2022,2809 2062,2812 2103,2814 2143,2814 2184,2817 2225,2817 2265,2820 2306,2822 2346,2823 2387,2825 2427,2826 2468,2827 2508,2829 2549,2830 2590,2832"/>
                <TextEquiv>
                    <Unicode>Wien, wo er einen schweren Kampf um</Unicode>
                </TextEquiv>
            </TextLine>
            <TextLine id="tr_3_tl_46" custom="readingOrder {index:45;}">
                <Coords points="1761,2869 2488,2894 2587,2886 2586,2855 1759,2821"/>
                <Baseline points="1767,2850 1808,2853 1849,2853 1890,2855 1931,2856 1972,2858 2013,2859 2055,2860 2096,2863 2137,2865 2178,2866 2219,2868 2260,2868 2301,2871 2343,2871 2384,2873 2425,2876 2466,2877 2507,2879 2548,2880 2590,2880"/>
                <TextEquiv>
                    <Unicode>Dasein aufnehmen muß, aus dem ihn Di¬</Unicode>
                </TextEquiv>
            </TextLine>
            <TextLine id="tr_3_tl_47" custom="readingOrder {index:46;}">
                <Coords points="1762,2910 2293,2942 2571,2940 2583,2909 1760,2865"/>
                <Baseline points="1767,2901 1808,2901 1849,2904 1890,2906 1931,2907 1972,2907 2013,2909 2054,2911 2095,2913 2136,2913 2177,2913 2218,2916 2259,2919 2300,2922 2341,2922 2382,2924 2423,2925 2464,2927 2505,2928 2546,2928 2587,2928"/>
                <TextEquiv>
                    <Unicode>rektor Geyer durch die ehrenvolle Be¬</Unicode>
                </TextEquiv>
            </TextLine>
            <TextLine id="tr_3_tl_48" custom="readingOrder {index:47;}">
                <Coords points="1761,2961 2597,2984 2595,2935 1967,2939 1760,2909"/>
                <Baseline points="1767,2952 1808,2952 1850,2955 1891,2955 1933,2955 1975,2957 2016,2958 2058,2960 2099,2962 2141,2964 2183,2965 2224,2967 2266,2967 2307,2969 2349,2972 2391,2975 2432,2975 2474,2977 2515,2980 2557,2983 2599,2981"/>
                <TextEquiv>
                    <Unicode>rufung an das Theater in der Josefstadt,</Unicode>
                </TextEquiv>
            </TextLine>
            <TextLine id="tr_3_tl_49" custom="readingOrder {index:48;}">
                <Coords points="1768,3010 1782,3003 1812,3019 1829,3013 1846,3018 1855,3010 1898,3012 1896,2978 1886,2978 1878,2971 1862,2972 1845,2962 1835,2968 1823,2964 1815,2970 1794,2963 1786,2970 1765,2961"/>
                <Baseline points="1773,2996 1798,2998 1824,2999 1849,3001 1875,3003 1901,3005"/>
                <TextEquiv>
                    <Unicode>befreit.</Unicode>
                </TextEquiv>
            </TextLine>
            <TextEquiv>
                <Unicode></Unicode>
            </TextEquiv>
        </TextRegion>
    </Page>
</PcGts>
