3436 4352
670 127 1766 203 Er war nicht einmal sehr umgänglich, so daß ein sehr
552 167 1750 255 liebenswürdiger, aber reichlich mit Tränen gespickter Prüfungs¬
558 246 1747 306 raum zu durchmessen war, um an Bahr endlich heranzukommen
552 291 1747 343 Sein ganzes Entdecken bestand in seinem hinreißenden Beispiel
561 346 1744 403 in seinem Vorhandensein innerhalb einer völlig verkalkten
546 382 1747 455 akademischen oder versumperten Ungeistigkeit. Die schönen, aber
552 437 1754 491 einseitigen Feuilletons von Ludwig Speidel, die blendenden
552 485 1763 540 Inhaltsangaben meist biographischer französischer Erscheinungen
555 537 1754 586 Hugo Wittmanns, die Sittenschilderungen Eduard Pötzls aus
555 579 1750 649 dem Gruspelspitzgesichtswinkel, das war Wiens „literarisch¬
555 628 892 704 kritisches Leben"
655 646 1769 728 Und plötzlich, im Verlauf von ganz wenigen Jahren, gab
552 722 1763 774 es wirklich eine jungösterreichische Literatur. Schnitzler, Beer¬
546 768 1760 828 Hofmann, Salten, Dörmann waren von Anfang an dabei.
552 816 1769 871 Wirklich, mit dem ersten vollen Elan seiner ungeheuren
546 871 1763 925 dialektischen Werbekraft rief er den Gymnasiasten Loris, bald
549 913 1760 989 Hugo v. Hofmannsthal zum beglaubigten Nachfolger der hohen,
549 962 1004 1035 alten Oesterreicher aus.
661 983 1760 1065 Unsere Beziehungen waren von der ersten Stunde an,
549 1038 1760 1122 bedenke ich es heute, eher nähere menschliche als literarische. Ich
549 1107 1760 1162 hatte einen Vetter, der Bahrs Couleurbruder war, mit dessen
549 1159 1760 1220 Karte und dem Manuskript einer kleinen Erzählung ging ich
549 1204 1763 1259 eines Tages in die Günthergasse, wo die Redaktion der Wochen¬
555 1256 1760 1311 schrift „Die Zeit" war. Ich hörte wochenlang dann nichs; also
549 1298 1766 1353 wußte ich, daß es nicht war. Als ich wieder vor Bahr saß, sagte
546 1350 1760 1405 ich dies offenbar in so offener, erkenntnisvoller Art, daß er
549 1402 1760 1453 davon sichtlich überrascht war. Und dann geschah noch etwas,
549 1447 1763 1502 wodurch ich bei ihm gewann ich brachte ihm einen großen
552 1493 1763 1544 Aufsatz über Adalbert Stifter. Das war im Jahre 1898. Zum
552 1541 1763 1596 dreißigsten Todestag. Man muß wissen, Stifter war damals
546 1596 1760 1650 völlig und ganz und gar außer Kurs, nicht vergessen, weil ja
552 1638 1763 1705 jeder Mittelschüler seine Bekanntschaft machen mußte. Das war
546 1690 959 1763 ja aber sein Unglück!
664 1720 1760 1808 Bahr hat es mir später einmal gesagt, meine Erinnerung
546 1796 1763 1851 Stifters habe auf ihn wie eine Sendung der Heimat gewirkt.
552 1845 1763 1905 Er selbst hatte den großen Oesterreicher ganz vergessen und er
555 1887 1760 1960 hatte doch sogar noch in seine Linzer Knabenjahre hinein¬
555 1939 1757 1999 gespielt. Bahr hat sich in der Folge, dann viel mit Stifter
552 1987 1766 2048 beschäftigt. Bahr ist meinem ersten Stück Pathe gestanden, als
549 2033 1763 2093 er Ernst Gettke zur Aufführung veranlaßte, als es, ob seiner
552 2078 1766 2142 Frechheit und — damals! — ungewöhnlichen lockeren Form
552 2130 1763 2196 sehr laut, sehr turbulent abgelehnt wurde, war er sehr zufrieden
555 2181 1766 2266 mit mir, ich stand niemals mehr seinem Kämpferherzen als
546 2227 1338 2303 wohlgeratener Schüler näher als damals.
655 2251 1763 2333 Auf einer der damals sehr beliebten, von Max Burckhard
549 2300 1763 2388 aber leidenschaftlich betriebenen Radfahrten nach dem Prater¬
555 2366 1760 2439 spitz, auf dem heute längst verschwundenen Touringklubweg,
555 2424 1766 2482 versetzte Bahr dem Burgtheaterdirektor die Kunde von meinem
561 2473 1763 2527 Stück „Frühling". Er nahm es an. Ein paar Wochen später
552 2521 1766 2582 hatte ihn eine Schauspielerverschwörung unter Duldung des
552 2573 1766 2621 Generalintendanten Baron Beseczny, gestürzt. Hofrat Doktor
558 2609 1769 2670 Glossy hat mir erst vor einigen Monaten erzählt, er habe im
546 2661 1760 2721 Staatsarchiv den Akt gefunden, worin die Intendans
1896 2651 2991 2764 Es ist etwas Seltsames, der Dankbarkeit einen objektive
576 2715 1787 2767 Ranküne gegen Burckhard alle seine Vorschläge, auch meines
1799 2727 2997 2806 Ausdruck zu geben, dort kritisch zu sein, wo alles Erinnern,
576 2755 1696 2834 Stückes betreffend, ablehnte. Sie haben mich unterschlagen!
1802 2791 2997 2855 Bekennen und Erfassen zur Freundschaft wird. Ich sehe Sie
689 2800 1778 2861 Am 15. Juli 1901 waren Sie, erinnern Sie sich noch
573 2834 2997 2900 verehrter Meister, in der St. Johanniskirche mein Beistand, unauslöschlich vor mir als den „interessanten Hermann Bahr,
570 2888 3009 2949 wie Hofrat Dr. Glossy der des Fräuleins Alice Hetsey es war den frisch aus Paris entsprungenen Bürgerschreck mit der
677 2937 2991 3009 Und erinnern Sie sich noch der zahllosen Sonntag bewußten Stirnlocke, mit den um den kräftig gebildeten Kopf
567 2985 3000 3061 vormittage vor dem breiten Fenster Ihres Hauses auf der sich ringelnden Haaren, mit dem widerspenstig unregel¬
570 3034 2997 3113 Höhe der Veitlissengasse? Orlow, der dümmste und arroganteste mäßigen, sagen wir „ausigen Spitzbart, mit den kleinen,
567 3091 2994 3188 aller russischen Windhunde, lebte noch! Und erinnern Sie sich verschmitzten, aus Fettpölsterchen unheimlich funkelnden,
1790 3131 3000 3204 glänzenden Augen, mit der — nicht zu vergessenden — ewigen
570 3149 1250 3213 noch der vielen Wienerwaldhänge?
1796 3173 3000 3246 Virgina im Munde. Das ist „mein" immer zu lebendiger
673 3192 1666 3261 An etwas will ich Sie erinnern. Eines Sonntags¬
573 3234 3009 3307 Fräulein hatte mir die kleine Olbrich=Tür geöffnet — nebenbei Quell, ja Strom des Lebens, des Geistes, genannt Hermann
570 3283 2591 3377 bemerkt: es gab im Hause Bahr immer ein ungeheuer ein Bahr, als der Sie unentwegt verehrt Ihr
567 3352 1778 3413 flußreiches „Fräulein" (siehe „Wienerinnen", „Konzert"), das
564 3395 1781 3449 offenbar sehr wichtige Aufgaben hatte, etwa als Sekretärin,
564 3446 1781 3504 Hexenschußbändigerin, Hausdame); ich stand also in der Halle
573 3495 1772 3546 und vernahm, steinerweichend mühsam zusammengeklaubt
564 3546 1778 3598 Wotans Abschied von Brünhilde, offenbar mit einem Finger
564 3595 1775 3653 vorgetragen! Und richtig: Sie saßen vor einem Pianino, da¬
564 3640 1784 3692 ich vorher im ganzen Hause nicht gesehen hatte. Es war um
558 3680 1778 3747 die Zeit, als Richard Wagner zum zweitenmal als Schicksal
567 3735 1775 3789 in Ihr Leben trat. Eine Rede auf dem Wagner=Kommers
567 3786 1778 3847 über die alles erlösende Kundry hatte Ihnen einst Relegierung
561 3835 1790 3886 von der Wiener Universität eingetragen; jetzt hatten Sie Frau
570 3886 1775 3941 Anna Mildenburg kennengelernt. Kundry hat's genommen
561 3938 1019 4014 Kundry hat's gegeben!
