<?xml version="1.0" encoding="UTF-8" standalone="yes"?>
<PcGts xmlns="http://schema.primaresearch.org/PAGE/gts/pagecontent/2013-07-15" xmlns:xsi="http://www.w3.org/2001/XMLSchema-instance" xsi:schemaLocation="http://schema.primaresearch.org/PAGE/gts/pagecontent/2013-07-15 http://schema.primaresearch.org/PAGE/gts/pagecontent/2013-07-15/pagecontent.xsd">
    <Metadata>
        <Creator>prov=READ-COOP:name=PyLaia@TranskribusPlatform:version=2.12.1:model_id=39995:lm=provided:date=28_03_2024_22:57</Creator>
        <Created>2019-10-07T20:38:07.546+02:00</Created>
        <LastChange>2024-03-28T22:57:56.431+01:00</LastChange>
        <TranskribusMetadata docId="224461" pageId="9579342" pageNr="58" tsid="156412500" status="IN_PROGRESS" userId="40391" imgUrl="https://files.transkribus.eu/Get?id=CWMUBBRMTDUJXOAALCBJFGFT&amp;fileType=view" xmlUrl="https://files.transkribus.eu/Get?id=SVRVKHDZOQFAXNLMCJFDSHVR" imageId="6208394"/>
    </Metadata>
    <Page imageFilename="224461_0058.jpeg" imageWidth="3344" imageHeight="4352">
        <ReadingOrder>
            <OrderedGroup id="ro_1712662284749" caption="Regions reading order">
                <RegionRefIndexed index="0" regionRef="tr_1"/>
            </OrderedGroup>
        </ReadingOrder>
        <TextRegion orientation="0.0" id="tr_1" custom="readingOrder {index:0;}">
            <Coords points="199,290 199,4180 2758,4180 2758,290"/>
            <TextLine id="tr_1_tl_1" custom="readingOrder {index:0;}">
                <Coords points="1225,339 1273,324 1393,333 1420,309 1468,336 1603,318 1648,339 1648,246 1630,240 1540,240 1498,267 1462,240 1408,258 1363,240 1294,261 1225,252"/>
                <Baseline points="1241,316 1266,316 1292,316 1318,316 1344,316 1370,316 1396,315 1422,313 1448,313 1474,314 1500,315 1526,316 1552,316 1578,314 1604,313 1630,313 1656,316"/>
                <TextEquiv>
                    <Unicode>box 447</Unicode>
                </TextEquiv>
            </TextLine>
            <TextLine id="tr_1_tl_2" custom="readingOrder {index:1;}">
                <Coords points="183,339 237,351 288,315 486,366 675,336 1038,351 1035,249 180,249"/>
                <Baseline points="199,313 241,313 283,316 326,316 368,322 411,321 453,318 495,317 538,320 580,326 623,328 665,326 707,323 750,328 792,325 835,325 877,325 919,325 962,328 1004,328 1047,331"/>
                <TextEquiv>
                    <Unicode>13. Miscellaneous</Unicode>
                </TextEquiv>
            </TextLine>
            <TextLine id="tr_1_tl_3" custom="readingOrder {index:2;}">
                <Coords points="489,936 912,960 1213,912 1432,948 1477,909 1606,963 1924,906 2008,957 2368,921 2632,951 2635,801 2389,759 2110,747 1930,825 1777,747 1597,753 1513,804 1381,765 1023,774 840,831 756,783 492,789"/>
                <Baseline points="507,921 613,920 720,922 827,922 933,927 1040,925 1147,925 1253,924 1360,922 1467,921 1574,919 1680,919 1787,919 1894,914 2000,921 2107,919 2214,913 2320,914 2427,913 2534,913 2641,916"/>
                <TextEquiv>
                    <Unicode>Befreundel mit Peter Altenberg,</Unicode>
                </TextEquiv>
            </TextLine>
            <TextLine id="tr_1_tl_4" custom="readingOrder {index:3;}">
                <Coords points="447,1068 2626,1062 2626,978 2560,975 1957,969 1897,1002 1675,969 1570,1005 1303,966 1098,1005 894,963 786,1002 447,969"/>
                <Baseline points="465,1053 573,1062 682,1062 790,1061 899,1062 1007,1062 1116,1062 1224,1061 1333,1059 1441,1059 1550,1058 1658,1056 1767,1056 1875,1056 1984,1056 2092,1053 2201,1053 2309,1050 2418,1047 2526,1050 2635,1047"/>
                <TextEquiv>
                    <Unicode>Aus den Erinnerungen der englischen Tänzerin Gertrude</Unicode>
                </TextEquiv>
            </TextLine>
            <TextLine id="tr_1_tl_5" custom="readingOrder {index:4;}">
                <Coords points="339,1161 2722,1158 2725,1059 2677,1053 993,1068 702,1116 642,1071 342,1074"/>
                <Baseline points="355,1140 473,1140 592,1140 711,1139 830,1135 949,1140 1067,1139 1186,1140 1305,1137 1424,1137 1543,1131 1661,1134 1780,1136 1899,1134 2018,1137 2137,1130 2255,1128 2374,1125 2493,1125 2612,1128 2731,1125"/>
                <TextEquiv>
                    <Unicode>Barrison. — Zu Peter Altenbergs fünfundsiebzigstem Geburtstag.</Unicode>
                </TextEquiv>
            </TextLine>
            <TextLine id="tr_1_tl_6" custom="readingOrder {index:5;}">
                <Coords points="435,1246 2728,1234 2728,1158 2599,1182 2548,1146 2245,1197 2158,1164 1675,1197 1579,1161 1402,1204 1234,1158 870,1194 435,1164"/>
                <Baseline points="453,1232 567,1232 681,1232 795,1232 909,1232 1024,1235 1138,1232 1252,1232 1366,1235 1480,1232 1595,1230 1709,1229 1823,1230 1937,1229 2051,1229 2166,1229 2280,1226 2394,1226 2508,1226 2622,1225 2737,1223"/>
                <TextEquiv>
                    <Unicode>Es wäre unhöflich und würde melancholisch machen, wollte Gewissen hatte sie auch. Sie war ihren Schwestern davongegangen.</Unicode>
                </TextEquiv>
            </TextLine>
            <TextLine id="tr_1_tl_7" custom="readingOrder {index:6;}">
                <Coords points="339,1300 2737,1282 2710,1228 339,1240"/>
                <Baseline points="355,1283 474,1283 593,1283 713,1283 832,1283 952,1283 1071,1283 1190,1283 1310,1283 1429,1282 1549,1280 1668,1280 1787,1280 1907,1277 2026,1280 2146,1277 2265,1277 2384,1274 2504,1274 2623,1274 2743,1271"/>
                <TextEquiv>
                    <Unicode>man nachrechnen, wie lange das alles schon einer dem Heutigen Sie wollte nicht mehr Songs zwitschern und dazu neckisch über die</Unicode>
                </TextEquiv>
            </TextLine>
            <TextLine id="tr_1_tl_8" custom="readingOrder {index:7;}">
                <Coords points="1546,1336 2728,1336 2731,1279 1546,1288"/>
                <Baseline points="1561,1328 1619,1328 1678,1328 1737,1328 1796,1328 1855,1328 1913,1328 1972,1328 2031,1328 2090,1328 2149,1328 2207,1325 2266,1325 2325,1325 2384,1325 2443,1325 2501,1325 2560,1322 2619,1322 2678,1324 2737,1322"/>
                <TextEquiv>
                    <Unicode>Variétérampe trippeln, mit Kußhändchen zum Beschluß. Jetzt,</Unicode>
                </TextEquiv>
            </TextLine>
            <TextLine id="tr_1_tl_9" custom="readingOrder {index:8;}">
                <Coords points="339,1351 1104,1351 1104,1297 1041,1291 339,1291"/>
                <Baseline points="355,1334 392,1334 430,1332 468,1331 506,1331 544,1331 582,1331 620,1331 658,1331 696,1331 734,1331 771,1331 809,1331 847,1331 885,1331 923,1331 961,1331 999,1331 1037,1332 1075,1334 1113,1331"/>
                <TextEquiv>
                    <Unicode>unvorstellbaren Vergangenheit angehört...</Unicode>
                </TextEquiv>
            </TextLine>
            <TextLine id="tr_1_tl_10" custom="readingOrder {index:9;}">
                <Coords points="444,1390 2728,1378 2728,1339 2626,1324 444,1345"/>
                <Baseline points="462,1376 575,1379 689,1382 803,1382 917,1379 1030,1382 1144,1380 1258,1380 1372,1382 1485,1379 1599,1380 1713,1376 1827,1376 1940,1376 2054,1374 2168,1376 2282,1373 2395,1372 2509,1370 2623,1370 2737,1367"/>
                <TextEquiv>
                    <Unicode>Es war einmal. Damals tanzte ein entzückend schlankes, da sie allein war, wollte sie tanzen, was das Herz bei Achtzehn¬</Unicode>
                </TextEquiv>
            </TextLine>
            <TextLine id="tr_1_tl_11" custom="readingOrder {index:10;}">
                <Coords points="1552,1438 2734,1441 2716,1375 1552,1384"/>
                <Baseline points="1567,1426 1625,1426 1684,1426 1742,1426 1801,1426 1860,1426 1918,1424 1977,1423 2036,1425 2094,1423 2153,1423 2212,1423 2270,1421 2329,1420 2388,1420 2446,1420 2505,1420 2564,1420 2622,1420 2681,1420 2740,1423"/>
                <TextEquiv>
                    <Unicode>jährigen fühlt: Wind des Frühlings, Liebe des kleinen Mädchens,</Unicode>
                </TextEquiv>
            </TextLine>
            <TextLine id="tr_1_tl_12" custom="readingOrder {index:11;}">
                <Coords points="330,1450 1528,1438 1528,1390 1477,1387 330,1384"/>
                <Baseline points="346,1429 405,1432 464,1429 523,1429 583,1429 642,1429 701,1429 760,1429 820,1429 879,1429 938,1429 997,1426 1057,1429 1116,1429 1175,1429 1234,1429 1294,1431 1353,1432 1412,1429 1471,1427 1531,1426"/>
                <TextEquiv>
                    <Unicode>äußerst blondes Mädel mit den Babylocken der schon zu jener Zeit</Unicode>
                </TextEquiv>
            </TextLine>
            <TextLine id="tr_1_tl_13" custom="readingOrder {index:12;}">
                <Coords points="336,1492 2236,1489 2299,1486 2302,1435 336,1444"/>
                <Baseline points="352,1483 449,1480 547,1480 645,1480 743,1479 840,1477 938,1477 1036,1477 1134,1480 1231,1479 1329,1477 1427,1477 1525,1477 1622,1474 1720,1474 1818,1474 1916,1474 2013,1471 2111,1471 2209,1471 2307,1471"/>
                <TextEquiv>
                    <Unicode>grassierenden englischen Girls in Wien. Zum erstenmal hatte sie das sie war. Sich selbst wollte sie tanzen.</Unicode>
                </TextEquiv>
            </TextLine>
            <TextLine id="tr_1_tl_14" custom="readingOrder {index:13;}">
                <Coords points="1645,1528 2737,1528 2737,1474 2533,1456 1645,1483"/>
                <Baseline points="1662,1519 1716,1522 1770,1522 1824,1522 1878,1522 1932,1522 1986,1519 2040,1519 2094,1519 2148,1519 2202,1519 2256,1516 2310,1519 2364,1519 2418,1519 2472,1519 2526,1516 2580,1516 2634,1516 2688,1516 2743,1513"/>
                <TextEquiv>
                    <Unicode>An diesem ersten Abend ist Peter Altenberg, über den sie</Unicode>
                </TextEquiv>
            </TextLine>
            <TextLine id="tr_1_tl_15" custom="readingOrder {index:14;}">
                <Coords points="336,1543 1528,1537 1528,1483 336,1492"/>
                <Baseline points="352,1531 411,1528 470,1528 529,1528 588,1528 647,1528 706,1528 765,1528 824,1528 883,1528 943,1528 1002,1525 1061,1528 1120,1528 1179,1528 1238,1528 1297,1528 1356,1525 1415,1525 1474,1525 1534,1525"/>
                <TextEquiv>
                    <Unicode>sich von ihren berühmten Schwestern emanzipiert. Sie wollte nicht</Unicode>
                </TextEquiv>
            </TextLine>
            <TextLine id="tr_1_tl_16" custom="readingOrder {index:15;}">
                <Coords points="339,1585 2737,1576 2737,1528 2680,1522 339,1546"/>
                <Baseline points="355,1579 474,1576 593,1576 713,1576 832,1576 952,1576 1071,1577 1190,1576 1310,1576 1429,1576 1549,1571 1668,1573 1787,1573 1907,1570 2026,1570 2146,1570 2265,1569 2384,1567 2504,1567 2623,1564 2743,1567"/>
                <TextEquiv>
                    <Unicode>mehr ein anonymes Girl von den Fünfen sein, die als the fisters bis dahin höchstens verwundert gelächelt hatte, ihr Freund geworden.</Unicode>
                </TextEquiv>
            </TextLine>
            <TextLine id="tr_1_tl_17" custom="readingOrder {index:16;}">
                <Coords points="336,1633 2740,1621 2740,1576 2683,1570 336,1585"/>
                <Baseline points="352,1620 471,1626 591,1626 711,1623 831,1624 951,1626 1071,1623 1190,1626 1310,1626 1430,1623 1550,1618 1670,1620 1790,1619 1910,1617 2029,1617 2149,1617 2269,1614 2389,1614 2509,1611 2629,1611 2749,1608"/>
                <TextEquiv>
                    <Unicode>Barrison durch die europäischen Variétés reisten. Im schmalen Das Publikum des Kabaretts applaudierte. Weshalb hätte es der</Unicode>
                </TextEquiv>
            </TextLine>
            <TextLine id="tr_1_tl_18" custom="readingOrder {index:17;}">
                <Coords points="1549,1681 2731,1675 2731,1624 2605,1612 1549,1630"/>
                <Baseline points="1564,1668 1622,1668 1681,1668 1740,1668 1799,1668 1858,1665 1916,1665 1975,1665 2034,1665 2093,1665 2152,1665 2210,1665 2269,1665 2328,1663 2387,1662 2446,1662 2504,1660 2563,1659 2622,1659 2681,1659 2740,1659"/>
                <TextEquiv>
                    <Unicode>kleinen Tänzerin Gertrude auch nicht applaudieren sollen? Sie war</Unicode>
                </TextEquiv>
            </TextLine>
            <TextLine id="tr_1_tl_19" custom="readingOrder {index:18;}">
                <Coords points="336,1678 1519,1684 1495,1633 336,1633"/>
                <Baseline points="352,1671 410,1674 469,1672 527,1674 586,1673 645,1671 703,1674 762,1674 821,1674 879,1674 938,1674 997,1674 1055,1674 1114,1671 1173,1674 1231,1674 1290,1674 1349,1673 1407,1673 1466,1671 1525,1674"/>
                <TextEquiv>
                    <Unicode>Boticelli=Gesicht Gertrudes leuchteten zwei reine und sanfte Augen</Unicode>
                </TextEquiv>
            </TextLine>
            <TextLine id="tr_1_tl_20" custom="readingOrder {index:19;}">
                <Coords points="1549,1723 2731,1720 2704,1666 1549,1678"/>
                <Baseline points="1564,1716 1622,1716 1681,1719 1740,1717 1799,1716 1858,1716 1916,1716 1975,1716 2034,1715 2093,1713 2152,1713 2210,1715 2269,1713 2328,1713 2387,1713 2446,1710 2504,1710 2563,1710 2622,1710 2681,1708 2740,1707"/>
                <TextEquiv>
                    <Unicode>niedlich, hatte reizende Locken, einen süßen Mund. Jung und rein</Unicode>
                </TextEquiv>
            </TextLine>
            <TextLine id="tr_1_tl_21" custom="readingOrder {index:20;}">
                <Coords points="339,1732 1513,1729 1513,1684 1405,1672 339,1681"/>
                <Baseline points="355,1722 413,1722 471,1722 529,1722 587,1724 646,1722 704,1724 762,1722 820,1724 878,1722 937,1722 995,1723 1053,1725 1111,1722 1169,1722 1228,1722 1286,1722 1344,1722 1402,1722 1460,1722 1519,1719"/>
                <TextEquiv>
                    <Unicode>die diesmal nicht die Porzellanbläue der englischen Babytänzerinnen</Unicode>
                </TextEquiv>
            </TextLine>
            <TextLine id="tr_1_tl_22" custom="readingOrder {index:21;}">
                <Coords points="1549,1783 2650,1780 2737,1765 2740,1720 1552,1726"/>
                <Baseline points="1564,1767 1623,1767 1682,1764 1741,1764 1800,1764 1859,1764 1918,1764 1977,1764 2036,1767 2095,1763 2155,1761 2214,1764 2273,1763 2332,1761 2391,1761 2450,1758 2509,1758 2568,1758 2627,1758 2686,1758 2746,1758"/>
                <TextEquiv>
                    <Unicode>flog sie wie ein verirrter Falter ums „Nachtlicht“. Aber daß sie</Unicode>
                </TextEquiv>
            </TextLine>
            <TextLine id="tr_1_tl_23" custom="readingOrder {index:22;}">
                <Coords points="336,1780 1519,1786 1519,1732 336,1732"/>
                <Baseline points="352,1770 410,1771 469,1775 527,1773 586,1772 644,1770 703,1773 761,1770 820,1772 878,1772 937,1773 995,1772 1054,1772 1112,1773 1171,1772 1229,1772 1288,1770 1346,1772 1405,1770 1463,1770 1522,1770"/>
                <TextEquiv>
                    <Unicode>hatten. Heiterkeit und Frische atmete ihr junges Wesen. Ein kleines</Unicode>
                </TextEquiv>
            </TextLine>
            <TextLine id="tr_1_tl_24" custom="readingOrder {index:23;}">
                <Coords points="1549,1825 2731,1819 2731,1768 2683,1759 1549,1783"/>
                <Baseline points="1564,1817 1622,1814 1681,1813 1739,1811 1798,1811 1857,1814 1915,1812 1974,1811 2033,1811 2091,1811 2150,1811 2209,1809 2267,1811 2326,1809 2385,1808 2443,1808 2502,1808 2561,1805 2619,1806 2678,1806 2737,1808"/>
                <TextEquiv>
                    <Unicode>an jenem Abend, nach der Variétévergangenheit mit den fünf</Unicode>
                </TextEquiv>
            </TextLine>
            <TextLine id="tr_1_tl_25" custom="readingOrder {index:24;}">
                <Coords points="333,1831 1522,1831 1492,1780 333,1777"/>
                <Baseline points="349,1820 411,1820 473,1820 535,1820 597,1820 659,1817 721,1820 783,1820 845,1820 907,1820 969,1820 1031,1820 1093,1818 1155,1820 1217,1820 1279,1818 1341,1817 1403,1817 1465,1820 1528,1823"/>
                <TextEquiv>
                    <Unicode>beherztes, wie von einem Frühlingswind herangewehtes Mädchen</Unicode>
                </TextEquiv>
            </TextLine>
            <TextLine id="tr_1_tl_26" custom="readingOrder {index:25;}">
                <Coords points="1549,1873 2737,1870 2737,1822 2650,1810 1549,1822"/>
                <Baseline points="1564,1862 1623,1862 1682,1862 1741,1862 1800,1862 1859,1862 1918,1862 1977,1859 2036,1859 2095,1859 2155,1859 2214,1859 2273,1859 2332,1859 2391,1859 2450,1859 2509,1857 2568,1856 2627,1856 2686,1856 2746,1856"/>
                <TextEquiv>
                    <Unicode>Sisters Barrison, zum erstenmal ihr ganzes Herz getanzt hatte,</Unicode>
                </TextEquiv>
            </TextLine>
            <TextLine id="tr_1_tl_27" custom="readingOrder {index:26;}">
                <Coords points="333,1882 1522,1876 1522,1828 1462,1825 333,1834"/>
                <Baseline points="349,1871 411,1868 473,1868 535,1868 597,1868 659,1868 721,1868 783,1868 845,1868 907,1868 969,1868 1031,1868 1093,1868 1155,1868 1217,1868 1279,1868 1341,1868 1403,1868 1465,1868 1528,1868"/>
                <TextEquiv>
                    <Unicode>glitt sie eines Abends hinaus aufs Podium des damals einzigen</Unicode>
                </TextEquiv>
            </TextLine>
            <TextLine id="tr_1_tl_28" custom="readingOrder {index:27;}">
                <Coords points="333,1927 1555,1954 1654,1918 2731,1915 2731,1867 2665,1861 333,1885"/>
                <Baseline points="349,1919 468,1916 588,1916 707,1919 827,1918 946,1922 1066,1919 1185,1916 1305,1916 1424,1916 1544,1913 1664,1910 1783,1910 1903,1910 2022,1910 2142,1907 2261,1907 2381,1907 2500,1905 2620,1903 2740,1907"/>
                <TextEquiv>
                    <Unicode>Kabaretts von Wien. „Nachtlicht" hieß es, worunter man sich wahr erriet keiner und sagte ihr niemand als der häßliche Peter Altenberg.</Unicode>
                </TextEquiv>
            </TextLine>
            <TextLine id="tr_1_tl_29" custom="readingOrder {index:28;}">
                <Coords points="1651,1972 2734,1963 2734,1915 2692,1912 1651,1918"/>
                <Baseline points="1668,1961 1721,1959 1775,1961 1829,1961 1883,1959 1936,1958 1990,1958 2044,1959 2098,1959 2151,1958 2205,1958 2259,1955 2313,1955 2366,1955 2420,1955 2474,1955 2528,1955 2581,1955 2635,1953 2689,1952 2743,1955"/>
                <TextEquiv>
                    <Unicode>Heute nach so vielen Jahren erinnert sie sich lächelnd</Unicode>
                </TextEquiv>
            </TextLine>
            <TextLine id="tr_1_tl_30" custom="readingOrder {index:29;}">
                <Coords points="336,1978 1519,1984 1519,1927 1471,1924 336,1927"/>
                <Baseline points="352,1967 410,1967 469,1967 527,1967 586,1967 644,1966 703,1964 761,1967 820,1967 878,1965 937,1967 995,1966 1054,1966 1112,1967 1171,1967 1229,1967 1288,1967 1346,1964 1405,1967 1463,1967 1522,1964"/>
                <TextEquiv>
                    <Unicode>scheinlich etwas sehr Verruchtes vorstellte. Aber es waren jung¬</Unicode>
                </TextEquiv>
            </TextLine>
            <TextLine id="tr_1_tl_31" custom="readingOrder {index:30;}">
                <Coords points="1546,2023 2734,2011 2734,1963 2575,1954 1546,1963"/>
                <Baseline points="1561,2005 1620,2008 1679,2008 1738,2008 1797,2005 1856,2005 1915,2005 1974,2005 2033,2008 2092,2006 2152,2006 2211,2005 2270,2004 2329,2002 2388,2005 2447,2005 2506,2003 2565,2002 2624,2002 2683,2000 2743,2002"/>
                <TextEquiv>
                    <Unicode>und gerührt ihres Erlebnisses, mit dem die Achtzehnjährige nichts</Unicode>
                </TextEquiv>
            </TextLine>
            <TextLine id="tr_1_tl_32" custom="readingOrder {index:31;}">
                <Coords points="339,2023 1522,2029 1522,1981 1411,1966 339,1978"/>
                <Baseline points="355,2014 413,2014 472,2014 530,2014 589,2014 647,2014 706,2014 764,2014 823,2014 881,2014 940,2017 998,2014 1057,2014 1115,2014 1174,2014 1232,2014 1291,2017 1349,2014 1408,2014 1466,2014 1525,2014"/>
                <TextEquiv>
                    <Unicode>Literaten, Künstler, Kunstschüler, Bohemiens und die damals noch</Unicode>
                </TextEquiv>
            </TextLine>
            <TextLine id="tr_1_tl_33" custom="readingOrder {index:32;}">
                <Coords points="1549,2065 2734,2065 2713,2008 1549,2020"/>
                <Baseline points="1564,2056 1626,2056 1688,2056 1750,2058 1812,2056 1874,2056 1936,2056 1998,2056 2060,2056 2122,2053 2184,2054 2246,2053 2308,2053 2370,2053 2432,2053 2494,2053 2556,2051 2618,2052 2680,2050 2743,2047"/>
                <TextEquiv>
                    <Unicode>rechtes anzufangen wußte. P. A., immer originell, führte die</Unicode>
                </TextEquiv>
            </TextLine>
            <TextLine id="tr_1_tl_34" custom="readingOrder {index:33;}">
                <Coords points="333,2071 1522,2074 1522,2029 1453,2020 333,2023"/>
                <Baseline points="349,2065 411,2065 473,2065 535,2063 597,2065 659,2062 721,2062 783,2064 845,2062 907,2065 969,2063 1031,2062 1093,2062 1155,2062 1217,2062 1279,2062 1341,2064 1403,2065 1465,2063 1528,2059"/>
                <TextEquiv>
                    <Unicode>hochmodernen „Aestheten“, die sich dieses Nachtlicht angezündet</Unicode>
                </TextEquiv>
            </TextLine>
            <TextLine id="tr_1_tl_35" custom="readingOrder {index:34;}">
                <Coords points="336,2122 2734,2104 2701,2056 336,2077"/>
                <Baseline points="352,2113 471,2113 591,2113 710,2113 830,2112 949,2113 1069,2113 1188,2112 1308,2113 1427,2113 1547,2107 1667,2107 1786,2106 1906,2104 2025,2104 2145,2104 2264,2101 2384,2101 2503,2101 2623,2101 2743,2101"/>
                <TextEquiv>
                    <Unicode>hatten. Und das heißt, daß mit Zuhilfenahme kleiner Mariahilfer kleine Barrison zur Einweihung der neuen Freundschaft in ein</Unicode>
                </TextEquiv>
            </TextLine>
            <TextLine id="tr_1_tl_36" custom="readingOrder {index:35;}">
                <Coords points="336,2179 2710,2164 2683,2104 336,2122"/>
                <Baseline points="352,2167 470,2161 588,2161 707,2161 825,2161 943,2161 1062,2161 1180,2161 1298,2161 1417,2161 1535,2155 1653,2155 1772,2155 1890,2154 2008,2155 2127,2152 2245,2152 2363,2149 2482,2150 2600,2149 2719,2149"/>
                <TextEquiv>
                    <Unicode>Freundinnen aus der Konfektionsbranche höchstens Orgien ver¬ wirkliches Nachtlokal. In eines, das nachweisbar „unanständig</Unicode>
                </TextEquiv>
            </TextLine>
            <TextLine id="tr_1_tl_37" custom="readingOrder {index:36;}">
                <Coords points="1546,2215 2737,2209 2737,2152 1546,2170"/>
                <Baseline points="1561,2205 1620,2205 1679,2202 1738,2202 1798,2202 1857,2202 1916,2201 1975,2199 2035,2202 2094,2201 2153,2199 2212,2202 2272,2199 2331,2199 2390,2199 2449,2197 2509,2197 2568,2196 2627,2196 2686,2196 2746,2196"/>
                <TextEquiv>
                    <Unicode>und nicht bloß ein solid halbbürgerliches, künstlerisches Kabarett</Unicode>
                </TextEquiv>
            </TextLine>
            <TextLine id="tr_1_tl_38" custom="readingOrder {index:37;}">
                <Coords points="330,2221 1516,2218 1516,2173 1447,2161 330,2176"/>
                <Baseline points="346,2211 404,2211 463,2211 522,2209 581,2211 640,2211 698,2209 757,2208 816,2208 875,2208 934,2208 992,2211 1051,2210 1110,2208 1169,2208 1228,2208 1286,2208 1345,2208 1404,2208 1463,2208 1522,2205"/>
                <TextEquiv>
                    <Unicode>anstaltet wurden, die auf das Bezahlen oder Schuldigbleiben eine</Unicode>
                </TextEquiv>
            </TextLine>
            <TextLine id="tr_1_tl_39" custom="readingOrder {index:38;}">
                <Coords points="330,2296 477,2263 2737,2257 2737,2209 2566,2197 330,2221"/>
                <Baseline points="346,2265 466,2259 586,2259 706,2258 826,2256 946,2259 1066,2257 1186,2259 1306,2256 1426,2256 1546,2255 1666,2250 1786,2253 1906,2250 2026,2250 2146,2248 2266,2249 2386,2247 2506,2247 2626,2244 2746,2244"/>
                <TextEquiv>
                    <Unicode>halben Dutzends Feingespritzter und kleiner Kognaks hinausliefen, war. Ein junges Mädchen, behütet von einem wunschlos ihre</Unicode>
                </TextEquiv>
            </TextLine>
            <TextLine id="tr_1_tl_40" custom="readingOrder {index:39;}">
                <Coords points="1546,2308 2731,2299 2731,2263 2647,2248 1546,2263"/>
                <Baseline points="1561,2301 1623,2301 1685,2300 1747,2298 1809,2298 1871,2296 1933,2298 1995,2298 2057,2296 2119,2295 2181,2295 2243,2295 2305,2296 2367,2296 2429,2295 2491,2296 2553,2296 2615,2295 2677,2293 2740,2295"/>
                <TextEquiv>
                    <Unicode>Schönheit bestaunenden, also sonderbaren Heiligen, saß Gertrude</Unicode>
                </TextEquiv>
            </TextLine>
            <TextLine id="tr_1_tl_41" custom="readingOrder {index:40;}">
                <Coords points="432,2335 1516,2320 1516,2272 1459,2269 435,2278"/>
                <Baseline points="453,2319 506,2316 559,2316 613,2316 666,2316 720,2316 773,2316 827,2316 880,2316 934,2316 987,2319 1040,2318 1094,2316 1147,2316 1201,2313 1254,2313 1308,2313 1361,2313 1415,2313 1468,2313 1522,2310"/>
                <TextEquiv>
                    <Unicode>Heute, nach mehr als zwanzig Jahren, gibt es einem schon</Unicode>
                </TextEquiv>
            </TextLine>
            <TextLine id="tr_1_tl_42" custom="readingOrder {index:41;}">
                <Coords points="336,2377 2734,2356 2734,2299 579,2338 336,2299"/>
                <Baseline points="352,2364 471,2364 591,2364 710,2364 830,2364 949,2361 1069,2364 1188,2363 1308,2361 1427,2362 1547,2352 1667,2346 1786,2346 1906,2346 2025,2346 2145,2343 2264,2343 2384,2343 2503,2343 2623,2340 2743,2340"/>
                <TextEquiv>
                    <Unicode>einen kleinen Riß, wenn man die Namen der Stammgäste dieses Barrison zum erstenmal in ihrem Leben in einem Nachtlokal,</Unicode>
                </TextEquiv>
            </TextLine>
            <TextLine id="tr_1_tl_43" custom="readingOrder {index:42;}">
                <Coords points="1549,2401 2737,2404 2737,2356 2533,2341 1549,2353"/>
                <Baseline points="1564,2396 1623,2396 1682,2396 1741,2394 1800,2393 1859,2393 1918,2393 1977,2396 2036,2396 2095,2393 2155,2393 2214,2393 2273,2392 2332,2390 2391,2390 2450,2392 2509,2390 2568,2390 2627,2390 2686,2388 2746,2390"/>
                <TextEquiv>
                    <Unicode>das, abschrecken genug „Casino de Paris" hieß. Sie erinnert</Unicode>
                </TextEquiv>
            </TextLine>
            <TextLine id="tr_1_tl_44" custom="readingOrder {index:43;}">
                <Coords points="336,2425 1519,2422 1519,2371 1468,2368 336,2374"/>
                <Baseline points="352,2417 410,2414 469,2414 527,2412 586,2414 645,2413 703,2411 762,2414 821,2413 879,2411 938,2411 997,2408 1055,2410 1114,2411 1173,2411 1231,2411 1290,2411 1349,2411 1407,2411 1466,2409 1525,2411"/>
                <TextEquiv>
                    <Unicode>„Nachtlichts", nachmals „Fledermaus" lieft. Sie hießen Adol</Unicode>
                </TextEquiv>
            </TextLine>
            <TextLine id="tr_1_tl_45" custom="readingOrder {index:44;}">
                <Coords points="1549,2458 2746,2446 2746,2404 2689,2395 1549,2401"/>
                <Baseline points="1564,2444 1623,2444 1682,2444 1742,2443 1801,2441 1861,2441 1920,2441 1979,2441 2039,2444 2098,2441 2158,2439 2217,2441 2276,2441 2336,2439 2395,2438 2455,2439 2514,2439 2573,2441 2633,2440 2692,2438 2752,2438"/>
                <TextEquiv>
                    <Unicode>sich an diese Mitternachtsstunde wie andere Frauen an eine</Unicode>
                </TextEquiv>
            </TextLine>
            <TextLine id="tr_1_tl_46" custom="readingOrder {index:45;}">
                <Coords points="336,2470 1519,2470 1519,2422 1276,2410 336,2425"/>
                <Baseline points="352,2462 410,2462 469,2462 527,2462 586,2462 645,2461 703,2463 762,2459 821,2461 879,2459 938,2459 997,2459 1055,2459 1114,2459 1173,2459 1231,2459 1290,2459 1349,2459 1407,2461 1466,2459 1525,2456"/>
                <TextEquiv>
                    <Unicode>Loos, Gustav Klimt, Josef Hoffmann, Egon Friedell. Der aus</Unicode>
                </TextEquiv>
            </TextLine>
            <TextLine id="tr_1_tl_47" custom="readingOrder {index:46;}">
                <Coords points="1552,2509 2749,2500 2749,2455 2656,2437 1552,2461"/>
                <Baseline points="1567,2495 1626,2492 1685,2492 1745,2492 1804,2492 1864,2492 1923,2491 1982,2491 2042,2492 2101,2489 2161,2489 2220,2489 2279,2492 2339,2490 2398,2489 2458,2487 2517,2489 2576,2489 2636,2489 2695,2487 2755,2486"/>
                <TextEquiv>
                    <Unicode>poetische Frühlingswiese, in deren grünem Gras sie zum</Unicode>
                </TextEquiv>
            </TextLine>
            <TextLine id="tr_1_tl_48" custom="readingOrder {index:47;}">
                <Coords points="336,2518 1522,2515 1522,2467 1462,2458 336,2470"/>
                <Baseline points="352,2510 410,2513 469,2512 528,2510 587,2510 646,2510 704,2510 763,2510 822,2510 881,2510 940,2510 998,2511 1057,2512 1116,2510 1175,2510 1234,2508 1292,2510 1351,2510 1410,2509 1469,2507 1528,2507"/>
                <TextEquiv>
                    <Unicode>Versehen nicht Hellebardier des Dreißigjährigen Krieges geworden.</Unicode>
                </TextEquiv>
            </TextLine>
            <TextLine id="tr_1_tl_49" custom="readingOrder {index:48;}">
                <Coords points="1552,2545 2749,2566 2722,2494 1552,2509"/>
                <Baseline points="1567,2537 1626,2540 1686,2540 1745,2540 1805,2540 1864,2540 1924,2540 1983,2540 2043,2540 2102,2537 2162,2540 2222,2540 2281,2540 2341,2540 2400,2540 2460,2540 2519,2538 2579,2540 2638,2537 2698,2537 2758,2537"/>
                <TextEquiv>
                    <Unicode>erstenmal und hochanständig neben ihrem Künftigen aus der</Unicode>
                </TextEquiv>
            </TextLine>
            <TextLine id="tr_1_tl_50" custom="readingOrder {index:49;}">
                <Coords points="336,2569 1525,2575 1525,2518 1474,2515 336,2518"/>
                <Baseline points="352,2558 414,2561 476,2561 538,2561 600,2558 662,2558 724,2559 786,2561 848,2558 910,2558 972,2558 1034,2558 1096,2558 1158,2558 1220,2558 1282,2558 1344,2558 1406,2558 1468,2558 1531,2558"/>
                <TextEquiv>
                    <Unicode>Maler und Karikaturist Hollitzer war unter ihnen. Marc Henry</Unicode>
                </TextEquiv>
            </TextLine>
            <TextLine id="tr_1_tl_51" custom="readingOrder {index:50;}">
                <Coords points="1546,2608 1708,2617 1726,2602 1771,2614 1825,2599 1855,2614 1870,2599 1966,2611 2014,2596 2014,2551 1987,2548 1888,2566 1846,2545 1792,2557 1729,2542 1654,2560 1546,2545"/>
                <Baseline points="1561,2590 1586,2588 1612,2590 1637,2589 1663,2587 1688,2587 1714,2587 1739,2587 1765,2587 1790,2587 1816,2587 1841,2587 1867,2587 1892,2587 1918,2587 1943,2587 1969,2587 1994,2587 2020,2587"/>
                <TextEquiv>
                    <Unicode>Autoreifenbranche saßen.</Unicode>
                </TextEquiv>
            </TextLine>
            <TextLine id="tr_1_tl_52" custom="readingOrder {index:51;}">
                <Coords points="333,2614 1522,2620 1522,2569 1402,2560 333,2572"/>
                <Baseline points="349,2605 411,2608 473,2608 535,2608 597,2607 659,2605 721,2605 783,2606 845,2608 907,2608 969,2605 1031,2608 1093,2605 1155,2605 1217,2605 1279,2605 1341,2605 1403,2605 1465,2605 1528,2599"/>
                <TextEquiv>
                    <Unicode>und die als schwarzes Samutteral auftretende Marya Delvard ge¬</Unicode>
                </TextEquiv>
            </TextLine>
            <TextLine id="tr_1_tl_53" custom="readingOrder {index:52;}">
                <Coords points="1642,2650 2734,2659 2734,2596 2629,2569 2467,2605 2107,2569 1978,2617 1642,2608"/>
                <Baseline points="1659,2647 1713,2647 1767,2647 1821,2647 1875,2647 1930,2650 1984,2647 2038,2647 2092,2647 2146,2647 2201,2647 2255,2647 2309,2647 2363,2645 2417,2644 2472,2647 2526,2644 2580,2645 2634,2647 2688,2645 2743,2641"/>
                <TextEquiv>
                    <Unicode>Ganz unwürdig war die kleine Gertrude ihres glatz¬</Unicode>
                </TextEquiv>
            </TextLine>
            <TextLine id="tr_1_tl_54" custom="readingOrder {index:53;}">
                <Coords points="339,2668 1522,2662 1522,2620 1468,2611 339,2614"/>
                <Baseline points="355,2656 413,2657 472,2659 530,2657 589,2656 647,2656 706,2656 764,2659 823,2658 881,2656 940,2656 998,2656 1057,2656 1115,2656 1174,2656 1232,2655 1291,2653 1349,2653 1408,2653 1466,2653 1525,2650"/>
                <TextEquiv>
                    <Unicode>hörten zu diesem Kreise, zu dem auf der Flucht vor dem theater¬</Unicode>
                </TextEquiv>
            </TextLine>
            <TextLine id="tr_1_tl_55" custom="readingOrder {index:54;}">
                <Coords points="1546,2704 2743,2701 2743,2653 1546,2638"/>
                <Baseline points="1561,2698 1620,2698 1679,2698 1739,2697 1798,2697 1858,2695 1917,2695 1976,2695 2036,2698 2095,2695 2155,2695 2214,2695 2273,2695 2333,2695 2392,2698 2452,2695 2511,2695 2570,2695 2630,2696 2689,2696 2749,2692"/>
                <TextEquiv>
                    <Unicode>köpfigen Dichters aber sicher nicht. Eines Tages hatte sie zum</Unicode>
                </TextEquiv>
            </TextLine>
            <TextLine id="tr_1_tl_56" custom="readingOrder {index:55;}">
                <Coords points="342,2722 1516,2719 1516,2662 342,2671"/>
                <Baseline points="358,2707 416,2705 474,2707 532,2707 590,2704 649,2704 707,2706 765,2707 823,2704 881,2704 940,2704 998,2704 1056,2704 1114,2704 1172,2704 1231,2704 1289,2704 1347,2704 1405,2704 1463,2702 1522,2698"/>
                <TextEquiv>
                    <Unicode>historisch gewordenen spanischen Röhrl ihres Ballettmeisters Haß</Unicode>
                </TextEquiv>
            </TextLine>
            <TextLine id="tr_1_tl_57" custom="readingOrder {index:56;}">
                <Coords points="1546,2752 2743,2758 2743,2701 2647,2695 1546,2701"/>
                <Baseline points="1561,2746 1620,2746 1680,2744 1739,2743 1799,2746 1858,2746 1918,2746 1977,2746 2037,2746 2096,2743 2156,2745 2216,2743 2275,2743 2335,2743 2394,2743 2454,2746 2513,2745 2573,2743 2632,2746 2692,2745 2752,2746"/>
                <TextEquiv>
                    <Unicode>Beispiel den Einfall, im Freundeskreis eine Skizze von P. A.</Unicode>
                </TextEquiv>
            </TextLine>
            <TextLine id="tr_1_tl_58" custom="readingOrder {index:57;}">
                <Coords points="339,2761 648,2791 1516,2764 1516,2719 1435,2704 339,2719"/>
                <Baseline points="355,2755 413,2755 471,2755 530,2755 588,2755 646,2755 705,2753 763,2755 821,2755 880,2753 938,2752 996,2755 1055,2755 1113,2752 1171,2755 1230,2755 1288,2753 1346,2752 1405,2752 1463,2752 1522,2749"/>
                <TextEquiv>
                    <Unicode>reiter das blutjunge und frischentdeckte Hietzinger Mädel Gret</Unicode>
                </TextEquiv>
            </TextLine>
            <TextLine id="tr_1_tl_59" custom="readingOrder {index:58;}">
                <Coords points="1543,2800 2740,2803 2740,2758 2614,2740 1543,2752"/>
                <Baseline points="1558,2793 1617,2795 1677,2793 1736,2793 1796,2793 1855,2793 1915,2793 1974,2793 2034,2793 2093,2793 2153,2793 2213,2793 2272,2793 2332,2793 2391,2790 2451,2790 2510,2790 2570,2793 2629,2793 2689,2793 2749,2790"/>
                <TextEquiv>
                    <Unicode>vorzulesen. Das schien ihr selbst ein gewagter Einfall. Denn sie</Unicode>
                </TextEquiv>
            </TextLine>
            <TextLine id="tr_1_tl_60" custom="readingOrder {index:59;}">
                <Coords points="336,2815 357,2812 384,2833 423,2836 456,2809 513,2809 555,2824 582,2812 597,2821 633,2812 633,2776 576,2764 441,2758 405,2770 396,2761 336,2761"/>
                <Baseline points="352,2802 378,2804 404,2804 430,2803 456,2802 482,2802 508,2802 534,2802 560,2802 586,2802 612,2802 638,2805"/>
                <TextEquiv>
                    <Unicode>Wienthal kam.</Unicode>
                </TextEquiv>
            </TextLine>
            <TextLine id="tr_1_tl_61" custom="readingOrder {index:60;}">
                <Coords points="435,2860 2737,2854 2737,2800 1363,2818 1101,2779 936,2830 879,2785 435,2815"/>
                <Baseline points="453,2850 567,2850 682,2850 796,2850 911,2850 1026,2850 1140,2850 1255,2850 1370,2850 1484,2847 1599,2841 1714,2841 1828,2844 1943,2841 2058,2841 2172,2841 2287,2841 2402,2841 2516,2841 2631,2841 2746,2844"/>
                <TextEquiv>
                    <Unicode>Aber noch einer war da. Vor allen anderen war er da! stand damals mit jedem Deutsch, nicht nur dem eines Dichters,</Unicode>
                </TextEquiv>
            </TextLine>
            <TextLine id="tr_1_tl_62" custom="readingOrder {index:61;}">
                <Coords points="1546,2899 2737,2899 2737,2857 2677,2848 1546,2860"/>
                <Baseline points="1561,2892 1620,2892 1679,2892 1738,2892 1798,2892 1857,2889 1916,2889 1975,2889 2035,2889 2094,2889 2153,2891 2212,2889 2272,2893 2331,2895 2390,2892 2449,2892 2509,2890 2568,2889 2627,2891 2686,2889 2746,2889"/>
                <TextEquiv>
                    <Unicode>auf Kriegsfuß. Sie radebrechte zwanzig Zeilen Peter Alten¬</Unicode>
                </TextEquiv>
            </TextLine>
            <TextLine id="tr_1_tl_63" custom="readingOrder {index:62;}">
                <Coords points="336,2905 1459,2923 1513,2905 1516,2857 708,2875 339,2830"/>
                <Baseline points="352,2901 410,2901 468,2903 527,2901 585,2901 643,2901 702,2901 760,2901 818,2901 877,2901 935,2898 993,2899 1052,2901 1110,2898 1168,2898 1227,2899 1285,2899 1343,2901 1402,2901 1460,2899 1519,2898"/>
                <TextEquiv>
                    <Unicode>Glatzköpfig, häßlich, ein Schrullengreis schon mit fünfzig Jahren</Unicode>
                </TextEquiv>
            </TextLine>
            <TextLine id="tr_1_tl_64" custom="readingOrder {index:63;}">
                <Coords points="336,2962 2737,2956 2737,2899 2491,2890 336,2908"/>
                <Baseline points="352,2949 471,2952 591,2952 711,2949 830,2949 950,2949 1070,2948 1189,2946 1309,2946 1429,2948 1549,2941 1668,2939 1788,2940 1908,2939 2027,2940 2147,2940 2267,2940 2386,2940 2506,2939 2626,2940 2746,2940"/>
                <TextEquiv>
                    <Unicode>kindlich sich ereifernd und weise wie Sokrates, Gespött der bergs — und er war entzückt. Er schwur ihr, daß er es nie</Unicode>
                </TextEquiv>
            </TextLine>
            <TextLine id="tr_1_tl_65" custom="readingOrder {index:64;}">
                <Coords points="330,3007 2734,3001 2734,2953 2665,2935 2440,2968 330,2965"/>
                <Baseline points="346,2996 465,2999 585,2999 705,2999 825,2996 945,2996 1065,2996 1184,2996 1304,2996 1424,2995 1544,2988 1664,2987 1784,2990 1904,2988 2023,2987 2143,2987 2263,2987 2383,2988 2503,2987 2623,2989 2743,2993"/>
                <TextEquiv>
                    <Unicode>wienerischen Spießer und Heiliger der kleinen Mädchen von der übers Herz bringen würde, seine zerbrechlich zarten, kleinen,</Unicode>
                </TextEquiv>
            </TextLine>
            <TextLine id="tr_1_tl_66" custom="readingOrder {index:65;}">
                <Coords points="336,3058 2674,3061 2740,3046 2743,3004 336,3007"/>
                <Baseline points="352,3047 471,3047 591,3050 711,3046 831,3047 951,3044 1071,3046 1190,3045 1310,3047 1430,3044 1550,3040 1670,3038 1790,3038 1910,3038 2029,3038 2149,3035 2269,3035 2389,3035 2509,3038 2629,3036 2749,3035"/>
                <TextEquiv>
                    <Unicode>Kärntnerstraße — saß Nacht für Nacht der kleine, große Peter gläsernen Prosadichtungen einem Fatzke von Schauspieler zum</Unicode>
                </TextEquiv>
            </TextLine>
            <TextLine id="tr_1_tl_67" custom="readingOrder {index:66;}">
                <Coords points="1543,3088 2740,3097 2719,3043 1543,3049"/>
                <Baseline points="1558,3083 1617,3086 1676,3088 1736,3089 1795,3084 1855,3086 1914,3086 1973,3086 2033,3084 2092,3083 2152,3085 2211,3085 2270,3086 2330,3085 2389,3083 2449,3086 2508,3086 2567,3086 2627,3086 2686,3085 2746,3083"/>
                <TextEquiv>
                    <Unicode>Vortrag zu überlassen. Aber er erschrack nur ganz wenig, als</Unicode>
                </TextEquiv>
            </TextLine>
            <TextLine id="tr_1_tl_68" custom="readingOrder {index:67;}">
                <Coords points="339,3127 1468,3094 1468,3055 1173,3043 339,3058"/>
                <Baseline points="355,3098 413,3095 472,3097 531,3101 590,3098 649,3098 708,3095 767,3095 826,3095 885,3095 943,3095 1002,3095 1061,3097 1120,3095 1179,3093 1238,3093 1297,3092 1356,3092 1415,3090 1474,3092"/>
                <TextEquiv>
                    <Unicode>Altenberg, P. A. genannt, im „Nachtlicht", in der „Fledermaus"</Unicode>
                </TextEquiv>
            </TextLine>
            <TextLine id="tr_1_tl_69" custom="readingOrder {index:68;}">
                <Coords points="1546,3139 2734,3148 2734,3094 1546,3091"/>
                <Baseline points="1561,3131 1620,3136 1679,3134 1738,3137 1797,3134 1856,3134 1915,3134 1974,3134 2033,3134 2092,3134 2152,3134 2211,3134 2270,3134 2329,3134 2388,3134 2447,3134 2506,3134 2565,3134 2624,3134 2683,3134 2743,3131"/>
                <TextEquiv>
                    <Unicode>die kleine Barrison sich eines Tages ein Herz nahm und um</Unicode>
                </TextEquiv>
            </TextLine>
            <TextLine id="tr_1_tl_70" custom="readingOrder {index:69;}">
                <Coords points="447,3157 1519,3151 1498,3070 1420,3115 447,3106"/>
                <Baseline points="465,3146 518,3146 571,3146 624,3146 677,3146 730,3143 783,3143 836,3145 889,3144 942,3146 995,3146 1048,3143 1101,3143 1154,3143 1207,3143 1260,3143 1313,3142 1366,3141 1419,3141 1472,3140 1525,3137"/>
                <TextEquiv>
                    <Unicode>Hört man Gertrude Barrison, die aus der kleinen Girl¬</Unicode>
                </TextEquiv>
            </TextLine>
            <TextLine id="tr_1_tl_71" custom="readingOrder {index:70;}">
                <Coords points="1546,3190 2731,3190 2731,3142 2653,3136 1546,3142"/>
                <Baseline points="1561,3181 1623,3183 1685,3181 1747,3181 1809,3181 1871,3184 1933,3183 1995,3183 2057,3181 2119,3181 2181,3184 2243,3181 2305,3181 2367,3181 2429,3181 2491,3181 2553,3181 2615,3184 2677,3181 2740,3181"/>
                <TextEquiv>
                    <Unicode>Erlaubnis bat, ein paar seiner Sachen in Berlin einem größeren</Unicode>
                </TextEquiv>
            </TextLine>
            <TextLine id="tr_1_tl_72" custom="readingOrder {index:71;}">
                <Coords points="339,3202 1522,3202 1522,3151 1435,3142 339,3148"/>
                <Baseline points="355,3193 413,3193 472,3193 530,3193 589,3193 648,3193 706,3193 765,3193 824,3193 882,3193 941,3193 1000,3191 1058,3191 1117,3192 1176,3190 1234,3190 1293,3190 1352,3190 1410,3190 1469,3190 1528,3190"/>
                <TextEquiv>
                    <Unicode>tänzerin von einst eine sehr seriöse Dame mit wissenschaftlichen</Unicode>
                </TextEquiv>
            </TextLine>
            <TextLine id="tr_1_tl_73" custom="readingOrder {index:72;}">
                <Coords points="1546,3238 2737,3238 2737,3190 2677,3187 1546,3190"/>
                <Baseline points="1561,3232 1620,3232 1679,3232 1738,3232 1798,3229 1857,3229 1916,3232 1975,3232 2035,3232 2094,3231 2153,3231 2212,3229 2272,3231 2331,3229 2390,3229 2449,3230 2509,3232 2568,3229 2627,3232 2686,3232 2746,3229"/>
                <TextEquiv>
                    <Unicode>Auditorium vorlesen zu dürfen. Er gab die Erlaubnis. Und</Unicode>
                </TextEquiv>
            </TextLine>
            <TextLine id="tr_1_tl_74" custom="readingOrder {index:73;}">
                <Coords points="336,3256 1519,3247 1519,3199 336,3205"/>
                <Baseline points="352,3247 410,3244 469,3241 527,3243 586,3241 645,3241 703,3243 762,3244 821,3243 879,3241 938,3241 997,3241 1055,3241 1114,3241 1173,3241 1231,3241 1290,3239 1349,3238 1407,3238 1466,3238 1525,3238"/>
                <TextEquiv>
                    <Unicode>Interessen geworden ist, von jenen verschollenen Tagen oder eigent¬</Unicode>
                </TextEquiv>
            </TextLine>
            <TextLine id="tr_1_tl_75" custom="readingOrder {index:74;}">
                <Coords points="1549,3292 2734,3295 2734,3241 1549,3238"/>
                <Baseline points="1564,3277 1626,3280 1688,3280 1750,3280 1812,3280 1874,3277 1936,3278 1998,3280 2060,3277 2122,3279 2184,3280 2246,3280 2308,3280 2370,3283 2432,3280 2494,3280 2556,3280 2618,3280 2680,3280 2743,3280"/>
                <TextEquiv>
                    <Unicode>überschwenglich dankte ihr der kleine Mann, als er hörte, daß</Unicode>
                </TextEquiv>
            </TextLine>
            <TextLine id="tr_1_tl_76" custom="readingOrder {index:75;}">
                <Coords points="339,3298 1525,3304 1507,3247 339,3253"/>
                <Baseline points="355,3292 413,3292 472,3292 531,3292 590,3292 649,3292 707,3294 766,3290 825,3289 884,3289 943,3289 1001,3289 1060,3290 1119,3290 1178,3289 1237,3289 1295,3289 1354,3289 1413,3289 1472,3289 1531,3286"/>
                <TextEquiv>
                    <Unicode>lich Nächten sprechen, so wird der kleine, rührende und häßliche</Unicode>
                </TextEquiv>
            </TextLine>
            <TextLine id="tr_1_tl_77" custom="readingOrder {index:76;}">
                <Coords points="339,3349 2731,3358 2731,3295 2473,3280 339,3301"/>
                <Baseline points="355,3343 474,3340 593,3340 712,3340 832,3338 951,3340 1070,3339 1189,3339 1309,3337 1428,3339 1547,3332 1666,3330 1786,3328 1905,3328 2024,3330 2143,3328 2263,3328 2382,3331 2501,3331 2620,3331 2740,3328"/>
                <TextEquiv>
                    <Unicode>Sokrates namens Richard Engländer, vulgo Peter Altenberg, in man bei jener Vorlesung in Berlin einen großen Dichter namens</Unicode>
                </TextEquiv>
            </TextLine>
            <TextLine id="tr_1_tl_78" custom="readingOrder {index:77;}">
                <Coords points="1543,3391 1606,3406 1657,3385 1705,3400 1930,3397 2014,3376 2041,3400 2125,3391 2125,3343 2080,3334 1543,3334"/>
                <Baseline points="1558,3381 1586,3379 1615,3378 1643,3378 1672,3376 1701,3376 1729,3378 1758,3378 1787,3378 1815,3378 1844,3378 1873,3377 1901,3375 1930,3375 1959,3375 1987,3375 2016,3376 2045,3378 2073,3376 2102,3376 2131,3378"/>
                <TextEquiv>
                    <Unicode>Peter Altenberg entdeckt hatte.</Unicode>
                </TextEquiv>
            </TextLine>
            <TextLine id="tr_1_tl_79" custom="readingOrder {index:78;}">
                <Coords points="345,3397 1017,3430 1516,3400 1480,3340 345,3349"/>
                <Baseline points="361,3393 419,3390 477,3388 535,3387 593,3387 651,3387 709,3387 767,3387 825,3388 883,3390 941,3387 999,3389 1057,3387 1115,3387 1173,3387 1231,3387 1289,3387 1347,3387 1405,3387 1463,3387 1522,3384"/>
                <TextEquiv>
                    <Unicode>seiner belächelten und ergreifenden, belustigenden und tragischer</Unicode>
                </TextEquiv>
            </TextLine>
            <TextLine id="tr_1_tl_80" custom="readingOrder {index:79;}">
                <Coords points="1642,3442 2737,3448 2737,3367 2572,3406 1642,3385"/>
                <Baseline points="1659,3432 1713,3435 1767,3435 1822,3435 1876,3435 1930,3435 1985,3435 2039,3435 2093,3435 2148,3435 2202,3435 2256,3435 2311,3435 2365,3435 2419,3438 2474,3437 2528,3435 2582,3437 2637,3438 2691,3435 2746,3435"/>
                <TextEquiv>
                    <Unicode>In Wien änderte sich deswegen nicht viel. In Wien zitierte</Unicode>
                </TextEquiv>
            </TextLine>
            <TextLine id="tr_1_tl_81" custom="readingOrder {index:80;}">
                <Coords points="336,3466 390,3454 423,3472 471,3445 897,3451 897,3403 864,3394 336,3400"/>
                <Baseline points="352,3438 379,3438 407,3437 434,3435 462,3435 490,3435 517,3435 545,3435 572,3435 600,3437 628,3437 655,3436 683,3435 710,3435 738,3437 766,3437 793,3435 821,3435 848,3435 876,3437 904,3438"/>
                <TextEquiv>
                    <Unicode>Erdengestalt unerhört lebendig.</Unicode>
                </TextEquiv>
            </TextLine>
            <TextLine id="tr_1_tl_82" custom="readingOrder {index:81;}">
                <Coords points="435,3499 2728,3493 2686,3442 1351,3451 1176,3415 435,3451"/>
                <Baseline points="453,3483 567,3486 681,3486 795,3486 909,3486 1024,3486 1138,3486 1252,3486 1366,3485 1480,3483 1595,3485 1709,3485 1823,3486 1937,3484 2051,3486 2166,3483 2280,3486 2394,3486 2508,3484 2622,3486 2737,3486"/>
                <TextEquiv>
                    <Unicode>Wer war P. A. damals? Er predigte das Evangelium des der Dichter P. A. nach wie vor am Monatsersten, ob der</Unicode>
                </TextEquiv>
            </TextLine>
            <TextLine id="tr_1_tl_83" custom="readingOrder {index:82;}">
                <Coords points="1546,3541 2731,3550 2731,3499 2668,3490 1546,3490"/>
                <Baseline points="1561,3534 1623,3534 1685,3534 1747,3534 1809,3532 1871,3531 1933,3534 1995,3534 2057,3534 2119,3534 2181,3534 2243,3534 2305,3534 2367,3534 2429,3536 2491,3534 2553,3534 2615,3534 2677,3534 2740,3537"/>
                <TextEquiv>
                    <Unicode>Mäzen die Rente von fünf Gulden oder zwanzig Kronen schicken</Unicode>
                </TextEquiv>
            </TextLine>
            <TextLine id="tr_1_tl_84" custom="readingOrder {index:83;}">
                <Coords points="339,3544 1516,3547 1516,3490 1465,3487 339,3478"/>
                <Baseline points="355,3537 413,3536 471,3534 530,3534 588,3534 646,3534 705,3534 763,3534 821,3534 880,3536 938,3534 996,3534 1055,3534 1113,3534 1171,3534 1230,3534 1288,3534 1346,3534 1405,3534 1463,3534 1522,3534"/>
                <TextEquiv>
                    <Unicode>Erbsenpürees. Er besang kleine Hotelstubenmädchen. Er sehnte sich</Unicode>
                </TextEquiv>
            </TextLine>
            <TextLine id="tr_1_tl_85" custom="readingOrder {index:84;}">
                <Coords points="339,3592 2731,3602 2731,3544 2602,3538 339,3544"/>
                <Baseline points="355,3584 474,3584 593,3584 712,3582 832,3584 951,3584 1070,3583 1189,3584 1309,3584 1428,3581 1547,3581 1666,3581 1786,3581 1905,3581 2024,3581 2143,3579 2263,3581 2382,3583 2501,3581 2620,3584 2740,3584"/>
                <TextEquiv>
                    <Unicode>wie die gefallenen Engel nach dem verlorenen Paradies, nach einem würde. Gertrude Barrison hat den kindlich heiteren Altenberg</Unicode>
                </TextEquiv>
            </TextLine>
            <TextLine id="tr_1_tl_86" custom="readingOrder {index:85;}">
                <Coords points="1552,3650 2722,3641 2722,3598 2542,3583 1552,3598"/>
                <Baseline points="1567,3632 1625,3631 1683,3629 1741,3629 1799,3629 1858,3629 1916,3629 1974,3629 2032,3629 2090,3629 2149,3629 2207,3632 2265,3632 2323,3632 2381,3632 2440,3632 2498,3632 2556,3632 2614,3632 2672,3630 2731,3629"/>
                <TextEquiv>
                    <Unicode>gekannt. Aber noch besser kannte sie den verzweifelten, ver¬</Unicode>
                </TextEquiv>
            </TextLine>
            <TextLine id="tr_1_tl_87" custom="readingOrder {index:86;}">
                <Coords points="342,3641 1513,3644 1513,3589 1417,3583 342,3589"/>
                <Baseline points="358,3632 416,3632 474,3632 532,3632 590,3632 648,3632 706,3632 764,3629 822,3630 880,3632 938,3632 996,3631 1054,3629 1112,3632 1170,3632 1228,3632 1286,3632 1344,3632 1402,3631 1460,3629 1519,3629"/>
                <TextEquiv>
                    <Unicode>Sommer in Vöslau oder im Reichenauer Kurpark. Er beschimpft</Unicode>
                </TextEquiv>
            </TextLine>
            <TextLine id="tr_1_tl_88" custom="readingOrder {index:87;}">
                <Coords points="1543,3689 2734,3692 2734,3641 2647,3635 1543,3650"/>
                <Baseline points="1558,3677 1617,3680 1676,3680 1735,3680 1795,3680 1854,3678 1913,3677 1972,3678 2032,3680 2091,3680 2150,3680 2209,3682 2269,3680 2328,3680 2387,3680 2446,3680 2506,3680 2565,3680 2624,3680 2683,3680 2743,3680"/>
                <TextEquiv>
                    <Unicode>nichtenden, exzedierend hoffnungslosen P. A., den der Geld¬</Unicode>
                </TextEquiv>
            </TextLine>
            <TextLine id="tr_1_tl_89" custom="readingOrder {index:88;}">
                <Coords points="339,3698 1327,3701 1507,3686 1510,3644 342,3641"/>
                <Baseline points="355,3686 413,3683 471,3681 529,3680 587,3682 645,3680 703,3680 761,3680 819,3680 877,3680 935,3680 993,3680 1051,3680 1109,3680 1167,3682 1225,3680 1283,3680 1341,3680 1399,3680 1457,3678 1516,3674"/>
                <TextEquiv>
                    <Unicode>seinen besten Freund Adolf Loos, wenn er ihn nicht gerade um</Unicode>
                </TextEquiv>
            </TextLine>
            <TextLine id="tr_1_tl_90" custom="readingOrder {index:89;}">
                <Coords points="1543,3740 2725,3740 2725,3692 2626,3683 1543,3689"/>
                <Baseline points="1558,3725 1616,3728 1675,3726 1734,3725 1793,3725 1852,3725 1910,3725 1969,3726 2028,3728 2087,3728 2146,3728 2204,3731 2263,3731 2322,3731 2381,3728 2440,3728 2498,3728 2557,3728 2616,3730 2675,3728 2734,3734"/>
                <TextEquiv>
                    <Unicode>briefträger wieder einmal im Stich gelassen hatte. Nur solche,</Unicode>
                </TextEquiv>
            </TextLine>
            <TextLine id="tr_1_tl_91" custom="readingOrder {index:90;}">
                <Coords points="339,3740 1510,3740 1510,3692 1453,3683 339,3698"/>
                <Baseline points="355,3731 413,3731 471,3729 529,3728 587,3731 645,3729 703,3728 761,3728 819,3728 877,3728 935,3728 993,3728 1051,3728 1109,3728 1167,3729 1225,3729 1283,3728 1341,3728 1399,3728 1457,3726 1516,3725"/>
                <TextEquiv>
                    <Unicode>armte. Er hausierte durch die Nachtlokale mit bunten Kitschkeiten</Unicode>
                </TextEquiv>
            </TextLine>
            <TextLine id="tr_1_tl_92" custom="readingOrder {index:91;}">
                <Coords points="339,3785 2728,3788 2728,3743 2611,3731 339,3740"/>
                <Baseline points="355,3778 474,3778 593,3778 712,3778 831,3775 950,3775 1069,3775 1188,3778 1307,3778 1426,3775 1546,3775 1665,3775 1784,3775 1903,3775 2022,3775 2141,3775 2260,3777 2379,3778 2498,3778 2617,3778 2737,3775"/>
                <TextEquiv>
                    <Unicode>aus Glas- und Holzkugeln. Er betete wunschlos reinen Herzens nur kleine Erinnerungen hat sie an ihren großen Freund. Für</Unicode>
                </TextEquiv>
            </TextLine>
            <TextLine id="tr_1_tl_93" custom="readingOrder {index:92;}">
                <Coords points="1543,3836 2728,3836 2728,3788 1543,3788"/>
                <Baseline points="1558,3826 1620,3826 1682,3826 1744,3823 1806,3823 1868,3823 1930,3826 1992,3826 2054,3826 2116,3826 2178,3826 2240,3826 2302,3826 2364,3826 2426,3826 2488,3826 2550,3826 2612,3826 2674,3826 2737,3826"/>
                <TextEquiv>
                    <Unicode>pathetische Nekrologe ist auch heute, an seinem fünfundsiebzigsten</Unicode>
                </TextEquiv>
            </TextLine>
            <TextLine id="tr_1_tl_94" custom="readingOrder {index:93;}">
                <Coords points="336,3848 1513,3833 1483,3782 336,3785"/>
                <Baseline points="352,3829 410,3826 468,3826 527,3826 585,3826 643,3826 702,3824 760,3826 818,3825 877,3823 935,3826 993,3826 1052,3826 1110,3826 1168,3826 1227,3826 1285,3826 1343,3826 1402,3826 1460,3824 1519,3823"/>
                <TextEquiv>
                    <Unicode>sechs Negergirls vom Ronacher und die zwölfjährige, im Volks¬</Unicode>
                </TextEquiv>
            </TextLine>
            <TextLine id="tr_1_tl_95" custom="readingOrder {index:94;}">
                <Coords points="1546,3884 2728,3884 2701,3830 1546,3836"/>
                <Baseline points="1561,3874 1619,3874 1678,3874 1736,3871 1795,3872 1854,3874 1912,3874 1971,3874 2030,3871 2088,3873 2147,3874 2206,3874 2264,3874 2323,3874 2382,3874 2440,3874 2499,3874 2558,3874 2616,3874 2675,3877 2734,3874"/>
                <TextEquiv>
                    <Unicode>Geburtstag, noch nicht die Zeit da. Wahrscheinlich wird sie</Unicode>
                </TextEquiv>
            </TextLine>
            <TextLine id="tr_1_tl_96" custom="readingOrder {index:95;}">
                <Coords points="336,3890 1510,3881 1492,3833 336,3848"/>
                <Baseline points="352,3880 410,3876 468,3874 526,3874 584,3874 643,3874 701,3874 759,3874 817,3874 875,3874 934,3874 992,3874 1050,3874 1108,3874 1166,3874 1225,3874 1283,3874 1341,3874 1399,3876 1457,3876 1516,3874"/>
                <TextEquiv>
                    <Unicode>garten Diabolo spielende Edith N. an. Und für einen große</Unicode>
                </TextEquiv>
            </TextLine>
            <TextLine id="tr_1_tl_97" custom="readingOrder {index:96;}">
                <Coords points="336,3932 2725,3932 2725,3887 2563,3878 336,3890"/>
                <Baseline points="352,3925 471,3925 590,3925 709,3922 828,3922 947,3922 1066,3922 1185,3922 1304,3922 1423,3925 1543,3923 1662,3922 1781,3922 1900,3920 2019,3920 2138,3922 2257,3922 2376,3922 2495,3922 2614,3922 2734,3925"/>
                <TextEquiv>
                    <Unicode>Dichter hielt ihn, außer den Stammgästen vom „Nachtlicht", in niemals kommen. An Peter Altenberg denken, heißt: vom</Unicode>
                </TextEquiv>
            </TextLine>
            <TextLine id="tr_1_tl_98" custom="readingOrder {index:97;}">
                <Coords points="1543,3983 2725,3983 2704,3929 1543,3929"/>
                <Baseline points="1558,3972 1616,3969 1675,3969 1734,3969 1793,3969 1852,3969 1910,3969 1969,3969 2028,3969 2087,3971 2146,3972 2204,3971 2263,3969 2322,3969 2381,3969 2440,3969 2498,3969 2557,3969 2616,3969 2675,3969 2734,3972"/>
                <TextEquiv>
                    <Unicode>Frühling, von der Jugend sprechen. Vielleicht sitzt dann als</Unicode>
                </TextEquiv>
            </TextLine>
            <TextLine id="tr_1_tl_99" custom="readingOrder {index:98;}">
                <Coords points="339,3983 1513,3983 1513,3929 339,3932"/>
                <Baseline points="355,3972 413,3972 471,3972 529,3972 587,3971 646,3969 704,3969 762,3969 820,3969 878,3971 937,3972 995,3969 1053,3969 1111,3969 1169,3969 1228,3969 1286,3971 1344,3972 1402,3971 1460,3971 1519,3972"/>
                <TextEquiv>
                    <Unicode>Wien kein Mensch als Artur Schnitzler. P. A. hatte nichts dagegen</Unicode>
                </TextEquiv>
            </TextLine>
            <TextLine id="tr_1_tl_100" custom="readingOrder {index:99;}">
                <Coords points="1540,4034 2722,4028 2722,3986 2545,3971 1540,3983"/>
                <Baseline points="1555,4020 1613,4020 1672,4017 1731,4017 1790,4017 1849,4016 1907,4016 1966,4017 2025,4018 2084,4018 2143,4017 2201,4017 2260,4017 2319,4017 2378,4017 2437,4017 2495,4017 2554,4017 2613,4020 2672,4020 2731,4017"/>
                <TextEquiv>
                    <Unicode>blasser Schatten der arme P. A. in einem Winkel, ist selber</Unicode>
                </TextEquiv>
            </TextLine>
            <TextLine id="tr_1_tl_101" custom="readingOrder {index:100;}">
                <Coords points="339,4028 1510,4046 1510,3980 339,3983"/>
                <Baseline points="355,4020 413,4020 471,4020 529,4020 587,4020 645,4020 703,4020 761,4017 819,4017 877,4017 935,4017 993,4017 1051,4017 1109,4017 1167,4020 1225,4021 1283,4021 1341,4020 1399,4020 1457,4020 1516,4017"/>
                <TextEquiv>
                    <Unicode>wahrscheinlich hat er die Commasta längst schon für sein eigene</Unicode>
                </TextEquiv>
            </TextLine>
            <TextLine id="tr_1_tl_102" custom="readingOrder {index:101;}">
                <Coords points="1540,4076 2716,4082 2716,4028 1540,4034"/>
                <Baseline points="1555,4068 1613,4067 1672,4065 1730,4065 1789,4067 1847,4065 1906,4065 1964,4065 2023,4065 2081,4065 2140,4068 2198,4067 2257,4065 2315,4065 2374,4065 2432,4067 2491,4068 2549,4068 2608,4068 2666,4066 2725,4068"/>
                <TextEquiv>
                    <Unicode>ein bißchen gerührt und denkt mit erbittertem Groll an die</Unicode>
                </TextEquiv>
            </TextLine>
            <TextLine id="tr_1_tl_103" custom="readingOrder {index:102;}">
                <Coords points="336,4103 384,4079 438,4094 471,4070 486,4085 519,4079 531,4091 561,4076 633,4076 633,4034 603,4037 591,4025 471,4043 435,4028 336,4031"/>
                <Baseline points="352,4068 378,4068 404,4068 430,4068 456,4068 482,4070 508,4071 534,4069 560,4068 586,4068 612,4067 638,4065"/>
                <TextEquiv>
                    <Unicode>Gesicht gehalten.</Unicode>
                </TextEquiv>
            </TextLine>
            <TextLine id="tr_1_tl_104" custom="readingOrder {index:103;}">
                <Coords points="1546,4124 2728,4127 2728,4079 2653,4067 1546,4076"/>
                <Baseline points="1561,4116 1619,4116 1678,4116 1736,4113 1795,4113 1854,4113 1912,4116 1971,4116 2030,4116 2088,4116 2147,4116 2206,4116 2264,4114 2323,4116 2382,4114 2440,4116 2499,4116 2558,4116 2616,4116 2675,4116 2734,4119"/>
                <TextEquiv>
                    <Unicode>Mäzene, die dem Dichter, den sie heute feiern, bei Lebzeiten</Unicode>
                </TextEquiv>
            </TextLine>
            <TextLine id="tr_1_tl_105" custom="readingOrder {index:104;}">
                <Coords points="435,4127 1513,4130 1486,4049 1303,4082 1089,4049 435,4082"/>
                <Baseline points="453,4119 506,4117 559,4118 612,4116 666,4116 719,4116 772,4116 826,4116 879,4116 932,4118 986,4119 1039,4116 1092,4116 1145,4116 1199,4114 1252,4116 1305,4113 1359,4117 1412,4118 1465,4116 1519,4119"/>
                <TextEquiv>
                    <Unicode>Im „Nachtlicht" oder der „Fledermaus" war es. Mit</Unicode>
                </TextEquiv>
            </TextLine>
            <TextLine id="tr_1_tl_106" custom="readingOrder {index:105;}">
                <Coords points="333,4172 2566,4184 2566,4145 2467,4118 678,4139 333,4100"/>
                <Baseline points="349,4163 460,4164 571,4166 682,4166 793,4169 904,4169 1015,4169 1126,4168 1237,4163 1348,4166 1459,4164 1570,4167 1681,4166 1792,4164 1903,4166 2014,4166 2125,4169 2236,4169 2347,4166 2458,4165 2570,4169"/>
                <TextEquiv>
                    <Unicode>Gertrude Barrison tanzte. Ihr Herz war sehr schwer und schlechtes zwanzig versprochene Kronen schuldig geblieben sind...</Unicode>
                </TextEquiv>
            </TextLine>
            <TextEquiv>
                <Unicode></Unicode>
            </TextEquiv>
        </TextRegion>
    </Page>
</PcGts>
