3392 4352
137 348 285 433 13.
1175 354 1608 450 box 44/6
331 348 998 453 Miscellaneous
1648 530 2786 590 Universitätsstudium in Leipzig, das vorzeitig unterbrochen wurde
1648 585 2777 630 durch eine Berufung als Kapellmeister an den Herzoglichen Hof
1648 624 2786 684 von Halle=Weißenfels Querfurt. Als Beer am 28. Juli 1700, noch
1657 670 2783 721 immer in Diensten seines hohen Gönners, starb, hatte er eine An¬
1648 707 2786 767 zahl bedeutender Romane, die jeweils pseudonym erschienen waren,
1654 753 2783 807 viele Konzertkompositionen und musikwissenschaftliche Schriften
1657 790 1856 855 hinterlassen.
1126 758 1237 895 IS
1705 824 2786 912 In des Dichters wesentlichsten Büchern („Welt=Kucker, „Nar¬
1654 895 2777 947 ren=Spital“, „Teutsche Winternächte", „Kurzweilige Sommer¬
1645 938 2786 995 täge“, „Der verliebte Oesterreicher“) erweist es sich, daß die Jugend¬
1654 978 2777 1026 eindrücke in Oberösterreich und Bayern für ihn bestimmend wur¬
573 981 1371 1078 OBSERVER
1642 1015 2774 1072 den, und zwar derart, daß die Landschaft gleichsam figuriert und
656 1061 1323 1126 I. österr. behördl. konzessioniertes
1654 1066 2777 1121 niemals mehr, trotz des überwiegenden Aufenthalts in Mittel¬
1654 1109 2116 1183 deutschland, verlassen wird.
627 1106 1354 1178 Unternehmen für Zeitungs-Ausschnitte
1714 1132 2774 1212 Ich las den „Verliebten Oesterreicher“, der 1704
684 1160 1272 1252 WIEN, I., WOLLZEILE 11
1648 1198 2771 1260 unter dem Pseudonym Jean Rebhu (übersetzt: Johann Huber)
767 1223 1212 1286 TELEPHON R-23-0-43
1645 1246 2777 1303 veröffentlicht wurde. Die vielfach verzweigte und gewundene ba¬
1648 1289 2774 1343 rocke Handlung vermag uns gegenwärtig nicht hinreichend zu inter¬
1645 1332 2771 1391 essieren. Wir müßten uns sonst eingehend mit dem Stofflichen
559 1332 924 1431 Ausschnitt aus:
1654 1377 2777 1431 befassen und um eine objektive Geschichtsdarstellung bemüht sein.
1645 1414 2777 1468 (Restlosen Aufschluß erteilt dem Interessenten ein Buch: „Johann
1648 1457 2777 1534 Beer, Studien zum Roman des 17. Jahrhunderts" von Richard
1654 1503 2640 1574 Alewyn; Verlag Mayer & Müller G. m. b. H., Leipzig.)
801 1508 1186 1639 1
1705 1557 2774 1620 Was mich ergötzte, war die echt österreichische Haltung des
553 1551 687 1651 vom
1657 1600 2771 1662 Helden, ein Typus, der in dem Gleichklang von Gemüt und Land¬
1648 1645 2771 1711 schaft wohl nicht so schnell ausstirbt. Jener Jüngling hat Bestand
1645 1699 2774 1754 der immer verliebt ist und die Welt im Glück gewinnt, er ist be¬
653 1694 1457 1785 „Der verliebte Oesterreicher.
1645 1739 2771 1796 ständig bis herauf zu Artur Schnitzler und, freilich schon verein¬
550 1771 2780 1842 Die Welt ist so gescheit geworden, die Bildung hat sich schreck zelt, bis zum heutigen Tag. Jener junge Oesterreicher resigniert,
488 1822 1620 1882 lich ausgebreitet, es gibt wirklich mehr Kluge als Dumme. Täg
1642 1831 2780 1879 wenn er nicht sofort erhört wird, und er überläßt sich geistlichen
493 1865 1620 1916 lich erscheinen neue Bücher, der Geist setzt nicht aus und der
1654 1865 2777 1927 Gedanken, sobald man sich ihm in den Weg stellt. Aber plötzlich
490 1910 1620 1965 Augenarzt muß viele Brillen verschreiben. Unsere Zeit ist in groß¬
1645 1907 2777 1967 kommt er doch zu der Einsicht, daß die Mitte, ein ausgewogenes
493 1959 2771 2010 artigen Werken geschildert, und weil sie bald nur noch gedruckt Leben zu führen zwischen den sinnlichen Freuden und der religi¬
488 1996 1617 2064 wird, erstarrt sie allmählich. Man fühlt sich manchmal gezwungen
1645 1996 2780 2053 ösen Erhebung, das beste ist. Er ist der verliebte Oesterreicher in
485 2041 1622 2101 die Weisheit zu fliehen und durch einen Wald zu wandern, an
1645 2047 2771 2101 einem weiten Sinne: der siegesgewiß in die glänzenden Tore des
493 2087 2771 2138 einem Fluß entlang oder über einen Wiesenrain Dann kommt Augenpaars einer schönen Frau einbricht, wie er unmittelbar dar¬
1645 2133 2777 2195 auf fähig ist, in der „Mariazeller Wallfahrtskirche“ mit Gott und
493 2133 1620 2181 man abends gestärkt und ohne Kopfweh heim, geht an den Biblio¬
1639 2170 2398 2235 der Heiligen Jungfrau darüber zu sprechen.
488 2176 1255 2238 theksschrank und ... greift nach einem Buchh.
545 2201 1620 2272 Ich hatte Glück. Es geschah, daß mir ein Mann über zweiein¬
1699 2207 2771 2275 Der Verfasser, der sich mit dem Romanhelden identifiziert, redet
488 2255 2774 2324 halb Jahrhunderte hinweg die Hand reichte. Wir kannten uns so den Leser sehr direkt an. Es herrscht die Ich=Form. Die Sprache ist
496 2304 2774 2367 fort, weil uns dieselbe Landschaft erzogen und gebildet hat, weil eindeutig und kräftig. Und es besteht ein inniges Verhältnis zwi¬
493 2352 1620 2398 uns die gleichen Wünsche Spannung geben und Erfüllung ver¬
1645 2349 2774 2409 schen Autor und Leser! Beer rückt seine Erzählung ganz nah; er
485 2392 2777 2455 heißen. Wo Johann Beer Ende des 17. Jahrhunderts stand, treibt gemeinsam mit dem Leser Spaß, indem eindringlich auf die
485 2444 2771 2498 auf der Augenblick wartend, daß ihm seine Heimat zum Gleichnis Schwächen der Figuren aufmerksam gemacht wird; wo eine Be¬
488 2481 2774 2535 werde für das ganze Deutschland, an dieser Stelle befinde auch lehrung erforderlich ist, kommt sie breit und ausführlich zur An¬
485 2521 2771 2583 ich mich heute und ersehne für mein Vaterland jene südliche Heiter¬ wendung. Darin sehe ich den Unterschied zwischen jenem Barock¬
488 2566 2771 2632 keit, die im Zeitalter des Barock bis nach Sachsen vorstieß, um dichter und der modernen Dichtung: daß bei Beer die Erzählung
482 2609 1483 2674 vorzüglich in Dresden ein unerhörtes Fanal zu errichten.
1631 2615 2774 2672 nicht in der Entfernung ruht oder wirkt, vom Verfasser abgetrennt
539 2663 2780 2726 Ich stelle vor: Johann Beer, 1655 zu St. Georgen im Atter= und ein Eigenleben führend, nein, daß gerade die Erzählung eine
485 2686 2780 2771 gau in Oberösterreich geboren: der Zehnjährige übersiedelte nach Verbindung herstellt zwischen Dichter und Leser, eine freundschaft¬
468 2723 1543 2814 Regensburg und absolvierte hier das Gymnasium; es folgte
1637 2749 2780 2828 liche Verbindung, die man nicht so rasch wieder ausgibt. Ich habe
1625 2837 2766 2905 nicht gleich wieder das Verlangen, eine andere Lektüre zu wählen.
1622 2885 2121 2954 Ich bleibe bei Johann Beer.
1685 2928 2766 3005 Da muß schon eine Kraft vorhanden sein, wo das gedruckte
1620 2957 2766 3045 Wort so lange und unmittelbar fortwirkt. Ich habe mir einige
1631 3034 2760 3096 Sätze notiert. Der Liebende seufzt: „Wie ein unglückseliger Mensch
1617 3065 2774 3145 bin ich in meiner größten Glückseligkeit!“ Auf einer Seite der
1628 3114 2760 3179 Besinnung heißt es: „Wisset ihr nicht daß das Stillschweigen die
1617 3153 2749 3230 höchste Vernunft sey ein Mensch hat niemalen eine größere
1620 3202 2763 3262 Würckung seiner Sinnen als wann er schweiget. Von einem
1622 3248 2763 3307 Halbgebildeten, der von der Heimat losgelöst und unverwurzelt
1614 3287 2760 3350 ist, sagt Beer: „Einer redete unter sein Teutsches mehr als halb
1617 3339 2754 3396 Latein / und dieses sind solche Narren / welche von seichtem Alter
1620 3387 2763 3447 und dahero geschwind in ihrer Einbildung verführt sind / dann sie
1614 3430 2751 3493 meinen / wo sie nicht in ihrer Einbildung verführt sind dann sie
1614 3470 2751 3527 meinen / wo sie nicht in alle ihre Reden lateinische Wort untermän¬
1617 3513 2751 3573 gen so wisse man nicht daß sie studiren." Endlich wird das Aller¬
1611 3561 2751 3618 natürlichste gepriesen: „Und statt der Music hörte ich das grobe
1608 3595 1893 3658 Vieh brummen.
1665 3613 2746 3707 Der „Verliebte Oesterreicher“ gewährt Erholung. Die Inter¬
1605 3684 2746 3755 valle in diesem Buch bergen das beharrliche Licht Oesterreichs, das
1605 3738 2740 3804 Adagio bringt ein zartes Liebessehnen, und im Allegro waltet ein
1611 3786 2754 3846 wunderbarer Humor. Der Vergleich mit Musik ist erlaubt, denn
1608 3838 2740 3889 es handelt sich ja um Oesterreich und Johann Beer ist auch Kom¬
1605 3878 2746 3938 ponist. Und noch etwas besitzt er, womit er jeden Gegner und alle
1605 3918 2731 3975 Argumente besiegt und was uns im 20. Jahrhundert leider man¬
1602 3958 2737 4017 gelt, nämlich das große, befreiende und sich fortpflanzende Lachen,
1600 4003 2731 4054 dieses besaß er in einem Maße, daß noch heute, nach fast zweiein¬
1605 4049 2731 4112 halb Jahrhunderten, sich über seinem Grabe die Erde wölbt, weil
1600 4089 2281 4166 eine jauchzende Brust nach oben drückt.
2176 4120 2680 4211 Max Maria Rheude.
