3344 4352
1077 198 2273 268 Aus dem Nachlaß von ARTHUR KAIANE
749 289 2841 380 Hermann Bahr feier, am 19. Juli seinen Tradition des Bodens, von Stifter über Kürnberger zu
1691 369 2838 424 Speidel, großväterlich gesichert fühlte. Eine so lebendige
723 372 1009 440 70. Geburtstag.
1693 414 2835 463 Suggestion ging von dem Fluß und der farbigen Leiden¬
538 419 1654 499 Als ich ihn kennenlernte, war es uns beiden, als ob wir
1701 460 2835 520 schaftlichkeit dieses Stiles aus, der die einen mit dem Reize
489 486 1652 554 einander immer schon gekannt hätten. Mein ganzes Leben
1686 512 2843 564 eines täglichen Abenteuers entzückte, die anderen zur
486 531 1647 590 war Begegnung mit Hermann Bahr. Ich bekenne, keinen
1699 549 2843 606 Raserei brachte, daß ihr alle unterlagen, ob sie nun in seiner
502 580 1652 650 stärkeren persönlichen Einfluß erlebt zu haben als von dieser
1701 596 2856 653 Art oder in der eigenen Art oder, aus Wut, erst recht in
492 627 1649 695 glänzendsten und lebhaftesten Erscheinung unserer Jugend,
1686 637 2802 708 der entgegengesetzten Art von ihm zu schreiben lernten.
489 682 1545 747 diesem faszinierenden Anreger und gran animatore.
1740 692 2843 757 Jetzt gab es auf einmal eine Wiener Literatur. Er sagte
538 718 1654 793 Wie mir erging es fast einer ganzen Generation. Nur
1696 741 2854 806 es so laut und so lange, bis es sogar die Wiener zu
497 775 1652 871 daß es Menschen gibt, die von einer ersten Liebe nicht los¬
1693 793 2841 848 bemerken anfingen, daß Schnitzler, Beer=Hofmann, Hof¬
497 835 1358 903 kommen und ihr treu bleiben. Und andere.
1699 838 2848 895 mannsthal, Andrian und Peter Altenberg lebten und sogar
1686 890 2848 944 dichteten. Jetzt gab es eine österreichische Literatur: Bahr
531 856 1657 942 Es war eine Liebe auf den ersten Blick. Als ich ihn das
1699 931 2854 986 entdeckte die „Provinz“. Jetzt gab es wieder ein Wiener
489 934 1644 1001 erstemal sah — in dem sagenumsponnenen Café Griensteidl —
1699 981 2854 1030 Burgtheater (das in den letzten Jahren zu einer norddeutschen
497 983 1654 1043 wußte ich, ohne daß es mir jemand sagte und ohne daß ich
1693 1027 2851 1085 Enklave mit französischem Repertoire geworden war). Jetzt
492 1035 1652 1098 je vorher ein Bild von ihm gesehen hatte, das ist Hermann
1701 1074 2856 1132 gab es eine Wiener Sezession. Die Kunst wurde zu einer
492 1082 1647 1142 Bahr. Als ich das erste Buch von ihm las — es war der
1701 1116 2848 1168 Angelegenheit, über die sich die ganze Stadt aufregen durfte.
497 1126 1652 1186 Roman „Die gute Schule" in den grünen Heften der „Freien
1693 1160 2848 1217 Es gab den Kampf um Klimt, um Olbrich, um Burckhard,
492 1178 1652 1246 Bühne —, wünschte ich: wenn ich Romane schreiben könnte
1696 1215 2851 1259 um Mahler. Und in jedem dieser Kämpfe war es Bahr, der
497 1225 936 1301 würde ich so schreiben.
1699 1262 2859 1319 gegen eine Welt kleiner Feindlinge, gegen eine unsichtbare
536 1267 1660 1340 Es ist nicht zu sagen, welche Wirkung damals von Bahr
1701 1301 2856 1358 Camorra der Böswilligkeit nicht nachließ, bis sich eine
497 1334 1665 1392 ausging, als er nach seinen wilden Wanderjahren von Berlin,
1699 1347 2856 1405 immer widerstrebende Gesellschaft, im guten oder im bösen,
492 1376 1665 1431 Paris, Spanien, Rußland und wieder Berlin nach Wien
1699 1386 2854 1449 wenigstens vor der überlegenen Einmaligkeit dieser schöpfe¬
497 1428 1654 1480 heimkehrte, um die in behaglichem Duseln sanft verduselte
1701 1444 2141 1517 rischen Männer neigte.
499 1475 1662 1535 süß dahinträumende Stadt aufzuwirbeln und sie aus dem
1735 1459 2851 1548 Das Geheimnis seiner Wirkung war, daß in dieser krit¬
497 1511 1660 1574 allzu Oesterreichischen weg wieder Europa einzuverleiben.
1699 1543 2854 1600 telnden, aber eigentlich unkritischen Stadt ihr bester Kritiker
499 1561 1660 1618 Die Wirkung war laut genug. Er trat nicht eben auf leisen
1704 1587 2854 1644 im Grunde auch kein Kritiker und keine kritische Natur,
502 1610 1662 1665 Sohlen auf und bewies nicht die mindeste Scheu, an alle
1712 1636 2856 1683 sondern einer war, der zu aller Erscheinung ja sagen mußte.
492 1657 1660 1717 heiligen Schläftigkeiten zu rühren. Er brachte das Brio
1704 1680 2854 1732 Dieser Mann ist in das Leben und in die Zeit, in der er
510 1706 1665 1764 sämtlicher Revolutionen mit, die sich draußen in Literatur,
1706 1725 2861 1779 lebt, so leidenschaftlich verliebt, daß es den in allen Epochen
492 1756 1662 1818 Kunst, Theater und Lebensgestaltung vorbereiteten, und ließ
1706 1771 2861 1826 der Kultur Behausten nicht eher ruht, als bis er die Super¬
492 1808 1665 1857 es auf die schöne Schläferin Wien los. Die rieb sich verdutzt
1706 1816 2864 1878 lative der Vergangenheit, eifersüchtig fast in der Gegenwart
492 1849 1667 1904 die Augen und tat mit. Weil nämlich der neue Freier nicht
1706 1868 2861 1917 wiedergefunden hat. Ist unsere Zeit nicht reich, schön und
492 1899 1667 1959 bloß jung, fesch und elegant war, was in Wien nun einmal
1714 1917 2864 1969 stark genug, um ihren, ihren Franziskus, ihren Nova¬
497 1948 1665 2003 dazu gehört, nie fad, nie langweilig, immer amüsant, und
1704 1959 2864 2024 lis, und ihren Kleist hervorzubringen? Darf man sich durch
502 2000 1665 2058 weil er nicht bloß graziöser schreiben, witziger reden konnte
1712 2008 2861 2068 die Nähe, bloß dadurch, daß unsere Dante, Franziskus, No¬
492 2050 1665 2104 als alle anderen, sondern weil er sie mit der verwegenen
1706 2055 2864 2112 valis Kleist mitten unter uns wandeln und jene nicht, die
505 2097 1673 2154 Frechheit anpackte, gegen die sie nun einmal alle wehrlos
1714 2104 2864 2159 Augen gegen ihre Größe verschließen lassen? Dieselben, die
505 2143 1662 2195 sind. So möchte man sich den jungen Alcibiades vor¬
1704 2149 2861 2203 unsere Großen verkennen, wären auch blind an jenen vor¬
512 2193 1667 2242 stellen, wie Bahr damals auftrat. Jeden Tag mit einer neuen
1714 2201 2864 2255 übergegangen. Und aus diesem Gefühl, dieser ehrfürchtigen
502 2237 1670 2292 Ueberraschung, mit einer neuen Gaminerie, einem neuen
1714 2247 2864 2302 Sehnsucht nach dem Großen, die ihn lieber überschätzen als
507 2279 1675 2341 Einfall, einer neuen Entdeckung, einer neuen Ueberwindung
1706 2294 2861 2367 verkennen läßt, ist Bahr zu dem fast sprichwörtlichen Er¬
505 2331 1665 2385 die Wiener verblüffend. Redend, schreibend, in einem auf¬
1714 2344 2214 2406 decker so vieler geworden.
502 2380 1665 2435 regend neuen Ton voll Grazie und Elan, organisierend
1751 2375 2867 2458 Was geschah damals in der europäischen Kunst, in der
507 2430 1675 2489 Zeitungen gründend, im Theater, in der Gesellschaft, aggressiv
1714 2445 2872 2497 europäischen Kultur, in der europäischen Seele, das nicht in
507 2479 1667 2534 gegen alles Verkalkte im Wienertum, und mit einer jähen
1717 2495 2867 2547 Wien sein wirkendes Echo fand? Weil dieser unermüdliche
507 2526 1670 2578 überrumpelnden Begeisterung ohnegleichen sich für alles Neue
1714 2547 2869 2606 Mittler da war, der das Kommende erriet, witterte, beschrieb
502 2570 1670 2632 einsetzend. Jeden Tag mit neuem Stoff für Klatsch, Wut
1706 2588 2874 2651 und propagierte, war er nicht der erste, der die Ueberwindung
507 2614 1675 2677 und Entrüstung ausfüllend, so daß die Mäuler nicht zur
1712 2645 2872 2708 des Naturalismus durch den Psychologismus und durch
505 2669 1686 2721 Ruhe und die Gemüter nicht aus der Aufregung herauskamen.
1717 2684 2885 2744 einen neuen Stil kommen sah? War er nicht einer der ersten,
518 2718 1673 2770 Sein geliebtes „Epater les bourgeois schien das Losungs¬
1714 2737 2882 2799 die für Maeterlinck und Oscar Wilde warben? War er nicht
505 2760 1675 2812 wort, so, als ob das Ganze zu nichts wäre, als die „Spießer
1714 2789 2872 2846 der erste, der von der Duse sprach? Und der die schau¬
507 2809 1675 2861 zu giften", wie wir uns das so hübsch ins Wienerische über¬
1725 2833 2874 2890 spielerische Aktion Novellis mit einer so vehementen Gegen¬
520 2851 1675 2913 setzten. Bis man auf einmal merkte, daß hinter all den
1722 2885 2882 2942 ständlichkeit schilderte, daß sie, wie in einem Phonographen
512 2898 1680 2963 gassenbübischen Eulenspiegeleien ein ganz anderer Zweck,
1712 2937 2882 3007 aufbewahrt, über den leiblichen Tod des Mimen hinaus
512 2945 1675 3004 ein sehr ernster Plan steckte: mitten in dem alten schönen
1714 2978 2029 3043 lebendig bleibt?
510 2994 1673 3049 Wien ein neues ebenso schönes aufzubauen, in dem es auf
1758 3012 2874 3088 Und dieser Meister des Feuilletons, dessen Kunstform ihn
518 3043 1675 3103 einmal von neuen Kräften und einer Fülle starker Be¬
1714 3062 2882 3140 liegt wie kaum einem zweiten, schrieb, außer den Essais, in
520 3095 1675 3150 gabungen wimmelte. Weil aber Bahr die Skepsis der Wiener
1717 3129 2877 3179 denen der unverdrossenste Leser, der nie Fertige, rastlos an
518 3140 1680 3200 gegen jedes in Wien aufgewachsene Talent und die Unlust
1722 3176 2880 3244 sich Weiterarbeitende den ganzen Bildungskomplex der Zeit
512 3181 1680 3241 de Wiener, sich einen Ernst anders als spielend beibringen
1714 3228 2877 3283 zu einer letzten Endes tief einheitlichen Weltschau aufgesam¬
520 3239 1680 3293 zu lassen, nur zu genau kannte, mußte der Schlaue die
1717 3278 2880 3340 melt hat, unerschöpflich für das geliebte Theater: Schauspiele,
512 3285 1680 3335 Widerspenstigen überlisten und ihnen den Eulenspiegel vor¬
1719 3327 2867 3389 Volksstücke, Lustspiele, gewiß die witzigsten und scharmantesten
507 3337 1680 3413 machen. Was außerdem seiner Natur sehr entgegenkam und
1717 3371 2864 3434 die aus Oesterreich kamen, und eine Reihe von Romanen
520 3382 1111 3449 ihm diebischen Spaß bereitete.
1717 3423 2864 3473 ein Oeuvre, das in seiner Gesamtheit und Typologie einma
559 3431 1683 3506 Er steckte alles an mit seiner wirbelnden Vitalität. Talente
1717 3467 2880 3543 das geschlossenste und vollständigste Bild des alten Oesterreich
518 3470 1675 3553 waren natürlich schon früher da: aber jetzt bemerkte man si¬
1714 3517 2716 3587 darstellen wird, das es gibt. Sicher das amüsanteste.
525 3543 1686 3590 erst. Sie trauten sich zu arbeiten, zu schaffen, zu wirken.
1764 3569 2880 3639 Gedankt haben sie es ihm nicht. Wenn er nur das mindeste
523 3587 1686 3650 Sie trauten sich zu schreiben. Sogar seine Feinde fingen
1717 3621 2885 3678 Talent dazu hätte, enttäuscht zu sein, Gelegenheit dazu war
525 3639 1686 3691 auf einmal an, besser zu schreiben. Wenn auf Bahr ge¬
1730 3676 2880 3730 genug da. Aber Gott sei Dank liegt ihm keine Rolle weniger
528 3683 1683 3743 schimpft wurde, wurde auf Bahrisch geschimpft. Es lag
1719 3722 2887 3780 als die des Verbitterten. Wenn's ihm zu viel wird, gibt er
523 3730 1686 3787 eie unglaubliche Verführung in diesem Bahrischen Frühstil,
1719 3769 2887 3824 leichten Herzens das hübsche Haus auf, das ihm Olbrich in
523 3777 1683 3834 in diesem sprudelnd witzigen, behenden, verwegenen Im¬
1722 3819 2885 3878 Ober=St.-Veit gebaut hat, und geht nach Salzburg, das noch
518 3829 1686 3876 pressionistisch, das, hingewischt, hingetupft, jeder abgetasteten
1738 3865 2887 3920 schöner ist. Oder schließlich nach München. Aber selbst im
525 3876 1686 3923 Wendung mühelos aus dem Wege, sich seine überraschend
523 3920 1686 3964 neuen, seine kecksten Bilder von der Straße und von der
1725 3917 2885 3975 Münchner Exil wird es ihm nicht einfallen, die Tristia ex
528 3957 1683 4019 Liebe holte, durch Grazie vor der Gefahr behütet, in Bul¬
1719 3962 2890 4016 Ponto zu schreiben. Er hängt an keinem Orte und an keinem
525 4006 1688 4071 garität oder gar in die sonst übliche Ruppigkeit der Neutöner
1722 4009 2885 4074 Besitz. Die Dinge des äußeren Lebens sind ihm ziemlich
536 4058 1686 4110 zu fallen, und das um so souveräner mit den Gewohnheiten
1722 4058 2882 4110 unwesentlich. Vielleicht unwesentlich geworden, seitdem er
525 4105 1693 4196 der Sprache umspringen konnte, weil es sich in der guten
1730 4102 2887 4172 selbst wesentlich geworden ist. Es gibt keinen, der gegen Er¬
