3392 4352
123 308 284 398 13.
323 295 978 418 Miscellaneous
611 682 767 763 DE
310 781 523 873 Latrait de
635 785 1062 890 AUX COUTES
657 862 1047 939 9
319 884 473 956 Adresse
574 952 1086 1082 er JUILLET 1933
310 976 429 1069 Date
328 1088 519 1165 Signature
321 1163 543 1269 Expositio¬
710 1172 1159 1275 l'œuvre de Schnitzler
444 1207 1152 1315 Parmi les auteurs voués à cacher
402 1297 1152 1363 hitlérien, il faut signaler le grand
398 1339 1146 1405 écrivain autrichien Arthur Schnitzler
409 1368 1157 1445 Après la brutale rupture de contrat
409 1418 1157 1473 commise par la maison d'édition
405 1451 1143 1519 S. Fischer, la veuve de l'écrivain s'es
405 1493 1146 1550 rendue à Paris pour chercher un nou¬
409 1535 1148 1592 vel éditeur pour l'œuvre de son épou¬
405 1585 558 1631 défunt.
1161 295 1603 396 box 44/6
1526 1069 2289 1172 „OBSERVER
1603 1163 2263 1218 I. österr. behördl. konzessioniertes
1572 1198 2293 1273 Unternehmen für Zeitungs-Ausschnitte
1638 1244 2221 1335 WIEN, I., WOLLEILE 11
1713 1319 2159 1376 TELEPHON R-23-0-43
1508 1438 1865 1519 Ausschnitt aus:
1854 1557 2212 1682 Die Stunde,
1502 1656 1636 1728 vom
1878 1682 2221 1816 7. 1893
1385 1777 3072 1979 Wie ich zu meinen Portrats
2065 1963 2339 2137 kam
1656 2128 2755 2256 Text und Abbildung von Mopp
2208 2234 3074 2302 Wesen, weiß nicht, wie er aussieht, kennt
1352 2219 2172 2368 Arthur Schnitzler
2205 2293 3072 2357 nicht die zuckenden Brauen und nicht die
2208 2344 3074 2408 gefalteten Linien seiner Stirn, das Gekräusel
1352 2366 2175 2430 Dem Bildnismaler stellen sich zwei schwer
2212 2399 3069 2452 an seinen Schläfen, das Glatte oder Ruhe
1306 2419 2179 2478 zu überwindende Hindernisse entgegen:
2208 2445 3078 2493 seiner Haut, die gelösten oder gekrampften
1310 2460 2181 2535 Kampf mit dem Material und Kampf mit
2214 2489 3069 2540 Finger. Dazu kommt noch, daß die farbige
1315 2518 2175 2599 dem Objekt das heißt mit dem Darzustellen
2208 2540 3074 2597 Erscheinung, die sich dem Maler präsentiert,
1319 2564 1409 2643 den.
2201 2586 3072 2645 losgelöst werden muß von allen Zufällen
2201 2638 3067 2696 des Lichts, daß er ins Dunkle rückt, was
2201 2678 3072 2751 der Besteller zeigen will, und daß er Ope¬
2201 2726 3069 2803 rationssaalshelle über Dinge breitet, die man
2208 2779 2702 2850 versteckt wissen möchte.
2243 2799 3069 2889 Bei jedem Porträt kommt es darauf an,
2201 2878 3069 2935 einen Typus zu schaffen, der zeitlich los¬
2205 2924 3072 2979 gelöst ist, so daß es Bestand hat auch dann
2201 2977 3074 3036 noch, wenn seine Gegenwartswirkung erfüllt,
2201 3023 3074 3076 abgelaufen ist. — Ein Bildnis soll so gute
2201 3063 3074 3131 Malerei sein, daß es bestehen und weiter¬
2201 3116 3069 3182 leben kann, selbst wenn die Interessen, die
2201 3171 3080 3237 es hervorriefen, völlig vergessen sind, denn
2201 3208 3072 3285 endgültig geht es nicht um ein Konterfei,
2205 3259 2814 3340 sondern um das — Kunstwerk.
2245 3289 3072 3379 Arthur Schnitzler war zunächst nicht
2205 3364 3074 3428 völlig überzeugt von meiner Auffassung
2197 3397 3065 3487 seiner Person. Er hielt sich für ausgegliche¬
2201 3452 3074 3520 ner, als er in Wirklichkeit war. Während
2199 3498 3074 3577 der Sitzungen in meinem kühlen Atelier,
2199 3547 3069 3617 schrieb er unaufhörlich auf Zettel, sogar im
2201 3602 3067 3663 Stehen noch, an einem großen Theaterstück,
1352 3604 3065 3707 Der Künstler, der bei jedem Werk ein dem „Jungen Medardus, und er schien sehr
1310 3654 3074 3760 Stück Zeitausdruck schafft, der sich genügen besorgt und ganz erfüllt von seinem Werk.
1313 3740 2175 3791 will und nicht zum beflissenen Werkzeug
2203 3742 3083 3813 Als das Bild beendet war, erklärte er es für
1306 3782 2175 3841 seines Auftraggebers herabsinkt, kommt mit
2205 3797 3078 3854 sehr gelungen, denn auch beim Malen käme
1306 3830 2172 3892 seiner Auffassung fast immer in Wider¬
2205 3837 3072 3905 es auf Regieführen an, wie er sagte, und
1310 3890 3072 3953 spruch mit der des Dargestellten. Dieser hat durch Wegstreichen steigere man oft die
1310 3923 3036 4006 meist keine Vorstellung von seinem eigenen Wirkung; dies hätte er eben erst gelernt.
