3344 4352
112 248 969 367 13. Miscellaneous
1151 265 1581 357 box 44/6
2203 1660 2696 1756 Strompreiserhö=
185 1697 1058 1753 ein Mann von schönem, kräftigem magyari¬
1091 1700 1958 1760 bei Griensteidl eine Dichterrunde gründete,
2057 1743 2666 1819 Die letzte Leitungssitzung des
198 1743 1955 1806 schem Typus, an einer Kölner Pfeife mit aus der Schnitzler, Hofmannsthal, Beer¬
192 1786 1065 1839 langem Rohr saugend. Bisweilen sprang er
1981 1770 2682 1839 verbandes der Tabaktrafi
1095 1789 1951 1846 Hofmann, und Karl Kraus die nach
189 1829 1955 1889 auf, eilte zum Billard hin und spielte mit mals berühmtesten geworden sind. Doch diese
1981 1836 2689 1905 Oesterreichs (Interessenschutzverband)
1101 1875 1951 1925 schöne Plauderecke der Wiener Künstler fand
192 1872 1065 1928 solcher Begeisterung, Kraft und Geschicklichkeit,
1981 1879 2649 1932 zirk, Schottenring 7, befaßte sich
192 1915 1948 1965 daß man in ihm den Lyriker Nikolaus Lenau ein jähes Ende. Das Haus wurde demoliert
1975 1915 2686 1984 mit der geplanten Verteuerung von
1085 1961 1948 2008 Griensteidl zog um, allein seine Gäste nicht mi
1991 1965 2682 2018 schem Strom, Heiz= und Brenngas,
185 1958 695 2027 kaum wiedererkannt hätte.
278 1978 1951 2054 So galt denn das Silberne Kaffeehaus ihm. Und das Café Central im Gebäude der
1981 1978 2854 2067 die Trafikanten eine äußerst fühlbare und nicht
2874 1994 3192 2084 riesige Eisblicke
1088 2047 1951 2097 ehemaligen Börse trat die Nachfolgerschaft von
185 2034 1058 2100 als Zusammenkunftsort der geistigen Elite von
1984 2047 2858 2104 mehr tragbare neue Spesen¬
2881 2070 3215 2130 übertürmen und
1088 2087 1951 2143 Griensteidl an. Da residierte Peter Altenberg
185 2094 1058 2150 Wien. Allein auch sein Ende nahte nach
1978 2094 2854 2143 belastung darstellt. Die Ausgabenpost für
2881 2113 3261 2180 Eisdecke zerberst, das
192 2133 1951 2183 einiger Zeit, und wenn man Frankl glauben bei Tag und bei Nacht, da sah man nicht selten
1981 2140 2848 2190 Beheizung und Licht nimmt im Verhältnis
2878 2156 3261 2229 sich in Schollen auf
189 2166 2848 2233 darf, dann wurde sein Ruhm bloß durch einen auch Leo Trotzkij, der selbst keineswegs ahnte, zu den andern Spesen einen großen Raum
2881 2196 3225 2262 unmittelbar ins
1085 2216 1958 2269 welch eine gewaltige Karriere ihm bevor¬
195 2223 1055 2272 Zufall verlängert. Offenbar hatten die Gäst
1981 2236 3205 2299 ein, so daß sich eine Erhöhung dieser Post für drei-, vier- und
1091 2256 1948 2305 stand, und der, wie eine alte Kaffeehaussage
185 2266 1062 2312 bereits genug von silbernen Geschirren, prunk¬
1975 2266 3265 2332 die Trafikanten katastrophal auswirken müßte. Berge vorüberziehen,
185 2305 1058 2352 voller Einrichtung und kostbaren Silberhaker
1091 2302 3261 2395 berichtet, dem Kellner noch heute einen Mokka Präsident Heil und Kommerzialrat Löff¬ Eis abbrechen und
1098 2338 1333 2411 schulden soll.
189 2352 1055 2398 für die Hüte, so daß sie eine Abwanderung er
1981 2352 2848 2408 ler haben persönlich sowohl bei der zu¬
2871 2368 3265 2434 dann löst sich die
185 2388 1058 2441 wogen. Da kam der Markör Neuners zu der
1978 2398 2844 2451 ständigen Regierungsstelle als auch bei der
1171 2375 1948 2454 So läuft der Faden von Kolschitzky bis in
2874 2411 3235 2474 macht andächtigem
189 2431 1062 2481 Dichtern und Schriftstellern, und der witzige
1984 2444 2841 2497 zuständigen Magistratsabteilung der Stad
1085 2444 1948 2500 unsre Tage. Zahllose liebe alte Gaststätter
2864 2451 3251 2514 heit über die Größ¬
185 2474 1058 2524 Mann, der übrigens auch selbst gelegentlich
1085 2494 1948 2537 liegen auf dem Weg, den man bei einem Gan=
1978 2497 3268 2563 Wien eine eingehende Darstellung abgegeben. Naturgeschehens, neb
185 2517 1058 2570 Erzeugnisse seiner Muse in Druck gehen ließ
1085 2530 1951 2590 durch die zweieinhalb Jahrhunderte durch¬
2064 2534 3222 2616 Der Deutsch=Oesterreichische schwindend dasteht.
185 2560 1062 2633 meinte, auf einen Hutmacherladen gegenüber
1085 2560 2841 2633 mißt, gemütliche, echte Wiener Lokale, in Gewerbebund hält eine Protestversamm¬
185 2603 1058 2656 hinweisend, dessen Aushängeschild einer
1088 2623 2838 2679 denen der Hausherr von Tisch zu Tisch ging lung gegen die geplante Erhöhung der Gas¬
182 2639 1055 2696 mächtigen Lorbeerkranz zeigte: „Meine Herren
2858 2603 3261 2735 Die Fohnsde
1085 2669 2835 2729 und seinen Gäste eine Prise anbot, Lokale, in und Strompreise sowie der Nahrungs- und
185 2689 1058 2739 dieses Kaffeehaus werden Sie nicht verlassen
1082 2706 2841 2772 denen sich um die schöne Sitzkassierin die Genußmittelabgaben morgen, Donnerstag
185 2735 1058 2782 wo Sie direkt die Aussicht auf den Lorbeer¬
2957 2603 3218 2795 ebener
1091 2745 1948 2798 jungen Herren vom Grund versammelten
1978 2755 2838 2831 ½8 Uhr abends im Saale der Bäckergenossen¬
185 2778 1058 2838 kranz haben!“ Und die Dichter sollen ge¬
2947 2768 3258 2851 Der „Gewerksch
1085 2798 1945 2844 Lokale, wie etwa das von Gabesam, wo die
1975 2792 2524 2871 schaft, 8. Florianigasse 13, ab.
185 2818 413 2884 blieben sein
2864 2818 3248 2887 meldet aus Leo
1091 2838 1942 2891 Volksdichter zusammenkamen: Nestroy, Lanner
2054 2828 2831 2897 Der Wiener Gewerbegenossen
261 2835 1062 2904 Doch später ging die Zeit auch an dem
2874 2864 3258 2940 steirischen Bergarbei¬
1091 2887 1948 2934 später Anzengruber. Da verflogen im Ge¬
1981 2868 2841 2944 schaftsverband hat an die Bundes¬
185 2878 1062 2947 Silbernen Kaffeehaus nicht vorüber, über¬
2868 2911 3261 2970 eingetreten. In Fo
1088 2927 1945 2977 sprach, bei Billardspiel oder Zeitungslektür¬
1968 2927 2841 2980 regierung eine Denkschrift gerichtet, in welche
192 2940 1055 3003 haupt war die Epoche vor der Revolution des
2868 2954 3261 3016 mit großer Mehrhe
1082 2970 1945 3020 die freien Stunden, und zwar in den großen
1968 2973 2841 3030 gegen die beabsichtigte Erhöhung der Gas¬
192 2987 1052 3040 Jahres 1848 für dieses Gewerbe weni¬
2864 2993 3258 3063 worden war, den
1085 3013 2838 3066 vornehmen Kaffeehäusern der Innern Stadt, und Strompreise durch die Gemeinde Wien
189 3023 1055 3076 günstig. Die Politik machte allzusehr Kon
2871 3040 3231 3106 gestern, Dienstag,
1088 3053 2841 3116 im wesentlichen genau so wie draußen in den schärfster Einspruch erhoben wird. Der gleiche
179 3066 1055 3122 kurrenz. Es gab verschiedene Vereine, Rede
2864 3083 3268 3136 Schichten wieder ein
1078 3093 2835 3185 kleinen Cafés, die das Lied besingt und die Protest wurde an Bürgermeister Seitz ge
185 3109 1058 3162 und Debattierklubs, und so entfremdete man
2864 3122 3245 3198 allerdings erbittert
1078 3142 2100 3188 noch heute etwas von der Ursprünglichkeit richtet.
192 3152 1055 3212 sich allmählich dem Mokka, zu dem die Wiener
2864 3162 3218 3228 ihnen so geringe
1078 3185 1945 3231 vergangener Tage an sich haben. Ein Viertel¬
2057 3159 2835 3245 Die Hauptleitung der Reichsorgani¬
185 3195 1058 3248 erst wieder in ruhigeren Tagen zurückfanden.
2868 3182 3261 3278 und diese Unzufried¬
1088 3228 1948 3281 jahrtausend ist ins Land gezogen, seitdem Kol¬
1981 3231 2841 3288 sation der Kaufleute Oesterreichs er¬
185 3241 1058 3298 Damals kam ein tüchtiger Kaffeesieder auf jenes
2874 3251 3261 3304 führt, daß neuerli¬
1082 3274 2835 3344 schitzky seinen ersten Schank auf zwei Fässern klärt, daß die geplante Erhöhung untrag
189 3288 1055 3337 alte Mittel zurück, das schon Cramer so erfolg¬
2868 3298 2983 3347 wurde
3050 3294 3265 3350 den Str
1085 3314 2143 3370 und einem Holzbrett errichtete, aber immer har ist.
185 3327 1058 3377 reich angewandt hatte. Auch Griensteidl in der
2864 3317 3228 3403 Das Fohnsdorfer
1088 3360 1945 3407 noch ist für keine zweite Stadt das Kaffeehaus¬
2047 3337 2835 3420 Der Gremialrat der Wiener
185 3370 1052 3420 Schauflergasse schaffte die meisten in= und
2861 3377 3175 3436 weiter stillgelegt
1085 3400 1942 3450 leben so typisch, wie für das Capua der Geister
1965 3384 2831 3463 Kaufmannschaft beschloß, bei der
182 3410 1055 3460 ausländischen Zeitungen an und zog so die ge¬
2947 3420 3228 3483 Der Streik in
1088 3443 1945 3489 so daß ein künftiger Chronist wohl mit vollem
182 3453 1055 3506 bildete Welt von Wien in sein Lokal. Da sal
1968 3453 3205 3509 Wiener Gemeindeverwaltung gegen die neuer verändert weiter
1088 3483 3261 3552 Recht eine Geschichte der Entwicklung seit 1683 lichen Belastungen der Wirtschaft Protest zu riesigen Kohlenplätzen
185 3496 1058 3546 man den Burgtheaterdirektor und Dichter
1085 3539 3255 3595 nicht mit „Das Kaffeehaus in Wien“, sondern erheben. Ganz untragbar ist besonders die be¬ nach Hause geschickt
185 3542 1058 3592 Adolf Wilbrandt, den großen Mimen Ernst
185 3585 1813 3658 Hartmann, später Hermann Bahr, der nach „Wien im Kaffeehaus" betiteln könnte.
1965 3585 2831 3648 absichtigte Erhöhung der Preise für elektrischen
2854 3592 3222 3642 Donawitz mit
192 3628 1065 3694 langen Reisen hier sich eingefunden hatte und
1508 3622 1912 3704 Otto Zausmer.
1965 3628 3255 3698 Strom und für Gas. Die Erhöhung des sorgt werden konnte.
