3392 4352
119 316 974 410 13. Miscellaneous
1161 313 1587 410 box 44/6
131 766 394 872 VER
101 829 352 917 zessioniertes
104 902 374 965 gs-Ausschnitte
106 953 297 1030 ELE 1
106 1019 239 1073 3-0-43
1285 1517 3054 1584 wenn die anderen noch in Ungewißheit seiner Empfindung zugute. So ist es selbst¬
1294 1575 2159 1618 zweifelten. Die absolute Treffsicherheit seines
2188 1582 3061 1629 verständlich, daß keine Zeile dieses Mannes
1289 1618 2155 1670 Urteils, das tausendmal recht behalten hat
2191 1620 3056 1672 langweilig sein kann. Daß selbst dort, wo die
1291 1661 2166 1715 ist die ungewöhnliche Gabe seines kritischen
2193 1663 3054 1720 äußere Spannung fehlt, eine innere fesselt,
1298 1708 2164 1760 Empfindens. Dabei ist er ein vorbildlicher
2191 1706 3056 1776 die auch skeptische Leser seinen Romanen zu¬
1291 1749 2152 1801 Kritiker: ihn haben niemals Neid und Miß¬
2200 1749 2448 1814 führen sollte.
1294 1792 2164 1853 laune geleitet, sondern stets aufbauende
2249 1762 3058 1853 Vor einem Jahrzehnt ließ Bahr ein tref¬
1289 1835 1411 1891 Liebe.
2200 1821 3056 1891 fendes literarisches „Selbstbildnis“ erscheinen.
1355 1855 2155 1927 Literarisch anspruchsvoll und proble¬
2193 1884 3054 1929 In diesem Buch ist neben einer interessanten
1291 1927 3054 1977 matisch hat Bahr mit heißumstrittenen Schilderung seiner äußeren und inneren Ent¬
1291 1968 2159 2013 Bühnenwerken begonnen und ist nicht ver¬
2193 1963 3063 2022 wicklung ein Bild von dem literarischen
1294 2013 2159 2064 flacht, sondern zu brauchbaren bedeutungs¬
2186 2015 3052 2073 Leben vor und nach der Jahrhundertwende
1291 2053 2159 2103 vollen Lustspielen herangereift. Diese sind
2186 2055 2393 2121 entworfen.
1289 2096 2161 2146 wesentlicher und gehaltreicher, als sie er¬
2249 2067 3058 2155 Seit etwa zehn Jahren ist es nun um
288 2091 367 2186 ten
1300 2143 2161 2191 scheinen. Ueber die übliche Marktware ragen
2191 2139 3056 2197 Bahr merkwürdig still geworden. Die Ar¬
1294 2186 3056 2240 sie durch den inneren Gehalt weit hinaus beiten dieser Zeit fanden nicht den rechten
1289 2233 2166 2283 Wenn beispielsweise im „Prinzip der Doktor
2191 2233 3058 2294 Widerhall. Wenige kennen den Roman „Der
1291 2274 2157 2324 Friedrich Esch, der bekennende Optimist, in
2191 2274 3063 2328 inwendige Garten". Ebenso blieben seine
1291 2319 2150 2369 tiefem Widerspruch zu dem cholerischen Rea¬
2184 2319 3056 2369 unter dem Titel „Der Zauberstab zusammen¬
1282 2362 2159 2414 listen Krüger der psychischen Entwicklung
2195 2369 3054 2416 gefaßten inhaltsreichen Tagebücher aus den
1294 2407 2155 2461 seiner Kinder die freieste Bahn läßt, so wird
2191 2407 3058 2463 Jahren 1924 bis 1926 weniger beachtet. Ein
665 2414 994 2486 Hermann Bahr.
1294 2452 3056 2506 eben damit in scheinbar spielerischer Form, neueres Lustspiel „Die Tante" zeigt den ge¬
286 2488 367 2547 te
453 2470 1264 2540 In den mannigfaltigsten kritischen Stu¬
1294 2499 3056 2556 aber doch die ganze Tiefe des Problems wandten Komödiendichter von seiner liebens¬
279 2531 361 2587 3
392 2533 2159 2587 dien hat Bahr im Laufe der Jahre die wesent- durchleuchtend, die Frage behandelt, ob eine
2191 2542 2538 2601 würdigsten Seite.
264 2572 370 2626 cken,
401 2578 1267 2630 lichsten Erscheinungen der künstlerischen Welt
1291 2583 2155 2637 vollwertige Erziehung unter Berücksichtigung
2256 2567 3047 2646 Ueber mancher vergänglichen Tages¬
259 2623 1262 2671 mann an sich vorüberziehen lassen und ihnen ihr
1291 2626 2152 2680 weitester Willensfreiheit der Zöglinge mög¬
2184 2621 3054 2673 erscheinung sollte der feinkünstlerische, frucht¬
277 2659 367 2711 aber
399 2668 1260 2714 charakteristischestes Merkmal scharfängig ab¬
1291 2668 3054 2716 lich sei. Und wenn im „Konzert“, dem erfolg= bare, vielseitige Künstler und Literaturwissen¬
277 2704 367 2759 schen
399 2707 1264 2768 gesehen. Ibsen, Schnitzler, Hofmannsthal,
1294 2711 2161 2756 reichsten Lustspiel des Dichters, rein äußer¬
2191 2707 3063 2783 schaftler Hermann Bahr nicht völlig vergessen
264 2750 372 2799 und
399 2747 1260 2806 Maeterlinck, Verlaine, Hugo Wolf, die Duse,
1291 2756 2152 2806 lich wohl nichts als eine oberflächliche Lust¬
2186 2761 2353 2822 werden.
250 2786 372 2844 were
401 2795 1260 2844 Girardi und Kainz: eine unübersehbare
1294 2795 2170 2856 spielhandlung durchgeführt wird, so ist den¬
243 2842 1255 2889 ran ist Reihe hochragender Gestalten passiert Revue
1289 2846 2159 2896 noch gleichzeitig eine treffende Charakteristik
243 2880 1260 2946 reichsten und Bahr erfühlt den besonderen Herzschlag
1291 2889 2161 2939 urwienerischen und österreichischen Wesens
397 2923 1258 2986 jedes einzelnen mit einer Einfühlungskraft
1289 2934 2155 2986 der Vorkriegszeit gegeben, wie sie eine lang¬
399 2977 1260 3020 ohne gleichen. Allen Namen und Dingen, von
1291 2973 2152 3025 atmige psychologische Untersuchung nicht deut¬
234 2973 361 3034 wie im
399 3016 1260 3065 denen in seinen Schriften zu lesen steht, ist der
1294 3020 2155 3065 licher zu erhellen vermöchte. Bahrs Formen
243 3020 363 3072 ihre
397 3058 1255 3115 Rang gehörig, den Bahr ihnen zuteilt. Aber
1300 3065 2159 3117 sind elegant, beschwingt und gefällig. Er ist
243 3067 361 3124 ignisse
392 3106 1262 3160 als sie diesen später erreichten Rang noch
1291 3103 2152 3176 der Apostel und Prophet (auch in seiner
219 3110 365 3164 fel und
397 3148 1255 3205 nicht innehatten, wußte er bereits, fast wie
1289 3151 2155 3205 äußeren Erscheinung) des Salons. Sein
194 3151 363 3209 dert Jah¬
399 3194 2159 3245 ein Prophet, um ihre Größe mit unfehlbarer ethischer und individueller Gehalt ist von
146 3194 370 3254 tel dieser
156 3239 1260 3288 nur in das Gewißheit. Das ist das Auszeichnende, das
1291 3234 1886 3311 philosophischer Eindringlichkeit.
1355 3275 2152 3333 Dem Romandichter kommen die Uni¬
399 3279 1264 3333 Bahr über andere Kritiker und Essayisten
149 3281 361 3345 zu schauen,
392 3327 2152 3383 hinaushebt: er hat die Qualität eines schöpfe versalität seines Wissens, der große, weite
110 3329 367 3405 dieser Zeit er¬
376 3351 2184 3446 rischen Geistes immer schon dann erkannt, Bezirk seiner Erfahrung, die starke Kraft
