3392 4352
174 247 1036 360 13. Miscellaneous
1227 251 1654 349 box 44/6
995 717 1203 802 Extrait de :
1002 796 1173 876 Adresse:
1225 815 1442 895 LE JOUR
1810 807 2012 882 OVEMBRE
1008 856 1648 988 Die Aende¬
1218 928 1654 1017 Champs-Ely¬
1014 982 1158 1047 Signé :
1771 976 2487 1156 DEMEURE
1090 1027 1659 1168 VIENNE
1791 1123 2456 1236 ville d'amour
1097 1145 1760 1272 ville de rêve,
1958 1225 2447 1329 par Lou THOMAS
1799 1348 2491 1427 reconnait quelque chose d'intellec¬
1099 1351 1734 1433 DE NOTRE ENVOYE SPÉCIAL
1093 1409 2495 1478 Dans un café, à trois heures de tuel, de bourges, les cheveux en
1806 1446 2499 1513 désordre sont pénés à l'artiste: les
1054 1453 1765 1524 l'après-midi, en semaine, trois mes
1052 1483 2497 1565 sieurs jouent au tarok. Neuf autres « pattes des fayris ont été taillées,
1810 1544 2144 1609 il y a des jours...
1103 1548 1385 1615 nen
1099 1583 1780 1665 Chômeurs intellectuels, sans doute.
1843 1565 2499 1643 Ruine, mystère. Cette classe bour¬
1806 1634 2504 1698 geoise a certes et d’une imprudence
1806 1689 2508 1741 énorme; il lui arrie souvent de com¬
1088 1676 1776 1741 Sur un banc du Ring, 10 novem-
1814 1726 2510 1782 prendre trop tard es événements, de
1054 1724 1776 1784 bre après-midi : un homme, jeune
1054 1758 2515 1836 encore, le visage émacié et sale, des ne pas s'adapterassez vite, de ne
1530 3200 2096 3282 Palais de Justice de Vienne
1069 3252 2547 3334 restes de godasses aux pieds, si avarien prévoir, de manquer de saga¬
1069 3313 2554 3382 chies qu'elles pendent comme des cité, de flair, parfois de jugement...
1077 3365 2541 3428 pantoules, drapé dans un pardessus Ses fautes n'étaient cependant pas
1067 3399 2550 3466 qui fut neuf il y a dix ans, dort, la des crimes. En un sens, elle n'avait
1828 3447 2547 3527 pas mérité ce calvaire : elle croyait
1067 3456 1595 3519 tête penchée sur l’épaule.
1116 3480 2027 3551 Les promeneurs défilent, sans le bien agir...
1864 3510 2545 3584 La leçon est là, cependant: en ce
1067 3540 1476 3592 regarder: habitude...
1116 3577 2545 3636 Je me suis arrêté; j'étudie ce vi¬ monde, on ne garde que les biens
1830 3622 2545 3675 qu'on défend. Et il faut risquer sa
1078 3620 1793 3690 gage obscurci par le sommeil, appa¬
1054 3659 2547 3729 ri, dégoûtant... Sous la crasse, on vie pour ne pas perdre les raisons
1845 3807 2575 3894 que l'on pouvait avoir de vivre et de
1845 3846 2118 3909 croire à la vie
1879 3881 2556 3984 L'erreur qu'on croyait légère amé¬
1836 3924 2378 4011 ne vite des suites horribles.
2088 3982 2278 4067 E
1867 4017 2550 4123 Dans un bureau gouvernemental
1817 4063 2537 4169 où j'ai rendez-vous à midi, un fonc¬
1825 4130 2556 4197 tionnaire, d'ailleurs important, trouve
