3344 4352
147 272 994 387 13. Miscellaneous
1179 285 1610 380 box 44/6
691 798 887 859 Seite 2
1696 807 1809 879 Lei¬
515 894 1791 973 eines Fanatikers ausgeliefert." ruft sie pathetisch. Das
514 943 1789 1016 ist schließlich das Leben jedes Mannes, der eine Rolle in der
510 996 1789 1060 Oeffentlichkeit spielt — was Herr Einstein nicht einmal nötig
512 1039 1789 1105 gehabt hätte. Aber müßte das im Falle Einstein so, wie ihn
514 1087 1783 1147 die aufgeregte Phantasie von Ellen Wilkinson sieht, durchaus
509 1131 1786 1194 ein nationaler Fanatiker sein? Die folgenden Sätze scheinen
514 1175 1788 1238 uns doch eine unverantwortlich deutliche Einladung an eine ganz
514 1220 1788 1281 andere Stelle zu enthalten. Wenn zunächst „die Ermordung
512 1253 1788 1340 Einsteins" als ein zweiter Lusitania=Fall an die Wand gemalt
515 1302 1788 1365 wird, so darf die Frage aufgeworfen werden: wem die Torpe¬
512 1345 1780 1406 dierung der Lusitania — die bekanntlich vor ihrer Ausreise von
509 1388 1780 1457 deutscher Seite gewarnt worden war — eigentlich so wundervoll
512 1434 1783 1513 in den Kram gepaßt hat, daß es fast aussah, als sei sie die
514 1477 1409 1531 Erfüllung eines innigen Wunsches geworden?
596 1523 1781 1582 Sollte sich etwa ein ähnlicher Wunsch im letzten Satz des
502 1552 1778 1628 Artikels verbergen, der wörtlich also lautet: „Die Welt würde
502 1622 1778 1684 nicht nur die Hand verantwortlich machen, die den Drücker ab¬
515 1664 1776 1717 gezogen hätte, sondern die Männer in hohen Stellungen, hinter
515 1712 1781 1760 jener Hand, die ihre Macht und ihren ungeheuren Einfluß nicht
507 1748 1766 1804 dazu ausgewandt hätten, solch eine Tat unmöglich zu machen.
497 1796 1776 1849 Liest sich das nicht schon beinahe wie eine Einladung an
507 1832 1776 1890 den bolschewistischen Kommunismus, seinem Tod¬
514 1873 1776 1938 feinde, dem deutschen Nationalsozialismus eins zu versetzen?
504 1923 1776 1984 Dasselbe England, das jetzt so emsig dabei ist, den kommuni¬
507 1962 1775 2027 stischen Reichstags=Brandstifter rein zu waschen, würde ohne
504 2010 1780 2069 weiteres die Partei des Kommunismus ergreifen, falls einer seiner
497 2064 1715 2132 „Fanatiker — deren er immer gebrauchsfertig auf Lager hat
497 2104 1768 2160 es für nützlich hielte, Herrn Einstein aus der Mitte seiner Be¬
507 2138 896 2213 schützer abzuknallen.
581 2180 1778 2255 Was gilt den Jüngern Lenins ein Menschenleben? Auch
504 2232 1775 2290 „der beste Kopf der Welt“ gilt ihnen nichts, wenn sie glauben,
502 2275 1771 2341 durch einen Mord an ihm die Weltrevolution“ vorwärts treiben
500 2325 1775 2376 zu können. Das weiß jedes politische Waisenkind. Neu aber ist
500 2366 1771 2422 die Unbekümmertheit, womit ein englisches Blatt von zwei
500 2408 1771 2471 Millionen Auflage dem skrupellosen Bolschewismus glaubt einen
504 2453 1770 2511 Tip geben zu müssen. Ob Ellen Wilkinson ein ahnungsloser
497 2494 1789 2563 Engel oder selbst eine überzeugte Anhängerin Lenins ist, wissen
504 2545 1768 2596 wir nicht, würden uns aber nicht wundern, wenn sich das
504 2585 1766 2639 Letztere herausstellte. Einstein aber, wenn er auf dieser mangel¬
504 2624 1771 2687 haften Erde nur halb so gut Bescheid wüßte, wie auf den Wolken¬
504 2674 1778 2738 höhen der Mathematik, würde sich doch vielleicht sagen: Gott
504 2716 1734 2779 behüte mich vor meinen Freunden — meine Feinde werden si
497 2771 1674 2843 um mich schon nicht kümmern, solange ich ihr Land meide.
482 2909 1806 2998 Tatkräftige Mithilfe aller Bevölkerungskreise erford
496 3064 1794 3187 Anerbittlicher Kampf geg
576 3225 1768 3279 Der Kampf gegen das Bettelunwesen wird, wie unsere Berliner
496 3273 1763 3316 Schriftleitung erfährt, von der Reichsregierung mit aller Energie fort¬
496 3306 1766 3355 gesetzt weden. Dieser Kampf nimmt mit dem großen Winterhilfepro¬
497 3348 1766 3391 gramm eine besondere Bedeutung an, denn es kommt jetzt darauf an,
492 3386 1768 3439 daß die Mittel, die zur Linderung der Not zur Verfügung stehen, nicht
492 3427 1763 3474 auf unkontrollierbare Weise an Unwürdige gegeben und in völlig ver¬
507 3465 1766 3515 sehlte Kanäle geleitet werden. Hierbei bedarf es vor
496 3500 1763 3548 allem einer tratkräftigen Mithilfe des Publikums. Almosen
492 3546 1766 3582 an Bettler werden meist aus Gedankenlosigkeit gegeben oder aus
489 3581 1766 3625 Bejuemlichkeit, um auf leichte Weise den Bettler auf der Straße oder
489 3622 1768 3665 an der Haustür loszuwerden. Die Bevölkerung muß sich aber end¬
489 3660 1763 3707 lich klar darüber werden, daß die Summen, die sie an Bettler gibt,
496 3693 1771 3739 in weilaus den meisten Fällen nicht wirklich Notleidenden, sondern
489 3734 1771 3780 Berufsbettlern zufließen, die sich geschickt der Betreuung durch die
492 3772 1783 3826 Wohlfahrtspflege oder Fürsorge zu entziehen wissen, weil sie durch
492 3809 1768 3857 die Bettelei höhere Einnahmen haben. Es ist festgestellt worden,
482 3847 1760 3903 daß so mancher Bettler täglich auf eine Einnahme von 10 bis 20 Mark
481 3892 1766 3939 kommt. Die Bevölkerung muß sich ferner dessen bewußt werden, daß
489 3933 1760 3984 sie mit der Unterstützung der Berufsbettler nur allzu oft verbrecherische
492 3972 1763 4020 Naturen, Arbeitsscheue, Trinker und Betrüger unterstützt. Den Berufs¬
486 4015 1760 4060 bettlern fehlt im allgemeinen der Wille, sich grundlegend helfen zu
481 4051 1760 4104 lassen. Er kann und will nicht mehr arbeiten. Betteln ist für ihn
482 4088 1760 4145 zum Berufe geworden. Solche Naturen dürfen von der Bevölkerung
489 4129 1760 4186 unter keinen Umständen mehr durch allzu willfähriges Almosengeben
497 4168 1766 4229 gestützt werden; vielmehr müssen alle diese, wenn im einzelnen auch
