3392 4352
111 248 978 374 13. Miscellaneous
1156 256 1583 363 box 44/6
126 934 393 1041 VER
93 990 360 1090 zessioniertes
96 1064 397 1153 gs-Ausschnitte
89 1130 322 1201 ZEILE 11
93 1190 256 1249 23-0-43
93 1394 423 1486 kszeitung.
96 1475 434 1568 sept, 1933.
2187 1746 3061 1798 Geschäft ging gut, fast ebensogut wie bei dem
85 1757 378 1861 behaus.
1297 1757 3061 1846 waren aber ursprünglich nicht Kellner, nicht Nachfolger, der dem Cramerschen Lokal an¬
404 1798 1271 1853 Gewölbe glich weit eher einem alten Burg
2194 1835 3072 1905 fangs des neunzehnten Jahrhunderts den
1301 1835 2168 1898 jene prunkvoll gekleideten Respektspersonen,
85 1842 1275 1901 en nach der zimmer. Auch die Einrichtung mit ihren
1297 1875 2435 1935 wie etwa vor einem und anderthalb Jahr¬ Rang ablief.
404 1879 1271 1957 graben, roh gezimmerten Tischen, die Be¬
93 1898 374 1953 gefahr, als die
1297 1927 2164 1983 hunderten, sondern Diener, die die Gut¬
404 1927 1271 1975 leuchtung durch Pecksackeln sowie das nich
2276 1905 3069 1990 Indessen war man nämlich — wie die
96 1938 374 2001 ran war, si¬
1297 1964 2164 2024 punkte der Billardspieler aufzuschreiben
404 1964 1271 2020 immer sehr vornehme Publikum des Lokal¬
2194 1957 3061 2027 schöne, reich bebilderte und interessante, von
96 1975 378 2038 en der letzten
1297 2012 2164 2061 hatten, und erst allmählich wandelte der
397 2009 1275 2064 hoben den düsteren, unfreundlichen Eindruck
2190 2016 3061 2072 Ludwig Viktor Ecker zusammengestellte Fest¬
85 2027 382 2087 an allenthalben
404 2050 2168 2105 keineswegs. Erst später wurde es bei Name seine Bedeutung, wie überhaupt das
2190 2064 3065 2116 schrift des Gremiums der Kaffeehausbesitzer in
130 2072 378 2127 Kirchweih
404 2094 2161 2153 Kolschitzky gemütlicher, und da kamen dann Kaffeehaus von einst seinen Zweck und sein
2190 2105 3058 2161 Wien erzählt — minder bescheiden geworden
100 2113 374 2179 Gelegenheiten
404 2150 1512 2205 auch nicht selten Graf Starhemberg, Prinz Bedeutung.
2187 2153 3054 2209 und wollte nicht bloß Kaffee trinken, Neuig¬
89 2150 374 2227 strömten, einer
404 2187 1275 2235 Eugen und wohlhabende Bürger zu Besuch
2190 2190 3065 2246 keiten hören und ein wenig plaudern, sondern
1364 2176 2164 2257 War man früher gekommen, um den
96 2205 378 2265 hen, der zwe¬
486 2227 1271 2279 sein zweites Kaffeehaus „zur Blauen
2198 2242 3065 2290 für diese Unterhaltung auch einen besseren,
1301 2242 2094 2294 schwarzen Trank halb wider Willen
111 2242 389 2309 sie ein Brett
411 2268 1268 2324 Flasche" (Stock=im=Eisen=Platz 6). Er serviert
1305 2287 3061 2339 schlürfen, hatte man später gern Kolschitzkys prunkvolleren Rahmen vorfinden, und zumal
93 2287 378 2350 in eine Pfanne
404 2309 1271 2365 den Kaffee im Mörser gestoßen, gekocht und
1297 2324 3072 2383 Erzählungen seiner Heldentaten während der wirkte sich hier aus, was man aus der Haupt¬
107 2331 374 2394 Herd bildete
404 2357 1271 2409 mit Milch geweißt, plauderte gern mit der
2198 2372 3069 2420 stadt Frankreichs, aus Paris, von dem Luxus
93 2365 378 2435 fuß ein blauen
404 2368 2164 2479 Gästen, die er selbst und seine Gattin Ursula Belagerung gelauscht, so vernahm man bald
1293 2409 3061 2476 auch wieder mit Vergnügen andre Neuigkeiten, der dortigen Gaststätten hörte. Deshalb er¬
89 2416 367 2479 m Wasser, un
404 2446 597 2517 bedienten.
85 2465 382 2528 Fürke in kleinen
482 2454 3065 2535 Etliche Jahre später übersiedelte der allmählich trafen einander die Kuriere, und richtete denn Ignaz Neuner im ersten Stock
2183 2502 3054 2554 des Hauses Plankengasse 1063 (heute Neue¬
159 2505 382 2572 die er dem
404 2502 2161 2594 Pole neuerlich. Endlich war sein Wunsch in damit waren die Kaffeehäuser zur Zentral¬
1297 2542 3058 2605 des lokalen und internationalen Tratsches ge= Markt 12) eine Gaststätte, die wegen ihres
100 2546 378 2609 andot. Dann
408 2568 1275 2628 Erfüllung gegangen, er durfte ein Grundstück
252 2591 385 2650 Allah!
404 2591 3054 2665 am Untern Werd in der Gegend der späteren worden. Von diesen Kurieren bezogen die Prunks den Namen das „Silberne Kaffee¬
2183 2635 3054 2706 haus" erhielt. Sie bildete lange den Treffpunkt
1297 2635 2157 2691 ersten Zeitungen mancherlei Nachrichten, ge
85 2639 378 2694 ffee, nur einen
397 2661 1271 2717 Ferdinandsbrücke sein Eigen nennen. Da gal
2183 2680 3054 2732 der Wiener berühmtesten Literaten und
1297 2676 2157 2732 legentlich stammten die Neuigkeiten wohl über
78 2683 360 2750 Suppe Kaffeel
400 2698 1271 2757 es denn nun bald reges Leben, das zur Nach¬
2183 2717 3058 2776 Künstler, und es wäre eine lohnende Aufgabe,
100 2728 378 2780 Neuheit nich
400 2720 2161 2798 ahmung reizte, und es tauchten Konkurrenten haupt aus dem Kaffeehaus, und da man sich
85 2769 371 2832 der orientalisch
400 2765 3054 2839 auf. Die waren aber weit weniger berühmt nun einmal gewöhnt hatte, hier bei einer einmal eine Zusammenstellung der Be¬
1297 2809 3054 2869 Schale Schwarzen oder Weißen vieles schreibungen des Lebens und Treibens in der
89 2817 371 2865 erst als durch
397 2832 1275 2887 als Kolschitzky und seine Nachfolger, die später
1290 2850 3054 2909 aus der Welt zu erfahren, die Neuig Plankengasse aus den Memoiren berühmter
82 2854 378 2921 einem Brigitta
404 2872 1271 2928 am Anfang der Jägerzeile in der Leopoldstad
2187 2898 3058 2950 Wiener Persönlichkeiten zu sammeln. So hat
85 2902 378 2961 Gebräu — der
404 2898 2161 2995 ein schönes, großes Kaffeehaus mit Garten keiten der Politik, Literatur und des
2179 2943 3054 2987 uns zum Beispiel Ludwig August Frankl nicht
1293 2932 2079 2995 Theaters im Kaffeehaus zu hören,
93 2943 374 3009 andrer als de
404 2961 1271 3009 und schattigen Sitzplätzen errichteten. Un
85 2987 382 3047 aus der Be¬
404 2984 3054 3050 1700 gab es erst vier derartige Lokale in kam einer der Kaffeesieder des achtzehnten immer mit historischer Treue, aber ausführlich
2183 3032 3054 3102 und bildhaft das Lokal geschildert. Das erste
1305 3032 2161 3091 Jahrhunderts, Cramer, auf den Gedanken
93 3024 374 3091 er den bitteren
408 3043 1275 3095 Wien, und im nächsten halben Jahrhunder
1301 3076 3058 3128 seinem Lokal im Schlossergäßchen durch große Zimmer im ersten Stockwerk des
85 3072 378 3132 die Wiener di¬
404 3087 1271 3139 kamen nur sieben hinzu. Aber allmählich ent¬
2183 3113 3054 3169 Neunerschen Hauses war den Billardspielern
85 3113 378 3176 sager und sind
404 3110 2161 3180 wickelte sich das Gewerbe doch, wenn auch die das Auflegen verschiedener Zeitungen eine be¬
2183 3161 3058 3210 vorbehalten, das zweite war die Domäne der
1297 3154 2153 3210 sondere Note zu geben. So wurde denn da¬
89 3161 374 3239 nweg bis heut
397 3169 1275 3224 Konkurrenten keineswegs versuchten, einander
2183 3198 3054 3254 Schachspieler. Ein prunkvoller Damensalon,
1297 3198 2153 3254 Kaffeehaus im Schlossergäßchen bald ebens¬
404 3213 1271 3273 durch besondere Ausstattung ihrer Lokale zu
2183 3250 3054 3299 der nur durch eine Glaswand von den übrigen
82 3228 2157 3317 Kolschitzky im überbieten: weiß getünchte Wände, an denen berühmt wie Jahrzehnte später ein ande¬
1297 3295 3054 3347 Lokal in der gleichen Gasse, die Ludlamshöhle Räumen getrennt war und in dem nicht ge¬
408 3302 1275 3358 ringsum Bänke liefen — allerdings nicht
89 3310 382 3376 die Erfolge ein¬
2179 3336 3054 3380 raucht werden durfte, versammelte häufig Baron
119 3336 2153 3402 sich als nicht mehr roh gezimmerte, sondern schon ge¬ bei Vater Haidvogel. Aus nah und fern fand
1293 3376 3054 3432 man sich ein, um die Blätter zu lesen, und Zedlitz, Raimund, Johann Nepomuk Vogl,
100 3388 1179 3439 da bat er den polsterte und lederüberzogene Bänke
82 3417 3050 3495 Belohnung für schwere eichenhölzerne Tische, und ein Un= insbesondere die Schriftsteller, denen es an Witthauer, Braun v. Brauntal, Karajan, die
404 3465 3054 3528 geheuer stand in der Mitte des Raumes, das Geld gebrach, alle Zeitungen zu kaufen, trafen Maler Schwind und Danhauser, Feuchters¬
89 3476 382 3543 rend der Be¬
89 3506 3054 3580 „eine Brand=Billard. Es soll geradezu einer Kegelbahn an einander gern beim Cramer. So erlangte leben und Max Löwenthal, den Gatten von
2183 3554 3054 3606 Nikolaus Lenaus schöner Freundin. Bei den
85 3554 2153 3625 ren Erlös und Größe gleichgekommen sein. Zinnerne Wand das kleine Kaffeehaus unsern vom Stephans¬
2179 3595 3047 3647 Schachspielern kiebitzten gelegentlich Franz
82 3602 2157 3665 al im Bischofs leuchter trugen die zwei oder drei kläglichen platz eine Berühmtheit wie später nur ganz
85 3636 3047 3714 de. Dieses erste Unschlittkerzen, die abends mäßiges Licht ver¬ wenige andre Gaststätten der Stadt. Was das Grillparzer und Deinhardstein, und in einer
78 3680 3058 3791 alles eher denn breiteten, und es war Aufgabe des Markörs, Wichtigste für den klugen Wirt war, auch das Fensternische saß oft still, versonnen, allein
