3436 4352
136 345 301 429 13.
1164 348 1607 440 box 44/6
329 354 989 446 Miscellaneous
783 1384 1250 1496 SE
713 1420 1381 1548 Wien, I., Wollzeile Nr.
816 1507 1289 1621 Telefon 230.
830 1613 1365 1752 encore leur et
1103 1721 1223 1799 28.
1958 1799 2693 1872 Jan Fabricius, who are also known
1958 1855 2696 1911 abroad. These are regularly played and
476 1830 1894 1941 Dutch Claim High Degree
1958 1891 2317 1961 deservedly popular.
2164 1930 2479 2005 Leading Figures.
2000 1963 2693 2039 The through renovation of stage
546 1969 1941 2075 Of Dramatic, Musical Culture
1963 2027 2690 2075 management which has taken place dur¬
1969 2069 2696 2119 ing the last 30 years is due to the late
1963 2105 2699 2156 Dr. Willem Royaards, who has a follow¬
1972 2150 2699 2200 er in Euard Verkade. As actors of great
512 2122 1944 2200 THE HAGUE, June 27—The repertory the past, Shakespeare's entire work, with
465 2183 2699 2236 of the Dutch stage relies chiefly for its the exception of his king plays, has merit may be mentioned the late Louis
473 2220 2699 2284 supplies on the literary products of other been reproduced. Molières popularity is Boumeester, and Royaards; it is not
1225 2261 2707 2309 almost as old as his plays, excellent to hold to assume that they and others
473 2270 1198 2334 countries, no preference for any parti¬
1225 2300 1947 2351 translations of his comedies being fre¬
1969 2306 2701 2359 as Louis de Vries, Jan Musch and the
476 2306 1047 2373 cular country being noticeable.
1975 2339 2699 2392 acresses The Mann Boumeester
510 2339 1947 2401 Owing to a generally intelligent selec- quently given. The public is familia
1228 2381 2707 2431 with all Ibsen's plays and the same thing Boer van Rijk, Else Maus and
471 2395 1200 2445 tion by the theatrical managers, the
473 2412 1941 2501 public is conversant with everything of applies to the classic modern like Maeter
1975 2423 2696 2470 Tilly Lus would have achieved inter¬
1977 2459 2707 2515 national reputation if they had been
476 2459 1576 2523 interest dramatic art produces, either linck and Rostand
1264 2470 1955 2551 It should not be presumed, however
1980 2501 2707 2559 born in a country whose tongue is more
479 2512 1209 2554 classical or modern. The best plays, in
479 2537 1952 2596 some cases almost the whole work of that the abundant representation of for¬
1975 2543 2465 2596 widely known than Dutch
479 2576 1958 2640 modern playrights like Shaw, Piranin literature on the stage excludes
2011 2562 2718 2632 Notwithstanding the considerable
476 2618 2707 2662 dello, Schnitzler and Guitry, Monar Dutch works like those of Herman progress from an artistic point of view
485 2660 2713 2724 and we are given. As regards Heyermans, Frederic van Eeden and which the theatre has made in the last
1977 2701 2707 2763 quarter of the century, its material con¬
1980 2735 2715 2791 ditions leave much to be desired, partly
1983 2777 2710 2827 owing to the competition of the cinema
1975 2816 2710 2863 and wirtes, partly on account of the
1983 2857 2710 2905 disproportion between the number of
1983 2891 2718 2952 actors and that of the population an im¬
1986 2933 2718 2991 portant section of which keeps aloof
1983 2977 2721 3022 from the theatre on religious grounds.
1983 3005 2718 3072 Amsterdam alone counts five theatrical
1983 3047 2713 3105 companies for the season, The Hague
1980 3091 2715 3136 one, Rotterdam one, whereas several
1980 3130 2715 3172 traveling companies visit all the
1988 3164 2715 3222 provincial towns, including the smallest.
1980 3208 2715 3261 Efforts to bring about cooperation, also
1980 3245 2707 3300 with a view to improving the unsatisfac¬
1983 3286 2718 3331 lory economic conditions of the artists,
1980 3325 2718 3384 have not ben crowned with success. The
1980 3364 2718 3420 Dutch authorities have only within the
1980 3403 2710 3451 last few years subsidized the theatre
1986 3442 2721 3498 the Amsterdam municipality has granted
1986 3484 2721 3531 a not inconsiderable subsidy and The
1988 3523 2718 3584 Hague has followed suit, conditional to
1988 3562 2718 3609 a minimum number of performances
1988 3601 2718 3651 being given at reduced prices, these per¬
1988 3637 2729 3693 formances genrally drawing crowded
1988 3682 2727 3729 houses. It would seem that in the last
1997 3715 2721 3771 few years the stage has become the ob¬
1988 3760 2676 3838 ject of an increasing public interest.
