3344 4352
119 278 262 361 13.
304 267 967 372 Miscellaneous
1159 271 1588 370 box 44/6
496 744 1302 859 OBSERVER
577 824 1240 903 1. österr. behördl. konzessioniertes
546 877 1275 947 Unternehmen für Zeitungs-Ausschnitte
612 927 1200 1011 WIEN, I., WOLLZEILE 11
683 993 1134 1057 TELEPHON R-23-0-43
476 1095 826 1192 Ausschnitt aus
813 1156 1172 1280 Die Stunde,
795 1288 1037 1399 13. SE
465 1322 610 1418 vom
610 1524 1187 1667 Mischehen in
1218 1520 1892 1645 Künstlerkreisen
407 1667 2128 1740 Eine Reihe von Mischehen in Künstler-reinrassige Deutsche zur Frau. Max Rein¬
363 1720 2134 1775 kreisen, die bei der heutigen Konstellation hardt hat zwei Lebensgefährtinnen rein¬
368 1769 2134 1832 in Deutschland besonders interessieren, rassig deutscher Abstammung: Else Heims
368 1813 1711 1872 zählt I. von Ludwig in einem Artikel im und Helene Thimig.
370 1861 1240 1910 Prager Tagblatt“ auf. Ein paar von diesen
368 1896 1238 1973 Ehen sind bereits aus praktischen Gründen
368 1949 1242 2002 unter beiderseitigem freundschaftlichem
363 1989 1238 2035 Einverständnis getrennt worden, um eine
368 2033 1242 2081 wirtschaftliche Weiterexistenz des arischen
1509 2020 2253 2136 PICCOLOTRIES
368 2070 1242 2125 Teiles zu ermöglichen. In anderen Fällen ist
368 2119 1238 2169 der arische Ehepartner ostentativ zum Ju¬
363 2165 1238 2211 dentum übergetreten. Verheiratet waren
368 2202 1236 2258 oder sind: Thomas Mann mit Kaja
363 2249 1242 2299 Pringsheim, Heinrich Mann mit Mimi
1934 2185 2266 2354 7 SET. 1933
363 2295 1244 2343 Kahnova, der Schauspieler Albert
372 2343 1236 2388 Steinrück, eine urdeutsche markante
363 2383 1238 2434 Erscheinung, die in Filmarchiven noch weiter
370 2429 1238 2476 lebt, war mit Elisabeth Gußmann, der
1795 2410 2467 2509 Le operette viennes
368 2469 1238 2522 Schwester der Gattin Arthur Schnitzlers
368 2520 1238 2562 verheiratet, Frank Weekind mit der
1755 2487 2484 2592 Due appresentationi popolari
370 2557 1233 2612 Halbjüdin Tily News, von der es heißt,
1881 2562 2352 2641 al Politama Rossetti
363 2597 1238 2652 sie sei jetzt gleichgeschaltet. Der Münch¬
1793 2612 2484 2689 già il poltimo giorno di perma¬
361 2647 1244 2718 ner Theaterdirektor Stollberg hatte eine
1755 2667 2484 2713 nanza della pagni viennes d'ope-
1760 2709 2473 2760 jette la qual con la rappresentatione
1751 2747 2476 2791 di domani serprender congedo dal
1749 2777 2478 2839 pubblico. Le dierne rappresentationi
1751 2826 2469 2872 sono state fissate a prezzi popolari: ne
1749 2861 2473 2912 pomeriggio, alle 15.45, si darà l'ultima
1751 2905 2471 2956 replica dell'operetta La Dubarry, pro¬
1751 2940 2471 2993 tagonista la soprano Margarethe Cle¬
1740 2978 2471 3033 zak, e di sera, alle 20.45, si avrà una
1747 3020 2471 3064 esecuzione speciale dell'operetta di
1747 3055 2471 3106 Franz Lehar al pues del sorriso, che
1751 3097 2471 3150 sa data nell'originale testo desco,
1742 3139 2462 3185 protagonista il tenore Serge Abrano-
1747 3178 2462 3218 vich. Anche per questa esecuzione, che
1738 3209 2462 3282 avrà un attractiva particolare, vi è mol-
1738 3249 2022 3308 ta aspettativa.
1740 3257 2469 3346 eri sera La Dubarry ha richia¬
1738 3330 2462 3390 mato ancora l'interesse del pubblico e
1740 3365 2465 3423 gli applausi alla soprano Margarethe
1733 3414 2465 3458 Sleza, al tenore Payer, alla soubret¬
1740 3451 2454 3517 ten Natzer, Schnitzer, al Noderny,
1733 3487 2460 3533 al maestro late¬
1731 3524 2462 3577 cellenti secutori sono stati dopo ogni
1740 3561 2460 3617 quadro molto intensi e cordiali. Molto
1733 3605 2454 3654 ammirato lo farzo de costumi e applau¬
1731 3645 2451 3696 ditissime le brillanti danze della coppia
1731 3676 2095 3735 comica e delle girls.
1771 3707 2454 3766 Domani, alle 20.45, la Compagnia si
1722 3768 2458 3810 congeder dal pubblico con una rappre¬
1731 3797 2451 3848 sentazione di particolare attractiva: la
1731 3841 2456 3890 serata in onore della soprano signora
1731 3876 2445 3929 Margarethe Szelak che si presenter per
1727 3920 2465 3978 l'ultima volta interprete dell'operetta
1725 3949 1991 4017 La barry.
