<?xml version="1.0" encoding="UTF-8" standalone="yes"?>
<PcGts xmlns="http://schema.primaresearch.org/PAGE/gts/pagecontent/2013-07-15" xmlns:xsi="http://www.w3.org/2001/XMLSchema-instance" xsi:schemaLocation="http://schema.primaresearch.org/PAGE/gts/pagecontent/2013-07-15 http://schema.primaresearch.org/PAGE/gts/pagecontent/2013-07-15/pagecontent.xsd">
    <Metadata>
        <Creator>prov=READ-COOP:name=PyLaia@TranskribusPlatform:version=2.12.1:model_id=39995:lm=provided:date=28_03_2024_22:57</Creator>
        <Created>2019-10-07T20:38:02.500+02:00</Created>
        <LastChange>2024-03-28T22:57:53.489+01:00</LastChange>
        <TranskribusMetadata docId="224461" pageId="9579164" pageNr="42" tsid="156412475" status="IN_PROGRESS" userId="40391" imgUrl="https://files.transkribus.eu/Get?id=YGJRXYAEMWTFHFUWHTSJDUEY&amp;fileType=view" xmlUrl="https://files.transkribus.eu/Get?id=DDEQDWMGVLVJAVSNSACTWSVS" imageId="6208313"/>
    </Metadata>
    <Page imageFilename="224461_0042.jpeg" imageWidth="3344" imageHeight="4352">
        <ReadingOrder>
            <OrderedGroup id="ro_1712662283639" caption="Regions reading order">
                <RegionRefIndexed index="0" regionRef="tr_1"/>
            </OrderedGroup>
        </ReadingOrder>
        <TextRegion orientation="0.0" id="tr_1" custom="readingOrder {index:0;}">
            <Coords points="119,339 119,3243 3092,3243 3092,339"/>
            <TextLine id="tr_1_tl_1" custom="readingOrder {index:0;}">
                <Coords points="148,382 301,359 374,414 527,388 1014,405 996,307 898,330 753,287 504,324 420,290 264,319 148,295"/>
                <Baseline points="164,361 206,364 249,364 291,367 334,367 377,367 419,369 462,366 505,366 547,367 590,367 633,367 675,367 718,367 761,367 803,367 846,368 889,371 931,370 974,372 1017,376"/>
                <TextEquiv>
                    <Unicode>13. Miscellaneous</Unicode>
                </TextEquiv>
            </TextLine>
            <TextLine id="tr_1_tl_2" custom="readingOrder {index:1;}">
                <Coords points="1179,379 1329,391 1376,371 1393,388 1613,400 1613,307 1544,304 1521,321 1503,304 1437,301 1387,333 1231,301 1179,310"/>
                <Baseline points="1196,370 1222,370 1249,370 1275,370 1302,370 1328,370 1355,370 1381,370 1408,372 1434,373 1461,373 1487,373 1514,373 1540,373 1567,372 1593,370 1620,370"/>
                <TextEquiv>
                    <Unicode>box 447</Unicode>
                </TextEquiv>
            </TextLine>
            <TextLine id="tr_1_tl_3" custom="readingOrder {index:2;}">
                <Coords points="122,1234 1845,1225 1845,1164 1767,1158 122,1150"/>
                <Baseline points="137,1220 222,1220 308,1220 394,1217 480,1217 566,1217 651,1214 737,1214 823,1214 909,1214 995,1214 1080,1214 1166,1214 1252,1214 1338,1213 1424,1214 1509,1217 1595,1216 1681,1214 1767,1214 1853,1211"/>
                <TextEquiv>
                    <Unicode>nderts Stehenden den es erschien 1901, nach schwerer Krankheit, aus Todes¬</Unicode>
                </TextEquiv>
            </TextLine>
            <TextLine id="tr_1_tl_4" custom="readingOrder {index:3;}">
                <Coords points="1877,1242 3044,1248 3067,1176 1874,1179"/>
                <Baseline points="1892,1223 1951,1220 2010,1220 2069,1220 2129,1221 2188,1223 2247,1223 2306,1224 2366,1228 2425,1229 2484,1229 2543,1229 2603,1232 2662,1232 2721,1234 2780,1232 2840,1233 2899,1235 2958,1235 3017,1235 3077,1235"/>
                <TextEquiv>
                    <Unicode>gesetzte: semper idem. Immer derselbe. Hat er nicht</Unicode>
                </TextEquiv>
            </TextLine>
            <TextLine id="tr_1_tl_5" custom="readingOrder {index:4;}">
                <Coords points="660,1277 1848,1266 1848,1225 1706,1216 660,1231"/>
                <Baseline points="677,1265 739,1262 801,1262 863,1262 925,1265 987,1262 1049,1263 1111,1263 1173,1262 1235,1262 1297,1265 1359,1262 1421,1264 1483,1265 1545,1262 1607,1262 1669,1265 1731,1265 1793,1262 1856,1265"/>
                <TextEquiv>
                    <Unicode>nähe der gläubige Katholik, der betende Bahr, der</Unicode>
                </TextEquiv>
            </TextLine>
            <TextLine id="tr_1_tl_6" custom="readingOrder {index:5;}">
                <Coords points="122,1277 197,1295 287,1269 316,1298 359,1271 628,1280 628,1225 576,1231 562,1216 458,1234 348,1222 313,1245 122,1225"/>
                <Baseline points="137,1268 163,1269 189,1271 215,1269 241,1268 268,1268 294,1269 320,1271 346,1269 372,1268 399,1268 425,1268 451,1268 477,1268 503,1268 530,1266 556,1265 582,1265 608,1265 635,1265"/>
                <TextEquiv>
                    <Unicode>haben. Hatte Richar</Unicode>
                </TextEquiv>
            </TextLine>
            <TextLine id="tr_1_tl_7" custom="readingOrder {index:6;}">
                <Coords points="1877,1283 3061,1298 3061,1245 2954,1237 1877,1240"/>
                <Baseline points="1892,1268 1950,1271 2009,1271 2067,1271 2126,1272 2185,1274 2243,1274 2302,1277 2361,1277 2419,1277 2478,1280 2537,1280 2595,1280 2654,1283 2713,1286 2771,1282 2830,1283 2889,1287 2947,1287 3006,1283 3065,1283"/>
                <TextEquiv>
                    <Unicode>auf tausend Umwegen den einen Weg zu Gott gesucht</Unicode>
                </TextEquiv>
            </TextLine>
            <TextLine id="tr_1_tl_8" custom="readingOrder {index:7;}">
                <Coords points="119,1341 1845,1321 1845,1269 1631,1263 119,1274"/>
                <Baseline points="134,1316 224,1319 314,1318 405,1316 495,1316 586,1315 676,1310 767,1310 857,1310 948,1310 1038,1310 1129,1313 1219,1311 1310,1312 1400,1310 1491,1310 1581,1310 1672,1312 1762,1312 1853,1310"/>
                <TextEquiv>
                    <Unicode>ch neue Zeitmaße den er immer gewesen ist, der „geborne Benediktiner", wie</Unicode>
                </TextEquiv>
            </TextLine>
            <TextLine id="tr_1_tl_9" custom="readingOrder {index:8;}">
                <Coords points="1972,1335 3073,1344 3044,1292 1972,1300"/>
                <Baseline points="1987,1325 2041,1322 2096,1323 2150,1325 2205,1325 2259,1325 2314,1325 2368,1326 2423,1328 2477,1331 2532,1331 2586,1331 2641,1331 2695,1333 2750,1331 2804,1332 2859,1334 2913,1336 2968,1337 3022,1337 3077,1334"/>
                <TextEquiv>
                    <Unicode>„Wenn die Menschen nur miteinander reden, dann</Unicode>
                </TextEquiv>
            </TextLine>
            <TextLine id="tr_1_tl_10" custom="readingOrder {index:9;}">
                <Coords points="122,1373 1856,1373 1856,1318 122,1321"/>
                <Baseline points="137,1367 223,1367 309,1367 395,1366 482,1364 568,1364 654,1360 740,1358 827,1358 913,1358 999,1359 1085,1358 1172,1358 1258,1358 1344,1358 1430,1358 1517,1361 1603,1361 1689,1361 1775,1359 1862,1361"/>
                <TextEquiv>
                    <Unicode>Weberschen Melodie er er sich selbst nannte. Während des Krieges zeigte sich</Unicode>
                </TextEquiv>
            </TextLine>
            <TextLine id="tr_1_tl_11" custom="readingOrder {index:10;}">
                <Coords points="1883,1379 3082,1410 3061,1344 1883,1315"/>
                <Baseline points="1898,1370 1957,1370 2016,1372 2076,1373 2135,1373 2195,1373 2254,1373 2313,1375 2373,1379 2432,1379 2492,1379 2551,1379 2610,1382 2670,1382 2729,1382 2789,1382 2848,1382 2907,1383 2967,1384 3026,1384 3086,1382"/>
                <TextEquiv>
                    <Unicode>reden sie das Mißverständnis aus der Welt," sagte</Unicode>
                </TextEquiv>
            </TextLine>
            <TextLine id="tr_1_tl_12" custom="readingOrder {index:11;}">
                <Coords points="122,1425 1851,1416 1851,1367 1633,1358 122,1373"/>
                <Baseline points="137,1417 223,1415 309,1414 395,1412 481,1411 567,1411 653,1410 739,1405 825,1407 911,1405 998,1406 1084,1408 1170,1408 1256,1405 1342,1405 1428,1407 1514,1408 1600,1408 1686,1405 1772,1405 1859,1411"/>
                <TextEquiv>
                    <Unicode>erschollenen Goethe mit auf dem Vortragspodium ein priesterlich=stiller Mann</Unicode>
                </TextEquiv>
            </TextLine>
            <TextLine id="tr_1_tl_13" custom="readingOrder {index:12;}">
                <Coords points="1885,1428 3070,1448 3070,1393 1883,1376"/>
                <Baseline points="1901,1414 1959,1418 2018,1420 2076,1423 2135,1423 2194,1423 2252,1423 2311,1426 2370,1426 2428,1426 2487,1426 2546,1430 2604,1432 2663,1429 2722,1432 2780,1432 2839,1432 2898,1432 2956,1434 3015,1435 3074,1438"/>
                <TextEquiv>
                    <Unicode>Bahr einmal während des Krieges. Seinem Urdrang,</Unicode>
                </TextEquiv>
            </TextLine>
            <TextLine id="tr_1_tl_14" custom="readingOrder {index:13;}">
                <Coords points="125,1471 1851,1463 1851,1419 1706,1410 125,1428"/>
                <Baseline points="140,1468 230,1466 320,1465 411,1462 501,1460 592,1459 682,1454 773,1455 863,1453 954,1454 1044,1453 1135,1455 1225,1454 1316,1453 1406,1454 1497,1455 1587,1456 1678,1456 1768,1455 1859,1453"/>
                <TextEquiv>
                    <Unicode>re, und man darf ihn der von Oesterreichs musischer Sendung mit dem</Unicode>
                </TextEquiv>
            </TextLine>
            <TextLine id="tr_1_tl_15" custom="readingOrder {index:14;}">
                <Coords points="1880,1486 3079,1497 3076,1448 2864,1431 1877,1437"/>
                <Baseline points="1895,1474 1954,1468 2013,1470 2073,1471 2132,1474 2192,1474 2251,1474 2310,1474 2370,1474 2429,1477 2489,1477 2548,1479 2607,1480 2667,1480 2726,1480 2786,1480 2845,1481 2904,1483 2964,1483 3023,1483 3083,1483"/>
                <TextEquiv>
                    <Unicode>zu reden und Mißverständnis zum Verständnis zu</Unicode>
                </TextEquiv>
            </TextLine>
            <TextLine id="tr_1_tl_16" custom="readingOrder {index:15;}">
                <Coords points="125,1523 1859,1509 1859,1466 1648,1454 125,1471"/>
                <Baseline points="140,1516 226,1516 312,1513 398,1512 485,1510 571,1507 657,1506 743,1501 830,1501 916,1501 1002,1504 1088,1501 1175,1503 1261,1501 1347,1501 1433,1502 1520,1501 1606,1504 1692,1504 1778,1504 1865,1501"/>
                <TextEquiv>
                    <Unicode>ktor J. W. v. Goethes gleichen Eifer sprach wie früher von dem entfesselten</Unicode>
                </TextEquiv>
            </TextLine>
            <TextLine id="tr_1_tl_17" custom="readingOrder {index:16;}">
                <Coords points="1885,1532 3076,1544 3076,1492 3001,1486 1885,1486"/>
                <Baseline points="1901,1522 1960,1517 2019,1521 2078,1522 2137,1523 2196,1523 2255,1522 2314,1525 2373,1525 2432,1525 2492,1528 2551,1528 2610,1528 2669,1531 2728,1528 2787,1530 2846,1531 2905,1532 2964,1532 3023,1531 3083,1528"/>
                <TextEquiv>
                    <Unicode>glätten, entsprangen viele seiner Romane und seiner</Unicode>
                </TextEquiv>
            </TextLine>
            <TextLine id="tr_1_tl_18" custom="readingOrder {index:17;}">
                <Coords points="657,1558 1856,1555 1813,1506 657,1509"/>
                <Baseline points="674,1549 733,1549 793,1549 852,1549 912,1549 971,1549 1031,1549 1090,1550 1150,1550 1209,1552 1269,1551 1329,1551 1388,1552 1448,1552 1507,1552 1567,1552 1626,1552 1686,1552 1745,1552 1805,1549 1865,1549"/>
                <TextEquiv>
                    <Unicode>Naturell der Duse. Noch klingt mir seine Stimme im</Unicode>
                </TextEquiv>
            </TextLine>
            <TextLine id="tr_1_tl_19" custom="readingOrder {index:18;}">
                <Coords points="1894,1578 3079,1587 3047,1535 1891,1523"/>
                <Baseline points="1910,1567 1968,1567 2027,1569 2085,1570 2144,1574 2203,1576 2261,1573 2320,1573 2379,1573 2437,1573 2496,1576 2555,1576 2613,1578 2672,1579 2731,1579 2789,1579 2848,1579 2907,1580 2965,1582 3024,1582 3083,1579"/>
                <TextEquiv>
                    <Unicode>Stücke: Das „Tschaperl und die „Wienerinnen", die</Unicode>
                </TextEquiv>
            </TextLine>
            <TextLine id="tr_1_tl_20" custom="readingOrder {index:19;}">
                <Coords points="660,1605 1851,1605 1851,1555 1796,1549 660,1555"/>
                <Baseline points="677,1599 736,1598 795,1596 854,1596 913,1596 972,1596 1031,1596 1090,1597 1149,1599 1208,1596 1268,1599 1327,1599 1386,1596 1445,1599 1504,1599 1563,1599 1622,1599 1681,1599 1740,1599 1799,1599 1859,1599"/>
                <TextEquiv>
                    <Unicode>Ohr: Ex Austria lux, aus Oesterreich kommt das Licht!</Unicode>
                </TextEquiv>
            </TextLine>
            <TextLine id="tr_1_tl_21" custom="readingOrder {index:20;}">
                <Coords points="125,1633 313,1639 423,1605 472,1642 524,1616 602,1628 634,1622 637,1544 579,1538 527,1570 495,1558 429,1576 127,1567"/>
                <Baseline points="140,1620 165,1619 190,1617 215,1618 240,1620 266,1618 291,1617 316,1617 341,1617 366,1617 392,1617 417,1617 442,1617 467,1617 492,1615 518,1614 543,1614 568,1613 593,1611 618,1610 644,1608"/>
                <TextEquiv>
                    <Unicode>Begebenheit Hermann</Unicode>
                </TextEquiv>
            </TextLine>
            <TextLine id="tr_1_tl_22" custom="readingOrder {index:21;}">
                <Coords points="1888,1628 3073,1636 3056,1587 1888,1581"/>
                <Baseline points="1904,1620 1962,1617 2021,1619 2080,1620 2139,1620 2198,1622 2256,1623 2315,1623 2374,1623 2433,1623 2492,1623 2550,1623 2609,1625 2668,1629 2727,1626 2786,1626 2844,1626 2903,1630 2962,1630 3021,1629 3080,1623"/>
                <TextEquiv>
                    <Unicode>„Sanna", der „Franzl" (ein Stelzhammer=Stück) und</Unicode>
                </TextEquiv>
            </TextLine>
            <TextLine id="tr_1_tl_23" custom="readingOrder {index:22;}">
                <Coords points="127,1680 1674,1668 1862,1660 1865,1607 127,1631"/>
                <Baseline points="143,1668 229,1668 315,1666 401,1665 488,1664 574,1662 660,1653 746,1647 833,1644 919,1647 1005,1647 1091,1647 1178,1647 1264,1647 1350,1645 1436,1646 1523,1648 1609,1647 1695,1649 1781,1647 1868,1644"/>
                <TextEquiv>
                    <Unicode>Erde eine Macht. Er hat was heute anmutet wie die Prophezeiung eines</Unicode>
                </TextEquiv>
            </TextLine>
            <TextLine id="tr_1_tl_24" custom="readingOrder {index:23;}">
                <Coords points="1897,1668 3085,1689 3067,1633 1897,1625"/>
                <Baseline points="1913,1665 1975,1668 2037,1668 2099,1671 2161,1669 2223,1671 2285,1672 2347,1674 2409,1674 2471,1674 2533,1674 2595,1674 2657,1674 2719,1674 2781,1675 2843,1677 2905,1677 2967,1677 3029,1677 3092,1674"/>
                <TextEquiv>
                    <Unicode>seine feinste Gabe: „Das Konzert." Mit Balzacschen</Unicode>
                </TextEquiv>
            </TextLine>
            <TextLine id="tr_1_tl_25" custom="readingOrder {index:24;}">
                <Coords points="666,1700 912,1700 912,1674 886,1674 869,1657 828,1660 802,1642 765,1654 733,1651 724,1660 710,1648 666,1654"/>
                <Baseline points="683,1695 709,1695 735,1695 761,1693 787,1693 814,1695 840,1693 866,1693 892,1696 919,1698"/>
                <TextEquiv>
                    <Unicode>Sehers.</Unicode>
                </TextEquiv>
            </TextLine>
            <TextLine id="tr_1_tl_26" custom="readingOrder {index:25;}">
                <Coords points="944,1700 1848,1700 1848,1657 1744,1645 1561,1674 944,1642"/>
                <Baseline points="961,1695 1005,1695 1050,1695 1095,1695 1140,1698 1184,1695 1229,1695 1274,1695 1319,1695 1363,1695 1408,1695 1453,1695 1498,1695 1542,1695 1587,1698 1632,1698 1677,1698 1721,1695 1766,1695 1811,1695 1856,1698"/>
                <TextEquiv>
                    <Unicode>Nach dem Kriege wurde er eine Zeitlan¬</Unicode>
                </TextEquiv>
            </TextLine>
            <TextLine id="tr_1_tl_27" custom="readingOrder {index:26;}">
                <Coords points="145,1735 246,1717 637,1717 637,1674 571,1660 533,1686 507,1671 452,1671 434,1689 345,1671 252,1689 217,1665 145,1686"/>
                <Baseline points="161,1716 186,1716 211,1716 237,1716 262,1715 288,1713 313,1713 338,1713 364,1713 389,1713 415,1713 440,1713 466,1713 491,1713 516,1713 542,1711 567,1710 593,1710 618,1711 644,1713"/>
                <TextEquiv>
                    <Unicode>und er war der erste</Unicode>
                </TextEquiv>
            </TextLine>
            <TextLine id="tr_1_tl_28" custom="readingOrder {index:27;}">
                <Coords points="1888,1726 3073,1738 3073,1683 1888,1674"/>
                <Baseline points="1904,1716 1962,1717 2021,1719 2080,1719 2139,1720 2198,1720 2256,1722 2315,1721 2374,1720 2433,1722 2492,1722 2550,1723 2609,1725 2668,1725 2727,1725 2786,1727 2844,1728 2903,1727 2962,1725 3021,1728 3080,1728"/>
                <TextEquiv>
                    <Unicode>Fleiß entwirft er die großen Romanfolgen: „Die Rahl,</Unicode>
                </TextEquiv>
            </TextLine>
            <TextLine id="tr_1_tl_29" custom="readingOrder {index:28;}">
                <Coords points="663,1749 1848,1755 1830,1703 663,1703"/>
                <Baseline points="680,1743 738,1743 797,1740 856,1742 915,1743 974,1742 1032,1744 1091,1746 1150,1740 1209,1742 1268,1743 1326,1740 1385,1742 1444,1740 1503,1743 1562,1743 1620,1743 1679,1743 1738,1743 1797,1743 1856,1740"/>
                <TextEquiv>
                    <Unicode>Leiter des Burgtheaters, und es dürfte nie einer</Unicode>
                </TextEquiv>
            </TextLine>
            <TextLine id="tr_1_tl_30" custom="readingOrder {index:29;}">
                <Coords points="119,1775 640,1770 640,1717 620,1715 119,1729"/>
                <Baseline points="134,1764 159,1761 185,1761 210,1761 236,1761 262,1761 287,1761 313,1761 339,1761 364,1761 390,1761 416,1761 441,1761 467,1761 493,1761 518,1761 544,1761 570,1760 595,1758 621,1758 647,1758"/>
                <TextEquiv>
                    <Unicode>t. Er schildert Wolf, wie</Unicode>
                </TextEquiv>
            </TextLine>
            <TextLine id="tr_1_tl_31" custom="readingOrder {index:30;}">
                <Coords points="1888,1773 3073,1781 3041,1726 1885,1723"/>
                <Baseline points="1904,1764 1962,1768 2021,1768 2080,1767 2139,1770 2198,1770 2256,1773 2315,1770 2374,1770 2433,1772 2492,1770 2550,1773 2609,1773 2668,1773 2727,1775 2786,1775 2844,1776 2903,1776 2962,1776 3021,1776 3080,1776"/>
                <TextEquiv>
                    <Unicode>die „Drut" und „Mensch“, und der Erzähler Bahr</Unicode>
                </TextEquiv>
            </TextLine>
            <TextLine id="tr_1_tl_32" custom="readingOrder {index:31;}">
                <Coords points="663,1810 1854,1801 1854,1755 1746,1744 1567,1773 663,1746"/>
                <Baseline points="680,1793 739,1790 798,1790 857,1790 916,1790 975,1790 1034,1790 1093,1790 1152,1790 1211,1790 1271,1790 1330,1790 1389,1789 1448,1789 1507,1790 1566,1792 1625,1790 1684,1793 1743,1790 1802,1788 1862,1787"/>
                <TextEquiv>
                    <Unicode>persönlich weniger bestrebten, sachlich anregenderen</Unicode>
                </TextEquiv>
            </TextLine>
            <TextLine id="tr_1_tl_33" custom="readingOrder {index:32;}">
                <Coords points="116,1819 209,1830 281,1813 321,1839 350,1813 640,1816 640,1770 588,1761 426,1767 405,1784 345,1767 116,1775"/>
                <Baseline points="131,1811 156,1811 182,1811 208,1811 234,1811 260,1811 285,1811 311,1811 337,1811 363,1809 389,1808 414,1808 440,1808 466,1808 492,1808 518,1808 543,1806 569,1805 595,1805 621,1805 647,1805"/>
                <TextEquiv>
                    <Unicode>rattnerhofes am frühen</Unicode>
                </TextEquiv>
            </TextLine>
            <TextLine id="tr_1_tl_34" custom="readingOrder {index:33;}">
                <Coords points="1891,1825 3079,1833 3079,1781 1891,1773"/>
                <Baseline points="1907,1814 1969,1817 2031,1817 2093,1817 2155,1820 2217,1817 2279,1820 2341,1820 2403,1820 2465,1820 2527,1823 2589,1823 2651,1823 2713,1823 2775,1823 2837,1823 2899,1826 2961,1823 3023,1826 3086,1823"/>
                <TextEquiv>
                    <Unicode>hat etwa in „Drut“ einen solchen Grad der artistischen</Unicode>
                </TextEquiv>
            </TextLine>
            <TextLine id="tr_1_tl_35" custom="readingOrder {index:34;}">
                <Coords points="663,1845 1854,1845 1854,1799 1793,1793 663,1799"/>
                <Baseline points="680,1838 739,1838 798,1838 857,1840 916,1841 975,1839 1034,1841 1093,1839 1152,1838 1211,1837 1271,1837 1330,1838 1389,1838 1448,1838 1507,1844 1566,1841 1625,1841 1684,1841 1743,1838 1802,1838 1862,1832"/>
                <TextEquiv>
                    <Unicode>Direktor gegeben haben. Es gehörte zu den schönsten</Unicode>
                </TextEquiv>
            </TextLine>
            <TextLine id="tr_1_tl_36" custom="readingOrder {index:35;}">
                <Coords points="119,1868 356,1862 385,1885 498,1856 640,1862 640,1816 348,1813 319,1839 284,1816 209,1830 119,1816"/>
                <Baseline points="134,1859 159,1859 185,1859 210,1859 236,1859 262,1859 287,1859 313,1857 339,1856 364,1858 390,1858 416,1856 441,1856 467,1856 493,1856 518,1856 544,1854 570,1853 595,1853 621,1850 647,1847"/>
                <TextEquiv>
                    <Unicode>en und „Drahn" heim¬</Unicode>
                </TextEquiv>
            </TextLine>
            <TextLine id="tr_1_tl_37" custom="readingOrder {index:36;}">
                <Coords points="1888,1877 3079,1885 3079,1836 3018,1830 1888,1825"/>
                <Baseline points="1904,1862 1963,1865 2022,1867 2081,1868 2140,1868 2199,1866 2258,1868 2317,1868 2376,1868 2435,1871 2495,1871 2554,1871 2613,1871 2672,1871 2731,1874 2790,1874 2849,1877 2908,1875 2967,1877 3026,1874 3086,1871"/>
                <TextEquiv>
                    <Unicode>Vollendung erreicht, daß die Anfangszeilen der</Unicode>
                </TextEquiv>
            </TextLine>
            <TextLine id="tr_1_tl_38" custom="readingOrder {index:37;}">
                <Coords points="666,1894 1851,1894 1851,1842 666,1848"/>
                <Baseline points="683,1886 741,1886 800,1884 859,1886 918,1886 977,1886 1035,1886 1094,1886 1153,1885 1212,1885 1271,1886 1329,1886 1388,1886 1447,1886 1506,1886 1565,1886 1623,1886 1682,1888 1741,1886 1800,1886 1859,1886"/>
                <TextEquiv>
                    <Unicode>und lehrreichsten Vorstellungen des Burgtheaters</Unicode>
                </TextEquiv>
            </TextLine>
            <TextLine id="tr_1_tl_39" custom="readingOrder {index:38;}">
                <Coords points="116,1917 226,1914 240,1932 284,1909 637,1912 637,1862 620,1859 498,1856 385,1883 356,1862 116,1868"/>
                <Baseline points="131,1907 156,1907 182,1907 207,1907 233,1907 259,1906 284,1904 310,1904 336,1904 361,1906 387,1906 413,1904 438,1904 464,1904 490,1904 515,1904 541,1902 567,1900 592,1898 618,1898 644,1898"/>
                <TextEquiv>
                    <Unicode>risch Verse aus Kleist¬</Unicode>
                </TextEquiv>
            </TextLine>
            <TextLine id="tr_1_tl_40" custom="readingOrder {index:39;}">
                <Coords points="1885,1926 3079,1929 3079,1883 3009,1877 1885,1877"/>
                <Baseline points="1901,1916 1960,1916 2019,1916 2078,1919 2138,1919 2197,1919 2256,1919 2315,1919 2375,1919 2434,1922 2493,1921 2552,1921 2612,1922 2671,1922 2730,1924 2789,1925 2849,1925 2908,1925 2967,1923 3026,1922 3086,1919"/>
                <TextEquiv>
                    <Unicode>einzelnen Romankapitel, hintereinander gelesen, den</Unicode>
                </TextEquiv>
            </TextLine>
            <TextLine id="tr_1_tl_41" custom="readingOrder {index:40;}">
                <Coords points="122,1972 1051,1932 1770,1955 1851,1940 1854,1894 122,1920"/>
                <Baseline points="137,1958 223,1957 309,1955 395,1954 481,1954 567,1949 653,1947 739,1934 825,1934 911,1934 998,1934 1084,1934 1170,1934 1256,1934 1342,1934 1428,1931 1514,1934 1600,1936 1686,1938 1772,1935 1859,1934"/>
                <TextEquiv>
                    <Unicode>hat in einem ans Okkulte wenn man Bahr in seinem Bureau besuchen, zu seiner</Unicode>
                </TextEquiv>
            </TextLine>
            <TextLine id="tr_1_tl_42" custom="readingOrder {index:41;}">
                <Coords points="1888,1972 3021,1990 3079,1984 3076,1929 1885,1929"/>
                <Baseline points="1904,1964 1963,1965 2022,1967 2081,1970 2140,1970 2199,1970 2258,1970 2317,1970 2376,1970 2435,1967 2495,1970 2554,1970 2613,1970 2672,1970 2731,1972 2790,1970 2849,1973 2908,1974 2967,1972 3026,1970 3086,1967"/>
                <TextEquiv>
                    <Unicode>vollständigen Inhalt des Romans ergeben.... Be¬</Unicode>
                </TextEquiv>
            </TextLine>
            <TextLine id="tr_1_tl_43" custom="readingOrder {index:42;}">
                <Coords points="663,1996 1854,1996 1836,1943 663,1940"/>
                <Baseline points="680,1984 739,1981 798,1982 857,1982 916,1981 975,1981 1034,1981 1093,1981 1152,1981 1211,1981 1271,1981 1330,1984 1389,1983 1448,1981 1507,1981 1566,1981 1625,1981 1684,1984 1743,1983 1802,1981 1862,1981"/>
                <TextEquiv>
                    <Unicode>Füßen sitzen und einen Dialog führen konnte, der nur</Unicode>
                </TextEquiv>
            </TextLine>
            <TextLine id="tr_1_tl_44" custom="readingOrder {index:43;}">
                <Coords points="119,2007 640,2007 640,1958 119,1969"/>
                <Baseline points="134,1999 159,2002 185,2002 210,2001 236,2000 262,1999 287,1999 313,1996 339,1993 364,1993 390,1994 416,1998 441,1999 467,1999 493,1999 518,1999 544,2001 570,2001 595,1999 621,1998 647,1996"/>
                <TextEquiv>
                    <Unicode>de Narr.) — Kainz gal</Unicode>
                </TextEquiv>
            </TextLine>
            <TextLine id="tr_1_tl_45" custom="readingOrder {index:44;}">
                <Coords points="1891,2024 3076,2027 3073,1978 2983,1972 1888,1972"/>
                <Baseline points="1907,2014 1965,2014 2024,2014 2083,2017 2142,2017 2201,2017 2259,2017 2318,2017 2377,2018 2436,2018 2495,2017 2553,2020 2612,2020 2671,2017 2730,2021 2789,2021 2847,2020 2906,2020 2965,2022 3024,2020 3083,2017"/>
                <TextEquiv>
                    <Unicode>sonders große Schritte in die Zukunft hinein macht er</Unicode>
                </TextEquiv>
            </TextLine>
            <TextLine id="tr_1_tl_46" custom="readingOrder {index:45;}">
                <Coords points="119,2059 1573,2056 1822,2045 1856,1996 119,2007"/>
                <Baseline points="134,2056 220,2050 306,2047 393,2047 479,2047 566,2047 652,2040 738,2029 825,2029 911,2029 998,2029 1084,2029 1170,2029 1257,2029 1343,2030 1430,2029 1516,2029 1602,2031 1689,2032 1775,2029 1862,2029"/>
                <TextEquiv>
                    <Unicode>Karren, über die Berufs¬ aus einem Bahrschen Monolog bestand. Prälat Doktor</Unicode>
                </TextEquiv>
            </TextLine>
            <TextLine id="tr_1_tl_47" custom="readingOrder {index:46;}">
                <Coords points="1891,2077 3076,2080 3058,2024 1891,2024"/>
                <Baseline points="1907,2068 1965,2065 2024,2065 2083,2065 2142,2068 2201,2068 2259,2068 2318,2068 2377,2068 2436,2068 2495,2068 2553,2068 2612,2068 2671,2068 2730,2070 2789,2068 2847,2068 2906,2071 2965,2071 3024,2071 3083,2068"/>
                <TextEquiv>
                    <Unicode>in dem Roman „Die Rotte Korah", aber was noch</Unicode>
                </TextEquiv>
            </TextLine>
            <TextLine id="tr_1_tl_48" custom="readingOrder {index:47;}">
                <Coords points="663,2085 1854,2080 1854,2036 1712,2030 663,2036"/>
                <Baseline points="680,2080 739,2080 798,2077 857,2077 916,2077 975,2077 1034,2077 1093,2075 1152,2077 1211,2075 1271,2077 1330,2077 1389,2077 1448,2077 1507,2077 1566,2077 1625,2077 1684,2080 1743,2079 1802,2077 1862,2077"/>
                <TextEquiv>
                    <Unicode>Ignaz Seipel kam öfter hin und holte den Direktor</Unicode>
                </TextEquiv>
            </TextLine>
            <TextLine id="tr_1_tl_49" custom="readingOrder {index:48;}">
                <Coords points="119,2106 637,2106 637,2051 504,2065 472,2048 385,2053 371,2068 316,2053 119,2059"/>
                <Baseline points="134,2101 159,2101 185,2099 210,2098 236,2098 261,2098 287,2098 312,2098 338,2098 363,2098 389,2097 414,2095 440,2095 465,2095 491,2093 516,2092 542,2094 567,2094 593,2092 618,2092 644,2092"/>
                <TextEquiv>
                    <Unicode>eren lassen, weil er die</Unicode>
                </TextEquiv>
            </TextLine>
            <TextLine id="tr_1_tl_50" custom="readingOrder {index:49;}">
                <Coords points="1891,2126 3079,2137 3053,2074 1891,2077"/>
                <Baseline points="1907,2116 1969,2115 2031,2115 2093,2116 2155,2117 2217,2116 2279,2119 2341,2117 2403,2116 2465,2116 2527,2116 2589,2118 2651,2118 2713,2119 2775,2118 2837,2118 2899,2119 2961,2119 3023,2119 3086,2119"/>
                <TextEquiv>
                    <Unicode>mehr wiegt als ein dickes Buch, das ist bei Bahr oft</Unicode>
                </TextEquiv>
            </TextLine>
            <TextLine id="tr_1_tl_51" custom="readingOrder {index:50;}">
                <Coords points="113,2161 1848,2137 1848,2091 1758,2082 113,2106"/>
                <Baseline points="128,2146 214,2145 300,2143 387,2143 473,2143 560,2143 646,2138 732,2125 819,2128 905,2125 992,2125 1078,2125 1164,2125 1251,2125 1337,2125 1424,2123 1510,2125 1596,2125 1683,2126 1769,2128 1856,2122"/>
                <TextEquiv>
                    <Unicode>deutsche Versmelodie zu Bahr zu einem Spaziergang: zwei Männer gingen</Unicode>
                </TextEquiv>
            </TextLine>
            <TextLine id="tr_1_tl_52" custom="readingOrder {index:51;}">
                <Coords points="1891,2172 3070,2169 3070,2129 3001,2120 1891,2129"/>
                <Baseline points="1907,2164 1965,2164 2024,2167 2082,2167 2141,2167 2199,2167 2258,2167 2316,2167 2375,2167 2433,2165 2492,2167 2550,2167 2609,2167 2667,2170 2726,2167 2784,2167 2843,2169 2901,2170 2960,2169 3018,2167 3077,2161"/>
                <TextEquiv>
                    <Unicode>nur ein einzelnes Wort, das plötzlich neu instrumen¬</Unicode>
                </TextEquiv>
            </TextLine>
            <TextLine id="tr_1_tl_53" custom="readingOrder {index:52;}">
                <Coords points="672,2175 1865,2190 1865,2137 1715,2126 672,2129"/>
                <Baseline points="689,2173 748,2173 807,2173 866,2173 925,2173 984,2173 1043,2173 1102,2176 1161,2174 1220,2173 1280,2173 1339,2175 1398,2173 1457,2176 1516,2176 1575,2176 1634,2176 1693,2175 1752,2175 1811,2176 1871,2176"/>
                <TextEquiv>
                    <Unicode>über die Ringstraße, die beide in so verschiedenen</Unicode>
                </TextEquiv>
            </TextLine>
            <TextLine id="tr_1_tl_54" custom="readingOrder {index:53;}">
                <Coords points="110,2213 643,2227 646,2146 113,2161"/>
                <Baseline points="128,2199 154,2196 180,2196 206,2196 232,2196 258,2195 284,2194 310,2193 336,2193 362,2195 389,2196 415,2194 441,2193 467,2193 493,2192 519,2190 545,2190 571,2189 597,2188 623,2186 650,2184"/>
                <TextEquiv>
                    <Unicode>t hörten: „Der Herbst</Unicode>
                </TextEquiv>
            </TextLine>
            <TextLine id="tr_1_tl_55" custom="readingOrder {index:54;}">
                <Coords points="1885,2224 3076,2224 3076,2166 1885,2175"/>
                <Baseline points="1901,2214 1960,2214 2019,2214 2078,2214 2137,2215 2196,2217 2255,2217 2314,2217 2373,2217 2432,2214 2492,2214 2551,2214 2610,2214 2669,2214 2728,2214 2787,2216 2846,2217 2905,2217 2964,2217 3023,2217 3083,2214"/>
                <TextEquiv>
                    <Unicode>tiert, neu beseelt, neu gebraucht aufleuchtet, und es ist</Unicode>
                </TextEquiv>
            </TextLine>
            <TextLine id="tr_1_tl_56" custom="readingOrder {index:55;}">
                <Coords points="663,2230 1083,2227 1106,2245 1158,2227 1158,2187 1092,2175 663,2178"/>
                <Baseline points="680,2217 705,2219 731,2220 756,2220 782,2220 808,2220 833,2220 859,2220 885,2220 910,2220 936,2220 961,2220 987,2220 1013,2220 1038,2220 1064,2218 1090,2217 1115,2219 1141,2219 1167,2217"/>
                <TextEquiv>
                    <Unicode>Berufen Gott dienten.</Unicode>
                </TextEquiv>
            </TextLine>
            <TextLine id="tr_1_tl_57" custom="readingOrder {index:56;}">
                <Coords points="1891,2271 3079,2274 3058,2221 1891,2224"/>
                <Baseline points="1907,2265 1969,2262 2031,2260 2093,2262 2155,2262 2217,2265 2279,2264 2341,2262 2403,2265 2465,2264 2527,2262 2589,2262 2651,2264 2713,2265 2775,2265 2837,2265 2899,2265 2961,2263 3023,2262 3086,2265"/>
                <TextEquiv>
                    <Unicode>eigentlich nur ein altes, hundertmal gebrauchtes Wort.</Unicode>
                </TextEquiv>
            </TextLine>
            <TextLine id="tr_1_tl_58" custom="readingOrder {index:57;}">
                <Coords points="770,2288 1854,2285 1854,2242 1691,2216 770,2227"/>
                <Baseline points="785,2274 838,2275 892,2276 946,2276 999,2277 1053,2277 1107,2277 1160,2277 1214,2277 1268,2277 1322,2277 1375,2277 1429,2277 1483,2279 1536,2278 1590,2277 1644,2280 1697,2279 1751,2279 1805,2278 1859,2277"/>
                <TextEquiv>
                    <Unicode>Es gab zuletzt einen schwer erkrankten Hermann</Unicode>
                </TextEquiv>
            </TextLine>
            <TextLine id="tr_1_tl_59" custom="readingOrder {index:58;}">
                <Coords points="116,2305 272,2300 307,2320 330,2303 643,2303 643,2227 626,2224 116,2224"/>
                <Baseline points="131,2298 158,2298 185,2298 212,2298 240,2298 267,2297 294,2295 322,2297 349,2299 376,2301 404,2298 431,2295 458,2295 486,2295 513,2295 540,2295 568,2295 595,2295 622,2295 650,2295"/>
                <TextEquiv>
                    <Unicode>eine Macht, ohne es zu</Unicode>
                </TextEquiv>
            </TextLine>
            <TextLine id="tr_1_tl_60" custom="readingOrder {index:59;}">
                <Coords points="1888,2314 3076,2317 3076,2276 3024,2265 1888,2271"/>
                <Baseline points="1904,2307 1966,2311 2028,2311 2090,2310 2152,2313 2214,2313 2276,2312 2338,2310 2400,2313 2462,2313 2524,2313 2586,2310 2648,2312 2710,2313 2772,2313 2834,2313 2896,2316 2958,2313 3020,2313 3083,2310"/>
                <TextEquiv>
                    <Unicode>Sein Wortgefühl müßte allen Schreibenden Muster</Unicode>
                </TextEquiv>
            </TextLine>
            <TextLine id="tr_1_tl_61" custom="readingOrder {index:60;}">
                <Coords points="669,2329 1854,2334 1833,2282 669,2265"/>
                <Baseline points="686,2319 744,2322 803,2324 861,2325 920,2325 979,2325 1037,2325 1096,2322 1155,2325 1213,2323 1272,2322 1331,2323 1389,2325 1448,2325 1507,2326 1565,2330 1624,2325 1683,2327 1741,2325 1800,2325 1859,2325"/>
                <TextEquiv>
                    <Unicode>Bahr, dessen Phantasie vom Leiden gelähmt war</Unicode>
                </TextEquiv>
            </TextLine>
            <TextLine id="tr_1_tl_62" custom="readingOrder {index:61;}">
                <Coords points="125,2352 643,2355 646,2303 452,2311 432,2297 310,2320 264,2300 127,2305"/>
                <Baseline points="140,2346 165,2346 191,2346 216,2346 242,2346 268,2346 293,2346 319,2346 345,2346 370,2346 396,2345 422,2343 447,2343 473,2343 499,2341 524,2340 550,2340 576,2340 601,2340 627,2341 653,2343"/>
                <TextEquiv>
                    <Unicode>lehrend, im Kaffeehaus,</Unicode>
                </TextEquiv>
            </TextLine>
            <TextLine id="tr_1_tl_63" custom="readingOrder {index:62;}">
                <Coords points="1900,2366 3079,2378 3056,2314 1900,2317"/>
                <Baseline points="1916,2358 1974,2361 2033,2359 2091,2361 2150,2360 2208,2360 2267,2361 2325,2361 2384,2361 2442,2361 2501,2364 2559,2361 2618,2361 2676,2361 2735,2362 2793,2362 2852,2364 2910,2364 2969,2364 3027,2362 3086,2364"/>
                <TextEquiv>
                    <Unicode>sein, und es wird schließlich so kommen, daß der einst</Unicode>
                </TextEquiv>
            </TextLine>
            <TextLine id="tr_1_tl_64" custom="readingOrder {index:63;}">
                <Coords points="669,2381 1854,2384 1854,2337 1767,2331 669,2331"/>
                <Baseline points="686,2370 744,2370 803,2372 861,2373 920,2373 979,2373 1037,2373 1096,2373 1155,2371 1213,2371 1272,2370 1331,2373 1389,2373 1448,2375 1507,2375 1565,2374 1624,2373 1683,2374 1741,2373 1800,2373 1859,2373"/>
                <TextEquiv>
                    <Unicode>Müde und mit verkalkten Gefäßen saß er, mit stummen</Unicode>
                </TextEquiv>
            </TextLine>
            <TextLine id="tr_1_tl_65" custom="readingOrder {index:64;}">
                <Coords points="116,2413 145,2398 188,2415 211,2398 287,2410 443,2392 510,2415 559,2389 643,2392 643,2352 614,2343 553,2360 394,2346 295,2363 116,2346"/>
                <Baseline points="131,2393 158,2393 185,2393 212,2393 240,2393 267,2393 294,2393 322,2393 349,2392 376,2390 404,2390 431,2390 458,2390 486,2390 513,2390 540,2388 568,2387 595,2387 622,2387 650,2387"/>
                <TextEquiv>
                    <Unicode>Büchern eine Macht. Ein</Unicode>
                </TextEquiv>
            </TextLine>
            <TextLine id="tr_1_tl_66" custom="readingOrder {index:65;}">
                <Coords points="1900,2415 3079,2415 3079,2378 2969,2363 2769,2392 1900,2366"/>
                <Baseline points="1916,2408 1974,2408 2033,2408 2091,2408 2150,2408 2208,2408 2267,2410 2325,2411 2384,2410 2442,2410 2501,2408 2559,2411 2618,2411 2676,2411 2735,2411 2793,2411 2852,2411 2910,2411 2969,2409 3027,2411 3086,2405"/>
                <TextEquiv>
                    <Unicode>skandalumwitterte Hermann Bahr, der Spießbürger¬</Unicode>
                </TextEquiv>
            </TextLine>
            <TextLine id="tr_1_tl_67" custom="readingOrder {index:66;}">
                <Coords points="672,2430 1851,2430 1851,2384 1729,2378 672,2381"/>
                <Baseline points="689,2420 747,2421 806,2423 864,2420 923,2423 981,2423 1040,2423 1098,2423 1157,2423 1215,2421 1274,2423 1332,2423 1391,2423 1449,2423 1508,2423 1566,2423 1625,2423 1683,2423 1742,2423 1800,2423 1859,2420"/>
                <TextEquiv>
                    <Unicode>Mund. Eine große Leere entstand um den einst Lauten</Unicode>
                </TextEquiv>
            </TextLine>
            <TextLine id="tr_1_tl_68" custom="readingOrder {index:67;}">
                <Coords points="119,2453 177,2465 194,2447 336,2439 466,2459 498,2439 640,2439 643,2392 562,2389 513,2413 432,2392 122,2407"/>
                <Baseline points="134,2444 159,2444 185,2444 210,2443 236,2442 262,2441 287,2441 313,2439 339,2438 364,2438 390,2437 416,2435 441,2436 467,2438 493,2436 518,2435 544,2435 570,2435 595,2435 621,2434 647,2432"/>
                <TextEquiv>
                    <Unicode>se seines Geistes entlud</Unicode>
                </TextEquiv>
            </TextLine>
            <TextLine id="tr_1_tl_69" custom="readingOrder {index:68;}">
                <Coords points="1897,2465 3076,2471 3076,2413 1897,2415"/>
                <Baseline points="1913,2459 1971,2459 2030,2459 2088,2459 2147,2459 2205,2459 2264,2459 2322,2459 2381,2459 2439,2459 2498,2459 2556,2460 2615,2460 2673,2459 2732,2459 2790,2457 2849,2459 2907,2459 2966,2462 3024,2460 3083,2456"/>
                <TextEquiv>
                    <Unicode>schreck, als Autor eines Lesebuches für Schulen endet.</Unicode>
                </TextEquiv>
            </TextLine>
            <TextLine id="tr_1_tl_70" custom="readingOrder {index:69;}">
                <Coords points="678,2479 1856,2482 1856,2430 1694,2421 678,2427"/>
                <Baseline points="695,2471 753,2471 812,2472 870,2472 929,2474 987,2473 1046,2471 1104,2471 1163,2471 1221,2473 1280,2471 1338,2471 1397,2471 1455,2474 1514,2471 1572,2471 1631,2471 1689,2474 1748,2474 1806,2472 1865,2468"/>
                <TextEquiv>
                    <Unicode>der sich selbst nicht mehr glich. Die tollen Tage von</Unicode>
                </TextEquiv>
            </TextLine>
            <TextLine id="tr_1_tl_71" custom="readingOrder {index:70;}">
                <Coords points="110,2497 434,2491 484,2511 573,2485 643,2494 646,2442 110,2456"/>
                <Baseline points="125,2489 151,2491 177,2492 203,2492 230,2490 256,2489 282,2489 308,2489 335,2489 361,2489 387,2489 413,2487 440,2486 466,2486 492,2486 518,2486 545,2486 571,2485 597,2484 623,2483 650,2483"/>
                <TextEquiv>
                    <Unicode>in ihm gelernt wie die</Unicode>
                </TextEquiv>
            </TextLine>
            <TextLine id="tr_1_tl_72" custom="readingOrder {index:71;}">
                <Coords points="1894,2520 3070,2534 3050,2465 1894,2468"/>
                <Baseline points="1910,2507 1968,2507 2026,2507 2085,2510 2143,2510 2201,2510 2260,2510 2318,2510 2376,2507 2435,2509 2493,2510 2551,2509 2610,2509 2668,2507 2726,2510 2785,2510 2843,2510 2901,2513 2960,2512 3018,2505 3077,2507"/>
                <TextEquiv>
                    <Unicode>Der Werdegang des Genies: erst beschimpft, dann</Unicode>
                </TextEquiv>
            </TextLine>
            <TextLine id="tr_1_tl_73" custom="readingOrder {index:72;}">
                <Coords points="156,2540 1856,2534 1828,2476 156,2494"/>
                <Baseline points="173,2540 257,2537 342,2537 426,2534 511,2534 596,2529 680,2521 765,2522 849,2519 934,2519 1019,2522 1103,2522 1188,2519 1272,2519 1357,2519 1442,2521 1526,2519 1611,2519 1695,2520 1780,2519 1865,2516"/>
                <TextEquiv>
                    <Unicode>auch die, die nur in Czernowitz präsentierten vielleicht ihre Rechnung, wer</Unicode>
                </TextEquiv>
            </TextLine>
            <TextLine id="tr_1_tl_74" custom="readingOrder {index:73;}">
                <Coords points="1891,2566 1940,2589 2022,2560 2268,2581 2746,2560 2746,2523 2682,2508 1891,2517"/>
                <Baseline points="1907,2558 1949,2558 1991,2555 2033,2557 2076,2558 2118,2558 2160,2558 2202,2560 2245,2559 2287,2558 2329,2558 2371,2558 2414,2558 2456,2558 2498,2558 2540,2558 2583,2558 2625,2558 2667,2558 2709,2558 2752,2558"/>
                <TextEquiv>
                    <Unicode>angebetet, dann Klassiker und überholt.</Unicode>
                </TextEquiv>
            </TextLine>
            <TextLine id="tr_1_tl_75" custom="readingOrder {index:74;}">
                <Coords points="675,2578 1848,2583 1848,2528 1775,2517 675,2534"/>
                <Baseline points="692,2570 750,2571 808,2570 866,2570 924,2572 983,2572 1041,2570 1099,2570 1157,2570 1215,2570 1274,2570 1332,2570 1390,2570 1448,2570 1506,2570 1565,2570 1623,2570 1681,2570 1739,2571 1797,2570 1856,2564"/>
                <TextEquiv>
                    <Unicode>mochte es wissen?... Nacht kam über den hellen, über</Unicode>
                </TextEquiv>
            </TextLine>
            <TextLine id="tr_1_tl_76" custom="readingOrder {index:75;}">
                <Coords points="159,2598 605,2592 643,2583 646,2543 588,2528 524,2557 489,2534 461,2549 290,2537 261,2557 162,2540"/>
                <Baseline points="176,2587 202,2584 228,2584 255,2584 281,2584 307,2585 334,2587 360,2584 386,2581 413,2583 439,2583 465,2581 492,2581 518,2581 544,2581 571,2580 597,2579 623,2577 650,2575"/>
                <TextEquiv>
                    <Unicode>sein Kaffeehaus, seine</Unicode>
                </TextEquiv>
            </TextLine>
            <TextLine id="tr_1_tl_77" custom="readingOrder {index:76;}">
                <Coords points="1984,2621 3085,2615 3067,2537 2766,2575 1984,2563"/>
                <Baseline points="1999,2605 2053,2606 2108,2608 2162,2608 2217,2608 2272,2608 2326,2608 2381,2608 2436,2608 2490,2608 2545,2608 2600,2608 2654,2608 2709,2608 2764,2608 2818,2608 2873,2608 2928,2608 2982,2608 3037,2607 3092,2605"/>
                <TextEquiv>
                    <Unicode>Ueberschaute er in seinen letzten klaren Tagen sein</Unicode>
                </TextEquiv>
            </TextLine>
            <TextLine id="tr_1_tl_78" custom="readingOrder {index:77;}">
                <Coords points="672,2636 1856,2630 1856,2575 672,2581"/>
                <Baseline points="689,2617 747,2620 806,2620 864,2620 923,2621 982,2621 1040,2620 1099,2620 1158,2620 1216,2620 1275,2620 1334,2619 1392,2619 1451,2620 1510,2620 1568,2620 1627,2620 1686,2620 1744,2620 1803,2620 1862,2623"/>
                <TextEquiv>
                    <Unicode>wachen Geist, ein Licht, das erlosch, bevor es gänzlich</Unicode>
                </TextEquiv>
            </TextLine>
            <TextLine id="tr_1_tl_79" custom="readingOrder {index:78;}">
                <Coords points="127,2633 249,2653 339,2633 646,2641 646,2583 458,2586 440,2601 356,2589 327,2612 258,2583 214,2601 127,2575"/>
                <Baseline points="143,2632 168,2635 193,2635 219,2635 244,2635 269,2635 295,2635 320,2633 345,2631 371,2630 396,2630 421,2632 447,2631 472,2629 497,2629 523,2629 548,2629 573,2628 599,2626 624,2627 650,2629"/>
                <TextEquiv>
                    <Unicode>kannten, kein Gespräch.</Unicode>
                </TextEquiv>
            </TextLine>
            <TextLine id="tr_1_tl_80" custom="readingOrder {index:79;}">
                <Coords points="1888,2662 3076,2667 3076,2612 2166,2633 1888,2601"/>
                <Baseline points="1904,2653 1966,2656 2028,2656 2090,2656 2152,2657 2214,2657 2276,2656 2338,2656 2400,2656 2462,2659 2524,2657 2586,2656 2648,2656 2710,2658 2772,2659 2834,2659 2896,2659 2958,2659 3020,2657 3083,2650"/>
                <TextEquiv>
                    <Unicode>Lebenswerk, so durfte er feststellen, daß es reich und</Unicode>
                </TextEquiv>
            </TextLine>
            <TextLine id="tr_1_tl_81" custom="readingOrder {index:80;}">
                <Coords points="669,2685 736,2685 744,2676 756,2685 817,2679 840,2691 863,2679 898,2694 912,2679 941,2679 941,2636 912,2636 895,2624 883,2633 843,2627 834,2636 669,2627"/>
                <Baseline points="686,2671 712,2671 738,2671 764,2669 790,2668 816,2668 842,2668 868,2668 894,2668 920,2669 946,2671"/>
                <TextEquiv>
                    <Unicode>ausbrannte.</Unicode>
                </TextEquiv>
            </TextLine>
            <TextLine id="tr_1_tl_82" custom="readingOrder {index:81;}">
                <Coords points="107,2702 168,2685 211,2699 643,2679 643,2641 602,2633 385,2647 348,2630 252,2656 107,2641"/>
                <Baseline points="122,2680 148,2682 174,2683 201,2683 227,2683 254,2683 280,2681 306,2680 333,2680 359,2679 386,2677 412,2677 438,2677 465,2677 491,2677 518,2677 544,2677 570,2676 597,2675 623,2674 650,2674"/>
                <TextEquiv>
                    <Unicode>logen, nicht einmal seine</Unicode>
                </TextEquiv>
            </TextLine>
            <TextLine id="tr_1_tl_83" custom="readingOrder {index:82;}">
                <Coords points="1888,2714 3079,2720 3050,2662 1888,2662"/>
                <Baseline points="1904,2704 1963,2705 2022,2707 2081,2707 2140,2707 2199,2707 2258,2707 2317,2706 2376,2706 2435,2704 2495,2704 2554,2706 2613,2704 2672,2707 2731,2707 2790,2707 2849,2710 2908,2709 2967,2707 3026,2704 3086,2707"/>
                <TextEquiv>
                    <Unicode>köstlich, und daß es kein raschendes Papier, daß es ein</Unicode>
                </TextEquiv>
            </TextLine>
            <TextLine id="tr_1_tl_84" custom="readingOrder {index:83;}">
                <Coords points="770,2731 1848,2731 1848,2673 1703,2644 770,2676"/>
                <Baseline points="785,2722 838,2725 892,2725 945,2725 999,2725 1052,2722 1106,2722 1159,2722 1213,2724 1266,2723 1320,2722 1374,2722 1427,2722 1481,2722 1534,2722 1588,2722 1641,2722 1695,2722 1748,2722 1802,2720 1856,2716"/>
                <TextEquiv>
                    <Unicode>Und es gab endlich schon einen Hermann Bah</Unicode>
                </TextEquiv>
            </TextLine>
            <TextLine id="tr_1_tl_85" custom="readingOrder {index:84;}">
                <Coords points="107,2737 203,2751 272,2731 646,2734 646,2679 107,2699"/>
                <Baseline points="122,2731 148,2731 175,2730 201,2728 228,2728 254,2728 281,2728 307,2728 334,2728 360,2727 387,2725 414,2727 440,2727 467,2725 493,2725 520,2725 546,2725 573,2725 599,2725 626,2723 653,2719"/>
                <TextEquiv>
                    <Unicode>da war. Wie jede Kraft</Unicode>
                </TextEquiv>
            </TextLine>
            <TextLine id="tr_1_tl_86" custom="readingOrder {index:85;}">
                <Coords points="1888,2766 3079,2766 3079,2720 2943,2705 1888,2714"/>
                <Baseline points="1904,2755 1963,2757 2022,2755 2081,2755 2140,2755 2199,2755 2258,2755 2317,2755 2376,2755 2435,2755 2495,2755 2554,2755 2613,2755 2672,2755 2731,2755 2790,2755 2849,2755 2908,2755 2967,2755 3026,2755 3086,2758"/>
                <TextEquiv>
                    <Unicode>bestellter Acker war. Er besaß weder Titel noch Orden,</Unicode>
                </TextEquiv>
            </TextLine>
            <TextLine id="tr_1_tl_87" custom="readingOrder {index:86;}">
                <Coords points="675,2780 1859,2783 1859,2728 904,2746 675,2711"/>
                <Baseline points="692,2772 750,2775 809,2774 868,2772 927,2772 986,2770 1044,2772 1103,2772 1162,2772 1221,2770 1280,2769 1338,2769 1397,2769 1456,2769 1515,2772 1574,2772 1632,2772 1691,2769 1750,2769 1809,2768 1868,2764"/>
                <TextEquiv>
                    <Unicode>lange vor Hermann Bahr: das war der große Schrift¬</Unicode>
                </TextEquiv>
            </TextLine>
            <TextLine id="tr_1_tl_88" custom="readingOrder {index:87;}">
                <Coords points="104,2783 588,2786 637,2775 640,2734 307,2731 203,2751 107,2737"/>
                <Baseline points="119,2775 145,2777 171,2778 198,2778 224,2778 251,2778 277,2776 303,2776 330,2778 356,2777 383,2775 409,2773 435,2772 462,2772 488,2772 515,2772 541,2772 567,2771 594,2770 620,2769 647,2769"/>
                <TextEquiv>
                    <Unicode>ner auf den Komponisten</Unicode>
                </TextEquiv>
            </TextLine>
            <TextLine id="tr_1_tl_89" custom="readingOrder {index:88;}">
                <Coords points="1888,2821 3082,2818 3082,2769 2922,2757 1888,2766"/>
                <Baseline points="1904,2805 1963,2805 2022,2805 2081,2805 2141,2805 2200,2805 2259,2802 2318,2806 2378,2806 2437,2805 2496,2805 2555,2805 2615,2805 2674,2803 2733,2803 2792,2802 2852,2802 2911,2802 2970,2802 3029,2802 3089,2808"/>
                <TextEquiv>
                    <Unicode>noch Auszeichnungen, er trug nur einen Weltnamen,</Unicode>
                </TextEquiv>
            </TextLine>
            <TextLine id="tr_1_tl_90" custom="readingOrder {index:89;}">
                <Coords points="675,2833 1851,2833 1851,2780 1801,2772 675,2780"/>
                <Baseline points="692,2820 750,2823 808,2823 867,2823 925,2823 983,2823 1042,2821 1100,2823 1158,2820 1217,2820 1275,2817 1333,2818 1392,2818 1450,2820 1508,2820 1567,2819 1625,2819 1683,2817 1742,2817 1800,2817 1859,2817"/>
                <TextEquiv>
                    <Unicode>steller und Dichter des Barocks, Simon Rettenbacher</Unicode>
                </TextEquiv>
            </TextLine>
            <TextLine id="tr_1_tl_91" custom="readingOrder {index:90;}">
                <Coords points="107,2838 649,2824 649,2778 626,2775 110,2786"/>
                <Baseline points="122,2829 148,2829 175,2828 202,2826 228,2825 255,2823 282,2823 308,2824 335,2825 362,2825 389,2823 415,2821 442,2821 469,2822 495,2822 522,2820 549,2818 575,2816 602,2812 629,2812 656,2814"/>
                <TextEquiv>
                    <Unicode>bloß die „Tannhäuser</Unicode>
                </TextEquiv>
            </TextLine>
            <TextLine id="tr_1_tl_92" custom="readingOrder {index:91;}">
                <Coords points="1888,2861 3082,2861 3038,2809 1888,2818"/>
                <Baseline points="1904,2856 1963,2853 2022,2856 2081,2855 2141,2855 2200,2856 2259,2854 2318,2856 2378,2853 2437,2853 2496,2855 2555,2856 2615,2853 2674,2853 2733,2853 2792,2853 2852,2853 2911,2853 2970,2853 3029,2853 3089,2853"/>
                <TextEquiv>
                    <Unicode>und unter seinem langen Hermann Bahr=Bart ein</Unicode>
                </TextEquiv>
            </TextLine>
            <TextLine id="tr_1_tl_93" custom="readingOrder {index:92;}">
                <Coords points="675,2879 1854,2873 1828,2824 675,2833"/>
                <Baseline points="692,2874 750,2874 809,2871 867,2871 926,2871 984,2871 1043,2871 1101,2871 1160,2871 1218,2869 1277,2871 1335,2868 1394,2868 1452,2868 1511,2868 1569,2868 1628,2868 1686,2865 1745,2868 1803,2868 1862,2868"/>
                <TextEquiv>
                    <Unicode>der Dramen und Legenden schrieb, Politiker und</Unicode>
                </TextEquiv>
            </TextLine>
            <TextLine id="tr_1_tl_94" custom="readingOrder {index:93;}">
                <Coords points="116,2879 649,2876 649,2827 626,2818 559,2838 539,2824 116,2835"/>
                <Baseline points="131,2877 157,2875 183,2874 209,2874 236,2872 262,2871 288,2871 314,2872 341,2874 367,2871 393,2868 419,2870 446,2871 472,2871 498,2870 524,2868 551,2868 577,2867 603,2866 629,2864 656,2862"/>
                <TextEquiv>
                    <Unicode>es heute noch auf dem</Unicode>
                </TextEquiv>
            </TextLine>
            <TextLine id="tr_1_tl_95" custom="readingOrder {index:94;}">
                <Coords points="1897,2911 3085,2914 3085,2861 1897,2861"/>
                <Baseline points="1913,2901 1975,2904 2037,2904 2099,2904 2161,2903 2223,2901 2285,2901 2347,2901 2409,2901 2471,2901 2533,2904 2595,2904 2657,2903 2719,2901 2781,2904 2843,2903 2905,2901 2967,2901 3029,2901 3092,2898"/>
                <TextEquiv>
                    <Unicode>schlagendes Herz. Dieses Herz wußte etwas vom</Unicode>
                </TextEquiv>
            </TextLine>
            <TextLine id="tr_1_tl_96" custom="readingOrder {index:95;}">
                <Coords points="113,2931 649,2928 649,2876 594,2867 550,2864 533,2882 113,2879"/>
                <Baseline points="128,2922 154,2922 180,2922 207,2922 233,2922 260,2922 286,2920 312,2919 339,2919 365,2918 392,2916 418,2918 444,2918 471,2916 497,2916 524,2916 550,2916 576,2915 603,2914 629,2912 656,2910"/>
                <TextEquiv>
                    <Unicode>po genau weiß, was der</Unicode>
                </TextEquiv>
            </TextLine>
            <TextLine id="tr_1_tl_97" custom="readingOrder {index:96;}">
                <Coords points="686,2928 1865,2928 1865,2873 1813,2870 686,2882"/>
                <Baseline points="701,2925 759,2922 818,2922 876,2922 935,2922 993,2922 1052,2920 1110,2919 1169,2919 1227,2919 1286,2916 1344,2918 1403,2916 1461,2919 1520,2916 1578,2916 1637,2918 1695,2919 1754,2916 1812,2916 1871,2916"/>
                <TextEquiv>
                    <Unicode>Schulmeister, Anakreontiker und Benediktiner war. Als</Unicode>
                </TextEquiv>
            </TextLine>
            <TextLine id="tr_1_tl_98" custom="readingOrder {index:97;}">
                <Coords points="1897,2957 3082,2960 3082,2911 2960,2899 1897,2911"/>
                <Baseline points="1913,2955 1971,2955 2030,2955 2088,2955 2147,2955 2206,2952 2264,2952 2323,2952 2382,2952 2440,2952 2499,2952 2558,2952 2616,2950 2675,2954 2734,2952 2792,2952 2851,2952 2910,2952 2968,2952 3027,2950 3086,2952"/>
                <TextEquiv>
                    <Unicode>Wähnen und Wanken andrer Herzen, vom Harren und</Unicode>
                </TextEquiv>
            </TextLine>
            <TextLine id="tr_1_tl_99" custom="readingOrder {index:98;}">
                <Coords points="116,2980 643,2980 646,2925 617,2919 330,2919 272,2945 182,2922 119,2931"/>
                <Baseline points="131,2972 158,2972 185,2970 212,2969 240,2969 267,2969 294,2969 322,2969 349,2968 376,2967 404,2967 431,2967 458,2967 486,2967 513,2967 540,2965 568,2964 595,2962 622,2961 650,2961"/>
                <TextEquiv>
                    <Unicode>hat. So wirkte Bahr</Unicode>
                </TextEquiv>
            </TextLine>
            <TextLine id="tr_1_tl_100" custom="readingOrder {index:99;}">
                <Coords points="678,2980 1856,2969 1822,2919 678,2928"/>
                <Baseline points="695,2969 753,2972 812,2972 870,2972 929,2972 987,2972 1046,2970 1104,2969 1163,2969 1221,2969 1280,2969 1338,2967 1397,2967 1455,2969 1514,2967 1572,2967 1631,2967 1689,2967 1748,2965 1806,2965 1865,2964"/>
                <TextEquiv>
                    <Unicode>Proteus seiner selbst, als geistiger Verkleidungskünstler</Unicode>
                </TextEquiv>
            </TextLine>
            <TextLine id="tr_1_tl_101" custom="readingOrder {index:100;}">
                <Coords points="1888,3009 3073,3015 3076,2957 1888,2960"/>
                <Baseline points="1904,2996 1962,3002 2021,3002 2080,3002 2139,3002 2198,3002 2256,3002 2315,3001 2374,2999 2433,2999 2492,3000 2550,3000 2609,2999 2668,2999 2727,3001 2786,2999 2844,2999 2903,2999 2962,2999 3021,2999 3080,2999"/>
                <TextEquiv>
                    <Unicode>Hoffen der Männer und vom Weinen des Weibes. Und</Unicode>
                </TextEquiv>
            </TextLine>
            <TextLine id="tr_1_tl_102" custom="readingOrder {index:101;}">
                <Coords points="684,3032 1856,3021 1856,2969 684,2980"/>
                <Baseline points="698,3020 756,3022 814,3022 873,3020 931,3020 989,3020 1048,3020 1106,3020 1164,3019 1223,3017 1281,3017 1339,3019 1398,3015 1456,3017 1514,3017 1573,3017 1631,3017 1689,3014 1748,3014 1806,3014 1865,3014"/>
                <TextEquiv>
                    <Unicode>steht heute der weißumwallte, ehrwürdige, erzväterliche</Unicode>
                </TextEquiv>
            </TextLine>
            <TextLine id="tr_1_tl_103" custom="readingOrder {index:102;}">
                <Coords points="104,3050 643,3041 646,2980 107,2983"/>
                <Baseline points="119,3038 145,3038 172,3038 199,3038 225,3037 252,3035 279,3035 305,3034 332,3033 359,3033 386,3035 412,3033 439,3032 466,3032 492,3031 519,3029 546,3031 572,3031 599,3027 626,3026 653,3026"/>
                <TextEquiv>
                    <Unicode>gen Hermann Bahr, den</Unicode>
                </TextEquiv>
            </TextLine>
            <TextLine id="tr_1_tl_104" custom="readingOrder {index:103;}">
                <Coords points="1891,3058 3082,3061 3082,3006 2986,3001 1891,3006"/>
                <Baseline points="1907,3050 1966,3050 2025,3050 2084,3050 2143,3047 2202,3050 2261,3050 2320,3050 2379,3050 2438,3050 2498,3048 2557,3047 2616,3047 2675,3047 2734,3047 2793,3047 2852,3047 2911,3047 2970,3047 3029,3047 3089,3047"/>
                <TextEquiv>
                    <Unicode>darum wird sein Name nicht verwehen wie Spre¬</Unicode>
                </TextEquiv>
            </TextLine>
            <TextLine id="tr_1_tl_105" custom="readingOrder {index:104;}">
                <Coords points="684,3076 1689,3082 1848,3067 1851,3021 686,3032"/>
                <Baseline points="698,3071 755,3071 813,3071 871,3071 929,3070 987,3070 1045,3071 1103,3067 1161,3065 1219,3067 1277,3068 1334,3065 1392,3065 1450,3062 1508,3065 1566,3065 1624,3065 1682,3062 1740,3062 1798,3062 1856,3056"/>
                <TextEquiv>
                    <Unicode>Bahr vor uns, als wäre seines Lebens Leitmoti¬</Unicode>
                </TextEquiv>
            </TextLine>
            <TextLine id="tr_1_tl_106" custom="readingOrder {index:105;}">
                <Coords points="122,3085 203,3105 295,3085 649,3087 649,3041 591,3029 475,3050 429,3032 414,3047 255,3035 122,3053"/>
                <Baseline points="137,3080 164,3083 191,3083 218,3083 246,3083 273,3082 300,3080 328,3080 355,3080 382,3080 410,3080 437,3080 464,3080 492,3079 519,3077 546,3077 574,3077 601,3075 628,3075 656,3077"/>
                <TextEquiv>
                    <Unicode>Deutschmeistern machte</Unicode>
                </TextEquiv>
            </TextLine>
            <TextLine id="tr_1_tl_107" custom="readingOrder {index:106;}">
                <Coords points="686,3131 3009,3111 3009,3061 2821,3050 686,3076"/>
                <Baseline points="701,3122 816,3116 932,3116 1048,3113 1164,3110 1280,3113 1395,3110 1511,3113 1627,3110 1743,3110 1859,3105 1974,3101 2090,3098 2206,3098 2322,3100 2438,3098 2553,3098 2669,3098 2785,3098 2901,3101 3017,3095"/>
                <TextEquiv>
                    <Unicode>gewesen: nunquam idem, nie derselbe. Und doch ist vor dem Winde; sondern der Tote wird auferste</Unicode>
                </TextEquiv>
            </TextLine>
            <TextLine id="tr_1_tl_108" custom="readingOrder {index:107;}">
                <Coords points="125,3140 652,3137 652,3085 466,3102 443,3082 281,3085 211,3108 125,3085"/>
                <Baseline points="140,3128 167,3131 194,3135 221,3136 249,3132 276,3131 303,3131 331,3131 358,3130 385,3128 413,3128 440,3128 467,3126 495,3126 522,3128 549,3126 577,3125 604,3123 631,3123 659,3125"/>
                <TextEquiv>
                    <Unicode>Chr. „Sechser“ an den</Unicode>
                </TextEquiv>
            </TextLine>
            <TextLine id="tr_1_tl_109" custom="readingOrder {index:108;}">
                <Coords points="686,3177 2827,3166 2827,3108 2708,3096 686,3131"/>
                <Baseline points="701,3169 807,3168 914,3166 1020,3166 1127,3165 1233,3164 1340,3164 1446,3164 1553,3166 1659,3161 1766,3161 1873,3155 1979,3152 2086,3152 2192,3152 2299,3152 2405,3152 2512,3152 2618,3146 2725,3146 2832,3149"/>
                <TextEquiv>
                    <Unicode>das Motiv dieser formenreichen Seele, dieses in ewigem und weiterleben mit andern Geschlechtern.</Unicode>
                </TextEquiv>
            </TextLine>
            <TextLine id="tr_1_tl_110" custom="readingOrder {index:109;}">
                <Coords points="107,3195 246,3174 420,3195 443,3174 655,3177 655,3137 576,3122 527,3142 469,3125 426,3148 107,3140"/>
                <Baseline points="122,3178 149,3178 176,3178 203,3178 230,3173 257,3175 284,3177 311,3178 338,3178 365,3177 392,3175 419,3175 446,3174 473,3173 500,3173 527,3175 554,3173 581,3171 608,3170 635,3168 662,3166"/>
                <TextEquiv>
                    <Unicode>sität. Es gab, wir sahen</Unicode>
                </TextEquiv>
            </TextLine>
            <TextLine id="tr_1_tl_111" custom="readingOrder {index:110;}">
                <Coords points="2621,3241 2809,3221 2847,3241 2882,3229 2974,3241 3012,3221 3070,3221 3070,3157 3027,3166 3003,3145 2972,3163 2948,3148 2896,3154 2876,3171 2847,3154 2806,3168 2656,3154 2621,3171"/>
                <Baseline points="2638,3205 2663,3205 2689,3205 2715,3207 2741,3208 2767,3208 2792,3208 2818,3208 2844,3208 2870,3208 2896,3208 2922,3208 2947,3208 2973,3208 2999,3208 3025,3208 3051,3208 3077,3208"/>
                <TextEquiv>
                    <Unicode>Ernst Decken</Unicode>
                </TextEquiv>
            </TextLine>
            <TextLine id="tr_1_tl_112" custom="readingOrder {index:111;}">
                <Coords points="113,3255 1877,3252 1877,3177 1694,3160 113,3186"/>
                <Baseline points="128,3232 215,3232 303,3229 390,3226 478,3226 566,3224 653,3218 741,3222 828,3220 916,3220 1004,3220 1091,3217 1179,3217 1266,3217 1354,3216 1442,3217 1529,3220 1617,3217 1704,3217 1792,3214 1880,3208"/>
                <TextEquiv>
                    <Unicode>der Hermann Bahr, und Fluß befindlichen Genius das andre, das entgegen¬</Unicode>
                </TextEquiv>
            </TextLine>
            <TextEquiv>
                <Unicode></Unicode>
            </TextEquiv>
        </TextRegion>
    </Page>
</PcGts>
