3392 4352
112 281 292 390 13.
330 281 984 381 Miscellaneous
1176 287 1605 388 box 44/6
808 1363 1311 1487 sie Zeitung Innsbruck.
864 1494 1095 1622 5. AUG.
2364 1732 2764 1841 Nr. 177. Seite 5.
733 1762 1217 1854 „Neueste Zeitung"
1686 1894 2368 2064 die beste Medizin.
819 1926 1549 2051 Rückkehr zur Natur
831 2038 2338 2145 Wunderbare Heilung einer schwermütigen Gymnasiastin durch Bauernarbeit.
1631 2147 2794 2233 sich ihr Zustand, sie wurde blaß, verlor an Gewicht, in der
645 2158 1566 2224 Ueber die merkwürdigen seelischen Wandlungen eines
619 2218 1573 2274 verwöhnten jungen Mädchens lesen wir in der „N. Fr.
1622 2212 2798 2288 Schule fiel ihre Arbeitsunlust und Unaufmerksamkeit auf. Sport
622 2261 1296 2327 Pr." folgende interessante Schilderung:
1626 2263 2798 2361 und gesellschaftliche Veranstaltungen wurden ihr wider¬
1618 2327 1822 2402 wärtig.
433 2308 1577 2391 Die achtzehnjährige Pauly hat ihren Eltern während der
1986 2338 2436 2441 Ein Selbstmordversuch.
388 2364 1568 2428 letzten zwei Jahre viel Sorgen bereitet. Das ungewöhn¬
392 2422 1575 2475 lich hübsche Mädchen, hochgewachsen, hellblond, von den
1659 2404 2798 2494 Die geängstigten Eltern waren ratlos. Im Sommer ver¬
388 2473 1577 2524 Eltern verwöhnt, von den jungen Leuten umschwärmt, litt
1631 2473 2801 2546 suchten sie durch eine größere Reise die Gemütskrankheit ihrer
388 2514 1571 2578 an Schwermut. Bis zu ihrem sechzehnten Jahr war sie ein
1626 2529 2805 2586 Tochter zu heilen. Wieder ein Fehlschlag. Im Herbst beging
396 2572 1568 2625 lustiges, übermütiges Ding, im Gymnasium wegen ihrer aus¬
1633 2576 2803 2646 Pauly einen Selbstmordversuch durch Einatmen von Leucht¬
398 2618 1577 2676 gelassenen Streiche bekannt, bei jedem Schaberack dabei. Im
1633 2623 2803 2691 gas. Sie wurde in leichter Betäubung aufgefunden, der pein¬
392 2661 1575 2722 Winter ein reizendes „Skihaser!", eine glänzende Eisläuferin,
1631 2670 2803 2747 liche Zwischenfall wurde vertuscht. Es war nicht möglich, von
388 2713 1577 2779 in der Tanzstunde eine gefeierte junge Schönheit. Im Sommer
1633 2721 2702 2794 Pauly die Ursache ihres Lebensberdrusses zu erfahren.
388 2762 1571 2816 an dem Salzkammergutsee, den ihre Eltern fast alljährlich be¬
1676 2777 2809 2846 Seit etwa zwei Monaten aber ist Pauly wieder das strah¬
401 2807 1577 2888 suchen, ebenfalls ein Liebling der Gesellschaft, eine trainierte
1626 2831 2809 2901 lende, lebensfrohe Geschöpf, wie sie es vor zwei
401 2863 1031 2923 Schwimmerin und Bergsteigerin.
1631 2882 2811 2942 Jahren war. Und diese Wandlung ist das Verdienst eines er¬
431 2916 1579 2972 Dabei war sie aber keineswegs von einer Sportmonomanie
1639 2921 2811 2991 fahrenen Pädagogen und Jugendberaters. Er riet Paulys
398 2961 1579 3032 besessen. Im Gegenteil, ihre Hauptleidenschaft war
1631 2976 2807 3045 Eltern, in der Lebensweise ihres Kindes eine radikale Aende¬
396 3019 1577 3073 Lektüre. Vor allem für Arthur Schnitzler hegte sie eine
1633 3026 2809 3086 rung eintreten zu lassen. Anfang Mai kam Pauly zu einer hol¬
403 3064 1577 3124 schwärmerische Verehrung, der von der Nüchternheit und Sach¬
1633 3081 2128 3159 ländischen Bauernfamilie.
396 3112 1571 3176 lichkeit, die man der heutigen Jugend oft nachsagt, nichts an¬
1708 3142 2803 3206 Aber nicht als Sommerfrischlerin, sondern als Bauern¬
403 3174 1579 3229 zumerken war. Das hochbegabte Mädchen hatte beinahe jede
403 3212 1582 3281 Zeile von Arthur Schnitzler gelesen und bewahrte davon ein
1665 3201 2809 3268 magd. Bei Morgengrauen aus dem Bett, abends zeitig in
401 3264 892 3326 starkes seelisches Erlebnis.
1676 3264 2809 3345 die Federn, den ganzen Tag schwere landwirtschaftliche Ar¬
442 3296 1575 3375 Im Spätsommer 1931 traten bei ihr allmählich Symptome
1672 3321 2728 3392 beit auf den Feldern und im Stall. Derbe, kräftige Kost.
396 3364 1575 3418 einer seelischen Verdüsterung auf. Sie fand an über¬
1676 3384 2809 3467 Schon nach zwei, drei Wochen besserte sich Paulys Zustand
388 3416 1577 3476 mütiger Gesellschaft keinen Gefallen mehr, wurde einsiedlerisch,
1637 3448 2807 3512 auffallend. Im Juni waren ihr kaum noch Krankheitssymptome
396 3474 1577 3525 weinte leicht und vergrub sich immer mehr in die Lektüre ihres
1633 3504 2809 3566 anzumerken. Sie lachte und sang wieder und war mit
398 3508 1579 3566 Lieblingsdichters. Als ihre Familie aus dem Salzkammergut
1631 3553 2811 3624 Feuereifer bei der Arbeit. Nur ganz selten und immer schwä¬
398 3564 1579 3617 wieder nach Wien kam, war Pauly noch schöner geworden,
1631 3600 2807 3658 cher kam die alte Verstimmung über sie. An ihre Eltern schrieb
403 3609 1575 3669 aber in ihrem Wesen nicht wieder zu erkennen. Ver¬
1642 3649 2809 3711 sie glückstrahlende Briefe. Kürzlich haben Paulys Eltern ihre
411 3666 1573 3720 schlossen, schweigsam, schwermütig. Die Eltern sahen sich ge¬
1637 3699 2807 3765 Tochter besucht. Sie ist gesund, frisch, lebensfroh, schöner als je.
398 3703 1579 3774 nötigt, einen Nervenarzt zu Rate zu ziehen, der Zerstreuung
1648 3746 2809 3819 Ihr Selbstmordversuch kommt ihr wie eine unverständ¬
403 3756 1577 3812 und Ablenkung empfahl, ohne aber durch diese Methode eine
1631 3797 2811 3849 licher böser Traum vor. Im Herbst wird sie mit wieder¬
407 3806 1579 3862 Besserung ihres Zustandes zu erzielen. Arthur Schnitzlers Tod
1633 3842 2812 3908 gewonnener Nervenkraft in Wien ihre Studien fortsetzen. Sie
403 3862 1579 3911 im Oktober 1931 bedeutete für Pauly — sie hatte den Dichter
1633 3892 2818 3947 will nach Beendigung ihrer Gymnasialstudien Germanistik
396 3900 1575 3958 nicht persönlich gekannt — eine furchtbare seelische Erschütte¬
1648 3943 2818 4005 studieren. Ihrer Leidenschaft für Literatur und vor allem für
398 3949 1579 4007 rung. Mit seinem letzten Buch „Flucht in die Finsternis trieb
1637 3998 2490 4069 ihren Lieblingsdichter ist sie treu geblieben.
401 3998 1581 4078 sie einen förmlichen Kult. Während des Winters verschlimmerte
