3436 4352
213 300 1050 410 13. Miscellaneous
1250 306 1657 417 box 447
190 1302 1538 1388 stlerische Symbolisten los. Und die Leser - tertii gaudentes
183 1379 1573 1473 Er kam unterhielten sich großartig. „Ich habe zwei Kapitäne an
185 1434 1579 1494 rück als Bord, bezeichnete Wilhelm Singer, der Chef Pötzl
217 1484 356 1540 neuen
385 1488 1573 1573 und Bahrs, die Sachlage, „aber der Steuermann
217 1529 346 1588 Wien
379 1527 556 1617 bin ich!
183 1575 352 1646 auf ihn
481 1550 1584 1646 Kurz, Hermann Bahr machte jede geistige Mode
183 1621 350 1686 er wird
381 1613 1579 1690 mit, aber vorher, solange sie noch nicht Mode war,
183 1673 354 1730 kel der
385 1673 1582 1732 nachher interessierte sie ihn nicht. Er fühlte die Dinge
188 1717 346 1786 Gefühl
385 1721 1582 1775 voraus und verließ sie, wenn sie eintraten, denn es
188 1765 352 1846 hen, ihr
379 1773 1586 1830 waren andre vorauszufühlen. Vinzenz Chiavacci hatte
379 1823 1582 1882 damals zwei Urwiener Typen geschaffen, die „Frau
383 1871 1579 1925 Sopherl vom Naschmarkt" und den „Herrn von
173 1857 350 1948 s Hin¬
379 1915 1575 1980 Adabei. Ein idealer Herr von Adabei, aber auch das
173 1936 348 1996 er nicht
385 1967 1573 2032 Gegenteil, war Hermann Bahr. Anscheinend aben¬
179 1986 346 2048 empfing
383 2017 1579 2069 teuernd und wetterwendisch, drehsüchtig und ver¬
177 2036 346 2094 gefinger
379 2065 1577 2130 wandlungslüstern, suchte er immer nach höheren, nach
185 2084 348 2140 se bein
383 2117 1571 2171 reicheren, immer besseren Blickpunkten für die Welt.
188 2128 354 2190 sondern
377 2165 1577 2219 Ach, und die Welt stand bis zum Gipfel hinauf voll von
183 2180 344 2236 dina¬
379 2215 1577 2269 neuen halb= und unentschleierten Göttern. Es war,
185 2225 344 2296 bereiter
373 2261 1579 2317 wie der Verarmte hinterher sieht, eine reiche Zeit. Da
179 2275 344 2344 ben.
383 2307 1571 2365 standen Ibsen, Strindberg, Nietzsche, da war Stendal,
190 2319 350 2380 er mit
377 2359 1582 2413 Bourget, Baudelaire, Verlaine, Zola und Maurice
185 2365 348 2428 immer
373 2403 565 2463 Barrès
621 2405 1573 2465 jener Barrès, nach dem Bahr sich horchend
171 2415 346 2488 under
206 2457 1573 2513 es mit aufrichtete, da waren die Brüder Goncourt, Huys¬
381 2503 1573 2553 mans, Wilde, da waren Schnitzler, Hofmannsthal, Max
171 2511 346 2588 ben, ich
373 2551 1573 2609 Burckhardt, Kold Hauptmann und
173 2563 327 2619 art.
377 2596 1573 2663 Halbe — kurz, es war des Entdeckens, Enthüllens,
177 2609 344 2669 kündeter
383 2648 1573 2711 Entschleierns kein Ende. Und Hermann Bahr, hin¬
177 2657 352 2713 Kultur¬
383 2690 1579 2751 gerissen von der Fülle, ein geborner geistiger
185 2703 340 2759 Bahn
373 2740 1573 2805 Schlangenmensch, fand sich zu jedem, wurde Dekadent
177 2751 346 2821 nntags¬
377 2792 1579 2846 und Impressionist, Naturalist und Uebernaturalist,
177 2801 344 2859 goldn.
179 2842 1573 2911 gemacht Bejaher und Ueberwinder, er holte die Zukunft ein und
185 2890 1565 2971 gleichen blickte dann zurück. Das Zeichen, worin er geboren,
377 2938 1573 3001 wurde, war der Sagittarius, der Bogenschütze, der „in
196 2944 346 3015 Jeden
179 2986 1559 3042 Couple alten Zeiten gern als Zentaur“ abgebildet wurde
171 3032 1554 3111 Wagner vorwärtsschnaubend, doch mit zurückgewendeten
167 3084 602 3153 sche Am Haupt.
471 3107 1552 3199 Und der, zu dem er vorwärtsschnaubend zurück
173 3134 346 3203 ner ist
377 3165 1552 3240 fand, hieß: Goethe. Es ist vielleicht sein allergrößte
183 3176 342 3244 Pötz¬
173 3221 1546 3282 saken, so Verdienst, den zukünftigsten Künstler Deutschlands, de
177 3278 1469 3359 er und allerweitest vorangedrungenen eingeholt, den
1742 1332 3328 1473 Dämmer des nächsten Jahrhunderts Stehenden den es erschien 180,
1744 1423 3344 1534 Deutschen bekanntgemacht zu haben. Hatte Richard nähe der gläubi
1734 1471 3351 1575 Wagner als Kapellmeister durch neue Zeitmaße den er immer gewesen
1736 1523 3353 1625 Sinn der Beethovenschen und Weberschen Melodie er¬ er sich selbst nannt
1732 1563 3351 1669 klärt, so erklärte Bahr den verschollenen Goethe mit auf dem Vortrags
1734 1621 3363 1717 dem Gehör für die inneren Werte, und man darf ihn der von Oesterre
1738 1669 2917 1788 ehrenvoll den Generalmusikdirektor J. W. v. Goethe
2951 1694 3353 1761 gleichen Eifer spra
1732 1715 1913 1777 nennen.
2946 1744 3353 1809 Naturell der Duse.
1825 1773 2921 1865 So drang die „interessante Begebenheit Hermann
2944 1792 3353 1863 Ohr: Ex Austria
1727 1796 3353 1917 Bahr in seine Zeit ein und wurde eine Macht. Er hat was heute an
1725 1867 2913 1955 Adalbert Stifter wiederentdeckt, und er war der erste
2946 1888 3328 1963 Sehers. Nach
1725 1913 2907 2000 der das Rätsel Hugo Wolf erriet. Er schildert Wolf, wie
2938 1932 3353 2005 Leiter des Burgt
1711 1969 2905 2057 er in einer Dachkammer des Trattnerhofes am früher
2942 1982 3353 2057 persönlich wenigen
1719 2019 2911 2092 Morgen seinen eben vom Trinken und „Drahn" heim¬
2938 2034 3351 2107 Direktor gegeben
1717 2069 2907 2142 gekehrten Kameraden schwelgerisch Verse aus Kleist
2942 2082 3334 2150 und lehrreichsten
1717 2111 3353 2194 „Penthesilea" vorlas. Und er hat in einem ans Okkulte wenn man Bahrin
1723 2159 2903 2244 streifenden Einakter („Der arme Narr") — Kainz gal
2926 2173 3334 2238 Füßen sitzen und
1717 2203 2898 2288 ihn unvergeßbar - Wolf, den Narren, über die Berufs¬
2926 2228 3347 2294 aus einem Bahrsch¬
1713 2250 2903 2344 und Normalmenschen triumphieren lassen, weil er die
2936 2269 3338 2340 Ignaz Seipel kam
1713 2298 2903 2378 Fähigkeit besaß, eine einzige deutsche Versmelodie zu
2936 2319 3355 2390 Bahr zu einem S
1705 2353 2894 2459 hören, die die andern eben nicht hörten: „Der Herbst
2921 2367 3347 2430 über die Ringstra
1711 2394 2171 2475 schaut übers Joch.
2932 2413 3353 2492 Berufen Gott dien
1800 2446 2905 2534 Bahr wurde, sagten wir, eine Macht, ohne es zu
3024 2469 3338 2546 Es gab zuletzt
1702 2498 2886 2580 wollen: plaudernd, systemlos lehrend, im Kaffeehaus
2926 2507 3355 2592 Bahr, dessen Pha¬
1705 2553 2884 2628 in seiner Wohnung, in seinen Büchern eine Macht. Ein
2917 2567 3347 2640 Müde und mit verk
1700 2588 2888 2682 Thema tippte ihn an, die Brause seines Geistes entlut
2921 2615 3330 2692 Mund. Eine große
1707 2642 3328 2738 sich. Und wir alle haben von ihm gelernt wie die der sich selbst nicht
1702 2698 2890 2767 Koranschüler in der Medresse, auch die, die nur in
2921 2713 3351 2786 Czernowitz präsenti¬
1705 2740 2892 2821 Distanz von ihm lebten, nicht sein Kaffeehaus, seine
2921 2769 3334 2846 mochte es wissen.
1696 2782 2884 2876 Wohnung, auch ihn selbst nicht kannten, kein Gespräch
2921 2815 3347 2894 wachen Geist, ein
1696 2836 3180 2944 keine Korrespondenz mit ihm pflogen, nicht einmal seine ausbrannte.
1692 2888 2890 2963 Bücher lasen. Er wirkte, weil er da war. Wie jede Kraft
3009 2886 3355 2988 Und es die
1692 2930 2880 3009 durch die Luft wirkt. Wie Wagner auf den Komponisten
2915 2955 3338 3034 lange vor Hermann
1684 2978 2873 3051 der „Alda", obwohl Verdi bloß die „Tannhäuser
2909 3015 3353 3080 steller und Dichter
1690 3024 2878 3107 Ouvertüre kannte. Oder wie es heute noch auf dem
2909 3063 3313 3136 der Dramen und
1686 3080 2869 3159 Balkan ist, wo man in Tetowo genau weiß, was der
2911 3115 3340 3178 Schulmeister, Anak
1690 3124 2863 3213 Fremde in Monaster gesprochen hat. So wirkte Bahr
2905 3163 3353 3232 Proteus seiner selbst
1786 3180 2871 3267 Es gab einmal einen jungen Hermann Bahr, der
2903 3213 3349 3292 steht heute der weiß
1682 3230 2863 3321 sein Einjährigenfahr bei den Deutschmeistern machte
2901 3265 3349 3351 Bahr vor uns, al¬
1680 3292 3328 3376 das Virginiastroh hinterm Ohr, „Sechser“ an den gewesen: nunquam
1682 3330 3355 3432 Schläfen, vibrierend von Feschität. Es gab, wir sahen das Motiv dieser for
1675 3386 3342 3505 es, den dreißigjährigen Frondeur Hermann Bahr, und Fluß befindlichen
