3392 4352
173 290 1036 411 13. Miscellaneous
1212 299 1638 395 box 44/6
2129 162 2515 215 TELEPHON -2-
1926 282 2273 368 Ausschnitt aus:
1934 512 2052 572 vom
2211 485 2324 584 11.
1979 605 2792 697 Jules Romains in Wien.
1884 685 2974 751 Jules Romains, der bekannte französische Dichter, ist
1806 731 2977 808 jestern abend, von Paris kommend, hier eingetroffen, wo er
1806 787 2983 847 m Rahmen des Kulturbundes heute abend im Konzerthaus
1806 838 2986 890 inen Vortrag über „Auteur et public" halten wird. Er
1809 884 2983 944 st in Wien kein Unbekannter mehr. Zu wiederholten Malen
1800 938 2984 992 hat er sich hier aufgehalten, namentlich anläßlich der großen
1800 983 2986 1043 Beethoven=Feierlichkeiten und der Aufführung seines
1803 1033 2987 1093 Diktator“ im Burgtheater. Jules Romains hat in jungen
1803 1079 2987 1144 Jahren den „Unanimismus" begründet, der für die zeit¬
1800 1127 2986 1193 genössische französische Literatur von entscheidender
1803 1184 2076 1252 Wirkung war.
1887 1221 2987 1281 Nachdem Jules Romains seine Wiener Freunde be¬
1797 1275 2984 1336 grüßt hat, entspinnt sich bald ein Gesprach, das sich natürlich
1794 1327 2983 1384 um die zeitgenössische Literatur im allgemeinen und speziell
1797 1386 2417 1434 um das Werk des Dichters dreht.
1887 1411 2989 1488 „Wie Sie wissen, widme ich mich jetzt ganz meinem
1791 1468 2989 1539 großen Romanzyklus „Les Hommes de bonne volonté, dessen
1806 1521 2995 1588 fünfter und sechster Band eben erschienen sind. Ich sehe noch
1794 1572 2989 1632 eine weite Entwicklung dieses Werkes voraus, an dem ich
1797 1615 2996 1671 bisher nur Freude erlebt habe. Dieses Werk, das einen
1797 1669 2989 1725 Querschnitt durch das französische Leben der letzten fünfund¬
1797 1720 3001 1791 zwanzig Jahre darstellt, soll noch sehr ausgebaut werden. Ich
1800 1771 2995 1827 arbeite aber außerdem gleichzeitig noch an einem großen Ge¬
1800 1811 2995 1878 dicht L'homme blanc. Ab und zu aber verlasse ich ganz gern
1800 1866 2992 1932 mein Arbeitszimmer und gehe auf Reisen. So habe ich jetzt
1800 1917 2989 1976 eine große Vortragstournee hinter mir, die mich durch
1800 1965 2992 2018 Norwegen und Dänemark geführt hat und auf der ich außer
1803 2015 2992 2075 dem heutigen Thema auch ein zweites behandelte, in dem ich
1791 2060 2992 2115 zu ergründen suchte, was Europa vom französi¬
1803 2111 2518 2172 schen Geiste zu erwarten hat.
1893 2135 2995 2210 Wir stehen in der Literatur jetzt im Stadium der Ver¬
1797 2208 2986 2271 wirklichung und haben das Suchen und Tasten der Nach¬
1800 2259 2989 2316 kriegszeit überwunden. Das Publikum verlangt von uns
1803 2309 2989 2367 Dichtern mehr als Essays und Skizzen, es will wieder größere,
1800 2360 2989 2422 langatmigere Werke zu lesen bekommen. Eine gewaltige
1800 2408 2986 2458 Reaktion gegen den oberflächlichen Snobbismus der „Jazz¬
1797 2458 2989 2518 literatur", wie ich diese Nachkriegsprodukte nennen möchte,
1803 2501 2989 2563 macht sich immer mehr bemerkbar. In Frankreich ist man
1794 2549 2989 2609 überhaupt Neuerungen viel schwerer zugänglich: alles wird
1794 2597 2989 2657 nur sehr langsam und vorsichtig aufgenommen, dafür aber
1794 2648 2989 2713 wiel länger und ausdauernder bevorzugt. Deshalb wirken sich
1800 2701 2989 2756 verschiedene kurzlebige Richtungen, die in andern Ländern
1797 2743 2992 2807 immerhin eine Zeitlang bestehen, bei uns erst gar nicht
1800 2798 2989 2852 aus. In meinen Mußestunden schreibe ich auch für eine große
1809 2849 2986 2905 Zeitung, die „Dépêche de Toulouse, politische Aufsätze und
1803 2894 2983 2956 Betrachtungen. Da das Blatt in französischen Parlaments¬
1800 2947 2984 3006 kreisen sehr verbreitet ist, so habe ich oft mit Genugtuung
1803 2996 2987 3051 feststellen können, daß meine Meinung eine sehr direkte
1800 3045 2980 3106 Wirkung auf die Debatten ausgeübt hat. Innige Freundschaft
1800 3097 2986 3151 verbindet mich mit Stefan Zweig, dessen Umdichtung von
1809 3136 2978 3205 Volpone“ ich in Paris aufführen lassen konnte. Jetzt, da ich
1803 3192 2983 3249 wieder in Wien weile, muß ich in trauernder Erinnerung
1806 3238 2975 3300 zweier zu früh verstorbener großer österreichischer Dichter ge¬
1806 3285 2977 3345 denken, die beide in Paris und Frankreich als Repräsentanten
1803 3331 2977 3387 des geistigen Oesterreichertums viele Freunde und Bewunderer
1800 3387 2984 3439 haben: Arthur Schnitzler und Hugo v. Hofmannsthal. Ich
1800 3429 2984 3486 würde sehr begrüßen, wenn die empfindsamen, schönen
1800 3475 2977 3547 lyrischen Essays von Hofmannsthal ins Französische übersetzt
1947 3534 2066 3598 den.
1902 3588 2315 3669 In meinem Wi¬
1851 3647 2301 3735 ich keine
1863 3707 2291 3776 auf Grund
2561 3720 2840 3795 persönli-
1835 3765 1976 3839 chen
2525 3783 2831 3852 was das
1868 3818 2120 3899 in
2528 3831 2872 3906 in den ver¬
1857 3876 2187 3956 chiedenen
2533 3881 2782 3960 schaffen
2560 3944 2762 4017 ever.
2543 4005 2696 4064 a
2483 4053 2615 4137 the
