3344 4352
148 261 286 364 13.
384 261 990 373 scellaneous
1187 257 1620 362 box 44/6
378 624 1189 749 OBSERVER
465 720 1140 791 1. österr. behördl. konzessioniertes
434 767 1173 847 Unternehmen für Zeitungs-Ausschnitte
514 827 1097 905 WIEN, I., WOLLEILE 11
570 885 1035 954 TELEPHON R-23-0-43
2081 966 2280 1077 an
429 992 974 1075 Mittwoch, 27. September
2190 1178 3060 1272 doch, sollte man meinen, eine gemeinsame
2184 1267 3060 1319 und einheitliche, es war die Ehre des Schrift¬
892 1180 1607 1386 HET
2195 1312 3060 1363 stellers, des geistig schöpferischen Menschen,
2195 1361 3060 1421 des geistig kameradschaftlichen Menschen. Es
2193 1410 3062 1482 war und ist aber auch gerade in diesem Zeit¬
2199 1457 3060 1515 punkt die Ehre des geistigen Oesterreich.
2193 1511 3064 1564 Daß eine österreichische Verbrüderung intel¬
572 1493 1971 1600 Der zertrümmerte Penklub
2199 1551 3062 1614 lektueller Persönlichkeiten zersprengt wird
2184 1600 3057 1665 aus keinem anderen Grund, als, weil in
2190 1654 3060 1714 Deutschland, in jenem Deutschland, das wir
472 1690 2159 1754 Das Ereignis an sich ist betrüblich, aber, den Antigeist gehört, daß es jetzt gewisser¬
2190 1699 3062 1761 kaum mehr kennen und wiedererkennen, die
384 1743 1258 1815 nicht überraschend. Der Wiener Penklub war
2190 1750 3060 1810 Schicksalskollegen gerade dieser Persönlich¬
1294 1757 2159 1806 maßen eine Dienstpflicht enthusiastischer
2190 1801 3060 1857 keiten geschmäht, verfolgt und totgeschwiegen
1299 1801 2161 1848 Unbedenklichkeit gibt. Als der Penklub¬
396 1799 1258 1860 nie eine wirklich geistige Verbrüderung. Er
2195 1851 3062 1909 werden — das ist ein jämmerlicher Tat¬
1299 1848 2159 1906 Präsident Felix Salten nach Ragusa fuhr,
396 1851 1249 1911 gab öfters Anlaß und nicht nur Vorwand
2197 1895 2349 1967 bestand.
1299 1902 2161 1958 wollte er der Hitler=Diskussion überhaupt
393 1904 1256 1962 zu mitunter auch würdigem geselligen Bei¬
1294 1944 2159 1996 ausweichen und hat diese Absicht, die er
402 1958 1256 2009 sammensein. Er ermöglichte manche schöne
2280 1938 3060 2038 Der Wiener Penklub — schließlich hat
1299 1996 2152 2047 übrigens in Ragusa selbst mit anerkennens¬
387 2009 1254 2070 und auch notwendige Geste der Huldigung
2195 2025 3057 2079 er noch immer Zeit und Möglichkeit dazu —
1292 2043 2155 2096 werter Deutlichkeit korrigierte, später mit
396 2052 1254 2114 für diesen oder jenen Besucher aus geistigen
2190 2070 3060 2134 müßte gerade jetzt in die vaterländische
1290 2094 2150 2143 der Rücksicht auf jene reichsdeutschen Kame¬
389 2105 1249 2166 Gefilden. Die innere Verbundenheit der hie¬
2195 2119 3053 2177 Front des Geistes einrücken. Es gab und
1290 2139 2152 2201 raden, die der Verfolgung knapp noch ent¬
382 2157 1249 2217 vereinigten Schriftsteller jedoch durfte nie¬
2193 2172 3057 2235 gibt diese vaterländische Front vermutlich
1299 2190 2150 2246 gangen waren, begründet. Es war also eine
382 2208 1252 2271 mals überschätzt werden. Dabei spielte das
2201 2222 3060 2280 sogar nicht erst, seit Grillparzer die Träume
1290 2239 2148 2291 menschliche Absicht, über die sich im Augen¬
389 2264 1247 2324 politische Moment eigentlich noch die ge¬
2199 2271 3060 2333 seiner Bitterkeit ausschöpfte und Arthur
1299 2284 2159 2345 blick, wäre sie in jenem Augenblick so genau
384 2313 1247 2367 ringste Rolle. Es ist jetzt viel die Rede von
2193 2315 3062 2389 Schnitzler die Wienerwaldhänge seiner
1294 2331 2155 2396 formuliert worden, gewiß hätte diskutieren
389 2365 1247 2427 dem „überparteilichen Charakter des Pen¬
2193 2353 3062 2427 Levete entlang schritt. In dieser Front
1290 2385 2155 2436 lassen. Sehr bald aber schwanden ja alle
2190 2421 3060 2470 gibt es auch keinen Unterschied und keinen
382 2412 1254 2474 klubs. Die Wahrheit ist, daß sein eigentlicher
1299 2434 2146 2490 solche Möglichkeiten und Spekulationen auf
2190 2467 3071 2526 Gegensatz der Meinung, soweit diese wie
387 2467 1249 2532 Gründer John Galsworthy an politische
1290 2483 2146 2561 einen letzten Rest humanitärer Gewissens¬
2190 2510 3053 2566 jede wahre und aufrechte menschliche Ge¬
387 2517 1258 2586 Spaltungen kaum ernstlich gedacht hat.
1292 2528 1754 2599 regung der Nazisieger.
2190 2568 3057 2631 sinnung auch die Achtung des ehrenhaften
387 2572 1252 2631 Schon deshalb nicht, weil in England poli¬
1375 2568 2146 2631 Es gab und galt also nun nichts an¬
2184 2617 2657 2686 Gegners miteinschließt.
387 2622 1247 2678 tische Umstände und Gedankengänge niemals
1283 2626 2146 2680 deres mehr als die Ehre des Wiener Pen¬
382 2669 2175 2767 rein gesellschaftliche und schon gar nicht klubs zu retten und diese Ehre war denn
2514 2660 3017 2762 Ludwig Ullmann.
382 2722 1254 2809 kameradschaftliche Bindungen sprengen
384 2771 552 2845 könnten.
474 2800 1254 2885 Auch bei uns in Wien hat, so oft der
389 2856 1247 2941 Penklub sich um seine Souper-Tischchen
382 2937 1254 2988 versammelte, keiner von uns je an politische
382 2981 1249 3042 Gegensätze gedacht. Innerhalb eines nor¬
378 3028 1249 3091 malen staatlichen und geistigen Lebens wäre
375 3078 1249 3151 dies auch völlig absurd gewesen. Es mußte
378 3136 1254 3194 erst das Hitler=Ereignis kommen, von dem
384 3187 1249 3245 freilich die meisten Penklubmitglieder bis
378 3243 1249 3301 heute noch nicht begriffen zu haben scheinen,
375 3292 1245 3352 daß es im Grunde ein unpolitisches Ereig¬
373 3350 1245 3411 nis, nämlich ein Ereignis gegen jede mensch¬
378 3397 1249 3453 liche und gesittete Form von Politik ist.
373 3446 1249 3516 Dies vor allem hat den Wiener Penklub
378 3498 1247 3560 dem Untergang geweiht: daß man angesichts
375 3554 1240 3612 der völligen Niedertrampelung und Aus¬
375 3598 1245 3668 peitschung allen Geisteslebens im Dritten
378 3656 1249 3710 Reich noch immer an dem vor allem den
382 3699 1240 3777 Tatsachen noch völlig gegenstandslos ge¬
375 3753 1240 3815 wordenen Begriff eines geistigen Deutsch¬
378 3808 1240 3862 land festhielt. Oder vielmehr besser gesagt:
378 3858 1247 3916 dieses geistige Deutschland, das heute nur in
375 3907 1240 3969 der Emigration existiert, mit jenen Nazi¬
378 3965 1240 4021 agenten identifizierte, die sich unterdessen als
369 4016 1245 4068 neuer gleichgeschalteter deutscher Penklub
375 4065 1247 4141 etabliert hatten. Es konnte kein Einverständ¬
369 4119 1245 4175 nis geben, auch kein stillschweigendes, mit
1001 4166 1185 4226 gen
