3436 4352
201 305 356 395 13.
387 313 1046 410 Miscellaneous
1242 309 1657 405 box 447
1951 161 2028 210 .
2493 175 3068 250 — Herr Kommerzialrat Julius
1959 196 2455 249 Zentralfriedhof, erstes Tor).
1956 231 3059 285 Herzberg zeigt den Tod seiner Gattin an, die nach langem,
1954 272 3052 346 schwerem Leiden gestorben ist. (Begräbnis erfolgt in aller Stille.
2050 325 3070 390 (Richtigstellung.) In dem Feuilleton von Marie Herz¬
1956 372 3062 426 feld „Die „Corona“=Schriften", das wir in der Nummer vom 9. d.
1948 405 3065 459 veröffentlicht haben, soll es Spalte zwei, Zeile 18, richtig heißen:
1965 444 3070 505 „Goethes Künstler wallen"; Spalte drei, Zeile drei: „Wenn er
1954 490 2149 548 stürbe.
2087 582 2937 706 Hermann Bahr.
2697 699 3035 782 Wien, 16. Januar.
2043 766 3068 841 Hermann Bahr ist gestern abend in München ge¬
1958 822 3076 890 storben. So erschütternd die Nachricht von seinem Hinscheiden
1954 871 3082 932 auf alle wirkt, die ihn gekannt und geliebt haben, sie mutet
1948 914 3079 965 beinahe versöhnlich an gegenüber jener Meldung, die vor
1951 959 3082 1015 wenigen Wochen aus München kam und die davon sprach,
1951 1005 3082 1062 daß dieser Mann der steten Bewegung und Beweglichkeit,
1954 1051 3082 1117 Aneiferer und Befeuerer, Führer und Wegebereiter, zu lang¬
1962 1094 3085 1156 wierigem Siechtum, zu einem dumpfen, seiner selbst und der
1962 1140 3083 1205 Umwelt nicht bewußten Dahinwegetieren verurteilt sei. Un¬
1965 1184 3092 1254 faßbar ist es gewesen, daß Hermann Bahrs Lebensabend dem
1959 1233 3079 1292 eines bedauernswerten, seiner Vernunft beraubten, teil¬
1962 1275 3096 1343 nahmslos vor sich hinstierenden Kranken gleichen sollte. So
1956 1320 3088 1387 wird denn der Tod Hermann Bahrs ihm und uns zur Er¬
1966 1370 3091 1430 lösung. Kein Zufall, daß man den Nachschlagewerken miß¬
1965 1413 3095 1476 traut, die von ihm zu berichten wissen, daß er zweiundsiebzig
1959 1465 3095 1528 Jahre alt geworden sei. Die billige Nekrologphrase von der
1959 1506 3101 1565 ewigen Jugend, die ihm die Götter geschenkt hätten, wäre
1972 1558 3098 1627 fehl am Platz. Er selbst hat auf die Stürme seiner Jugend
1964 1601 3095 1670 mit einem abgeklärten, ein wenig ironischen Lächeln zurück¬
1968 1650 3098 1715 geschaut und sich schon seit Jahrzehnten mit besonderer Vor¬
1965 1696 3101 1754 liebe in der Rolle des Patriarchen gefallen, der mit nie ver¬
1971 1741 3106 1807 lagendem Interesse und vom Herzen kommender Teilnahme
1965 1797 3096 1852 die Aufsteigenden und die Werdenden auf ihren ver¬
1977 1836 3111 1899 schlungenen Lebenspfaden begleitete und behütete. Hermann
1971 1882 3098 1949 Bahr selbst aber ist insofern ein Junger geblieben, als er sich
1965 1945 3104 1994 bis zuletzt, bis zu seiner schweren Erkrankung jene Auf¬
1965 1987 3104 2043 nahmsfähigkeit und Aufnahmsbereitschaft für Menschen und
1974 2020 3108 2082 Ideen gewahrt hat, die ihn zu einer einzig dastehenden Er¬
1979 2064 3099 2133 scheinung in unserem Geistes- und Kulturleben gestempelt
1974 2117 3104 2185 hat, auch wenn der Dichter und Essayist nicht selbst von einer
1974 2162 3000 2234 wahrhaft staunenswerten Produktivität gewesen wäre.
2057 2217 3106 2288 Was hat man über Hermann Bahrs Wandlungen und Be¬
1968 2274 3106 2334 kehrungen gelächelt und gespöttelt! Wie oft hat man seine Ueber¬
1977 2317 3106 2383 zeugungstreue, die Echtheit seiner Begeisterung angezweifelt!
1979 2378 3108 2434 Mit Unrecht. Hermann Bahr hat zu allen Zeiten an das ge¬
1982 2415 3105 2480 glaubt, für was er sich begeisterte. Er hat den Mut gehabt,
1985 2462 3106 2529 seine Irrtümer öffentlich einzugestehen und von Ent¬
1977 2501 3112 2563 täuschungen unbeirrt, neue Wege einzuschlagen. Wer Her¬
1982 2553 3112 2616 mann Bahrs Wirkung auf eine ganze Generation verstehen
1977 2613 3106 2671 will, der muß sich jene Zeit vergegenwärtigen, in der Oester¬
1979 2645 3115 2707 reich geistig unendlich viel weiter von Westeuropa entfernt zu
1990 2691 3111 2759 sein schien, als es seiner geographischen Lage entsprach. Da
1982 2741 3116 2802 kam der junge Hermann Bahr aus Paris, wo er neue Ge¬
1979 2783 3109 2855 danken in sich aufgenommen hatte, für neue Dichter ge¬
1992 2830 3121 2907 schwärmt hatte, von neuen, hier unbekannten Schauspielern
1982 2882 3118 2944 in Ekstasen versetzt worden war. In Wien aber herrschte un¬
1985 2927 3122 2999 gestörte, ein wenig selbstgefällige Ruhe. Es war nicht gerade
1982 2971 3116 3033 ein Sumpf. Wohl aber stilles, unbewegtes Brachwasser, das
1988 3023 3114 3091 Hermann Bahr zu hochgehenden Wogen aufpeitschte. Daß er
1991 3066 3112 3125 im Widerspruch gegen die Schwerfälligen und die Be¬
1991 3112 3118 3175 harrenden, die Lobredner vergangener Tage, die selbstsicheren
1982 3160 3116 3223 Beherrscher des literarischen und künstlerischen Geschmackes
1988 3211 3118 3269 gelegentlich des Guten zu viel tat, daß ihm das épater le
1982 3254 3118 3319 bourgeois, den Spießbürger verblüffen, zur Hauptsache und
1994 3300 3125 3370 zum Selbstzweck wurde, gehört auf ein anderes Blatt. Aber
1988 3346 3118 3404 rückschauend wird man heute erkennen, daß eine Erscheinung
1988 3394 3125 3454 wie Hermann Bahr. Aufrührer und Rebell, für unsere geistige
1988 3438 3131 3518 Weiterentwicklung eine Notwendigkeit gewesen ist und ein
1988 3493 2270 3569 Segen zugleich.
2082 3532 3112 3617 Dieser Jüngling, dessen Lebensschmerz es bildete, nicht
1985 3588 3112 3660 auf den Pariser Boulevards geboren zu sein, kam aus Linz.
1988 3647 3115 3707 Sohn einer ehrenfesten, angesehenen bürgerlichen Patrizier¬
1997 3694 3116 3752 familie. Der Vater ein gesinnungstreuer, liberaler Politiker,
1991 3743 3112 3798 der sich in der oberösterreichischen Landesstube um das
1991 3789 3118 3850 Gedeihen seiner engeren Heimat ungemein verdient gemacht
1991 3837 3121 3887 hatte. Natürlich war der junge Bahr sofort ein wütender
1988 3884 3118 3939 Antiliberaler, Schönerianer von reinstem Wasser, Korn¬
1988 3930 3118 3982 blumenschwärmer und überzeugter Antisemit. Er war einer
1991 3976 3125 4035 der ersten, welche die Burschenschaft, der sie angehörten, ins
1994 4022 3121 4072 radikale Fahrwasser hinüberführten. Der „Albia gehörten
1991 4065 3121 4118 damals Hermann Bahr und — Theodor Herzl an. Wütende
1968 4113 3121 4174 Antipoden und persönliche Gegner. Was nicht ausschloß, daß
