3436 4352
1227 340 1655 421 box 4476
187 334 312 427 13.
376 346 1041 437 Miscellaneous
203 791 1333 840 gesagt, Oberschicht der wagenden, Gefahr suchenden, den
160 789 1333 884 schrieben, Tod verachtenden reinen Rassen versichert, dann ist
195 869 1345 939 zwingt überall der Sieg des abendländischen Geistes
152 901 721 974 seine Ge=dauernd verbürgt.“
158 942 326 995 Jede ha¬
155 978 318 1035 er ist es
162 1018 328 1088 richtigen
155 1077 325 1163 Romanen
165 1158 318 1210 Geschichte
165 1196 323 1246 ichs zei¬
162 1234 325 1286 chen Er¬
162 1274 325 1324 ist „Der
186 1313 322 1379 mitrei¬
224 1353 320 1402 „Die
154 1388 322 1445 Mensch!",
158 1432 312 1483 würdig¬
158 1470 318 1522 rah“. In
165 1512 315 1560 len un=
180 1551 320 1605 seinem
183 1624 306 1681 Zeitge¬
177 1652 309 1719 Oester¬
157 1704 312 1763 unser
226 1748 314 1816 und
215 1821 311 1883 allen
155 1885 303 1970 achtung
155 1958 306 2013 zur sehr
165 2040 300 2095 jen, ge¬
158 2086 302 2145 nis-
219 2126 297 2182 vom
186 2168 300 2214 ig von
171 2205 300 2254 nismus
177 2246 294 2295 meisten
190 2284 296 2334 Tage¬
158 2321 294 2369 en von
177 2362 296 2421 Selbe¬
165 2497 297 2568 einer
1985 460 2633 584 österr. behördl. konzessioniertes
1956 504 2660 628 Unternehmen für Zeitungs-Ausschnitte
2031 576 2598 693 WIEN, I., WOLLIELE
2109 634 2549 731 TELEPHON -
1928 786 2281 894 Ausschnitt aus:
2302 971 2411 1067 23
1949 1050 2069 1100 von
2558 1112 2717 1280 an
2159 1176 2436 1285 der
1958 1262 3092 1350 Persönliche Erinnerungen zum siebzigsten
2362 1330 2682 1403 Geburtstag
2476 1374 2569 1457 Von
2376 1429 2679 1534 Rudolf Holzer.
2033 1490 3124 1586 Ihr siebzigster Geburtstag ward mir zur reinsten Geister¬
1917 1562 3121 1626 beschwörung. Mögen Ihre Verklärung und „Himmelfahrt
1923 1614 3134 1688 von Jahr zu Jahr vollkommener geworden sein, der Patriarchen¬
1923 1656 3147 1733 bart immer mehr und mehr Silber des Apostolats angenommen
1923 1710 3133 1778 haben, einen „Greis Hermann Bahr kann man sich nicht vor¬
1929 1761 3139 1836 stellen. Dazu kam Ihre Abwanderung von Wien, wodurch nicht
1929 1809 3133 1874 nur ein Kreis zerrissen wurde nein, womit eine ganz gewisse
1929 1856 3147 1932 geistige Epoche abgelaufen war und ihr Ende fand. Kein Zweifel:
1926 1908 3136 1972 mit Ihrem Abgang aus Wien hörte der letzte literarische Salon,
1923 1950 3140 2014 der sich freilich gar nicht in Salons abspielte, aber doch dasselbe
1926 2004 3134 2066 war, wie das romantische Bürgertum um Friedrich v. Schlegel,
1929 2051 3139 2120 die literarische Plutokratie um Bauernfeld, auf. Ueber ein
1935 2097 3136 2174 Feuilleton von Ihnen wütete oder freute sich Wien bis zum
1923 2139 3130 2203 nächsten; Ihre Theaterreferate waren Gegenstand heftiger Aus¬
1926 2194 3137 2257 einandersetzungen in sämtlichen Schauspieler, oder Literaten¬
1923 2255 2190 2327 kaffeehäusern.
2036 2286 3139 2350 So kann ich bloß leise bewegt, fast ergriffen von der Fülle
1923 2342 3130 2421 der Gesichte, bedrängt von Erinnerungen jener früheren Jahre
1923 2391 3127 2455 um Hermann Bahr gedenken. Es ist soviel von seinen „Ent¬
1929 2443 3127 2511 deckungen“ geschwätzt worden, daß glücklich eine Legende dar¬
1929 2491 3133 2552 aus geworden ist. Man darf sich Hermann Bahr ja nicht als eine
1932 2539 3134 2606 Art griechischen Philosophenoberlehrer vorstellen, der im Café
1932 2586 3136 2645 Griensteidel oder später in der Redaktion der „Zeit ein
1928 2625 3139 2705 Seminar abhielt übers Dichtenlernen. Ich habe Hermann Bahr
1929 2683 3133 2744 als nicht eigentlichen Gesellschaftsmenschen kennengelernt, nicht
1932 2728 3127 2788 einmal gesellig war er. Dazu mangelte ihm vor allem die Zeit,
1931 2782 3139 2836 denn ungeheuer war schon damals sein Arbeitsfleiß, sein Arbeits¬
1932 2827 3124 2894 fanatismus. Er arbeitete „spielend, aber er arbeitete eigentlich
1932 2878 3127 2936 den ganzen Tag, auch wenn er, die kaltwerdende Zigarre im
1923 2923 3118 2990 Munde, stundenlang sprach. Sprach, wie nur er es konnte. Da
1923 2974 3133 3048 er so blendend schrieb, war natürlich nur Uebertragung seiner
1923 3028 2238 3098 Rede in Schrift.
2036 3054 3137 3136 Er war nicht einmal sehr umgänglich, so daß ein sehr
1926 3122 3128 3188 liebenswürdiger, aber reichlich mit Tränen gespickter Prüfungs¬
1929 3172 3131 3232 raum zu durchmessen war, um an Bahr endlich heranzukommen.
1929 3218 3131 3279 Sein ganzes Entdecken bestand in seinem hinreißenden Beispiel,
1932 3268 3139 3328 in seinem Vorhandensein innerhalb einer völlig verkalkten,
1926 3317 3139 3383 akademischen oder versumperten Ungeistigkeit. Die schönen, aber
1932 3363 3139 3418 einseitigen Feuilletons von Ludwig Speidel, die blendenden
1935 3412 3139 3474 Inhaltsangaben meist biographischer französischer Erscheinungen
1932 3460 3136 3527 Hugo Wittmanns, die Sittenschilderungen Eduard Pötzls aus
1923 3512 3130 3588 dem Gruspelspitzgesichtswinkel, das war Wiens „literarisch¬
1923 3561 2261 3625 kritisches Leben"
2030 3573 3130 3669 Und plötzlich, im Verlauf von ganz wenigen Jahren, gab
1929 3652 3124 3710 es wirklich eine jungösterreichische Literatur. Schnitzler, Beer¬
1932 3695 3127 3761 Hofmann, Salten, Dörmann waren von Anfang an dabei.
1929 3753 3131 3805 Wirklich, mit dem ersten vollen Elan seiner ungeheuren
1923 3796 3133 3852 dialektischen Werbekraft rief er den Gymnasiasten Loris, bald
1923 3847 3125 3918 Hugo v. Hofmannsthal zum beglaubigten Nachfolger der hohen,
1926 3895 2366 3966 alten Oesterreicher aus.
2033 3915 3130 4000 Unsere Beziehungen waren von der ersten Stunde an,
1929 3994 3124 4050 bedenke ich es heute, eher nähere menschliche als literarische. Ich
1923 4041 3130 4103 hatte einen Vetter, der Bahrs Couleurbruder war, mit dessen
1929 4091 3131 4149 Karte und dem Manuskript einer kleinen Erzählung ging ich
1932 4132 3130 4189 eines Tages in die Günthergasse, wo die Redaktion der Wochen¬
1929 4184 3133 4239 schrift „Die Zeit" war. Ich hörte wochenlang dann nichs; also
