3344 4352
495 203 1110 243 österr. behördl. konzessioniertes
422 209 1143 296 Unternehmen für Zeitungs-Ausschnitte
485 286 1073 359 WIEN, I., WOLLEILE 11
555 349 1017 402 TELEPHON R-23-0-43
362 455 721 558 Ausschnitt aus:
359 674 485 761 vom
701 708 1067 851 die Stande,
432 837 1917 1053 Nur das Burgtheater feiert
754 1076 1641 1166 Hermann Dar¬
664 1179 1143 1279 Und die anderen
1173 1176 1668 1282 Wiener Theater?
306 1259 1146 1329 Hermann Bahr wird am 19. Juli siebzig
1173 1256 2040 1329 steller gewesen, der das Programm der
276 1316 1140 1372 Jahre alt. Er lebt längst in der Zurück
1170 1319 2037 1372 Wiener Theater mit jährlicher Premieren¬
276 1366 1136 1415 gezogenheit eines griechisch-österreichische
1170 1372 2037 1415 ware versorgte, der seine zwei, drei Stücke
276 1402 2040 1472 Philosophen. Nach vielen Jahren Salzburg ablieferte, weil für ihn gerade große und
272 1449 1143 1505 in München. Längst ist es still um ihn. Aber
1170 1452 2037 1522 gute Konjunktur vorhanden war. Denn
269 1495 2047 1548 neben Arthur Schnitzler muß er noch immer Hermann Bahr war einst als der Rebell des
269 1538 1140 1605 als repräsentativer Dichter Österreichs gel
1170 1545 2047 1601 jungen Wien verschrien, Frondeur gegen
272 1582 1136 1635 ten. Bisher hat kein Wiener Privattheate
1170 1591 2023 1658 die jüngste Vergangenheit, geliebt und ge
276 1625 2043 1681 daran gedacht, daß es Hermann Bahr zu¬ haßt. Der witzig-scharfe Geist, in dessen
269 1668 2043 1728 mindest in früheren Jahren große Erfolge Stücken das Wiener- und Österreichertum
269 1711 1136 1764 zu danken hatte. Nur das Burgtheater erin
1163 1721 2040 1768 eine gütig ironische, manchmal sogar eine
272 1754 1140 1814 nerte sich Hermann Bahrs. Es wird im Sep¬
1170 1761 2033 1814 mehr als ironische Kritik erfuhr, hat seine
269 1797 1140 1854 tember als Bahr-Feier Hermann Bahr
1170 1807 2047 1857 erbitterten Freunde und Feinde. Hermann
269 1834 2043 1904 Komödie „Der Meister“ herausbringen. Bahr gehört zum geistigen Bild dieser Zeit,
269 1877 1140 1944 „Der Meister" ist kein Stück, das den öster¬
1170 1891 2047 1960 Hermann Bahr war der Dichter, dem die
269 1937 2033 1987 reichischen Dichter Hermann Bahr zeigt, es Ehrentafel eines deutschen Theater¬
2053 1967 2133 2020 ses
2160 1967 2927 2030 wunderbar österreichische Schauspiel
259 1974 2033 2037 ist eines der problematischen Unterhaltungsprogramms, das Repertoire Otto Brahms
2053 2013 2774 2070 eines österreichischen Menschen?
2827 2013 2927 2067 Und
259 2013 1140 2080 stücke Bahrs, die vor Jahren als „kämpfe¬
1166 2020 1970 2090 nicht verschlossen blieb. Dort sah man
2057 2050 2927 2113 „Die Kinder“? Und „Ringelspiel? Eine
262 2063 1691 2113 risch“ im besten Sinne galten und sich gegen ist das schon vergessen?
1801 2067 2030 2130 die „Gelbe
2057 2103 2927 2153 Fülle bravourser witziger und geistig tiefer
269 2110 1146 2156 die Meinung des Publikums durchgesetzt
1170 2106 2023 2156 Nachtigall“ mit Albert Bassermann, der
2047 2143 2924 2199 fundierter Komödien, die freilich in keiner
262 2150 2023 2203 haben. Es gäbe andere Hermann Bahrs, die sah man — weiß denn das niemand mehr
266 2193 1140 2246 wieder zum Leben zu bringen Ehrenpflich
1239 2193 2930 2256 jenes merkwürdige Stück „Sanna“, eine Gesamtausgabe der Werke Hermanns Bahrs
262 2233 2927 2289 der vaterländischen Front des Burgtheaters der echtesten und typischesten Komödien erschienen sind. Denn so eine Gesamtaus¬
262 2269 2927 2356 wäre. Aber Röbbeling weiß wahrscheinlich Hermann Bahrs. Auch den „Meister" hat gabe gibt es nicht. Zu einem geschlosse¬
2053 2329 2924 2376 nen Oeuvre hat es Hermann Bahr nicht ge¬
262 2322 1000 2379 nicht, daß Bahr in Linz geboren ist.
1170 2319 2030 2376 Otto Brahms in einer Meisteraufführung mit
2057 2366 2924 2422 bracht. Er lebt als Autor der Leihbiblio¬
312 2366 2023 2442 Das Burgtheater tut wenigstens so, als Rudolf Rittner und Irene Triesch gespielt
269 2379 1140 2465 würde es eine innere Verpflichtung und eine
1206 2409 2924 2462 Und das „Konzert“? Es überdauerte eine theken weiter. Seine Bücher sind aus den
2053 2459 2930 2515 Auslagen verschwunden. Vielleicht kennen
266 2445 1136 2505 Dankesschuld an Hermann Bahr verspüren
1166 2435 2030 2512 Generation und lebt heute, da die Bühnen
2057 2495 2837 2565 sie die Theaterdirektoren darum nicht.
269 2499 1136 2558 Die anderen Theater schauen weg. Sie
1166 2505 2033 2555 sich nicht darum kümmern, einstweilen
262 2545 1140 2598 wollen scheinbar nicht wissen, wer Hermann
1166 2545 2047 2608 im Tonfilm weiter. Und der „Franz“? Die¬
2538 2542 2884 2618 Siegfried Geyer.
262 2582 1140 2645 Bahr ist und was Hermann Bahr für das
279 2628 1140 2691 Wiener Theater war. Im Volkstheater ist
269 2675 1130 2738 oft und oft die Wiege Bahrscher Erfolge
269 2724 1146 2774 und Bahrscher Premierenskandale gestan¬
262 2761 1150 2824 den. Hier war die nunmehr heute schon
262 2801 1140 2867 historische Erstaufführung der „Wienerin¬
269 2851 1136 2907 nen, bei der es faule Apfel gab, harmlose
272 2891 1150 2954 Wurfgeschosse, die den Unwillen eines
262 2934 1140 2994 bourgeoisen Publikums gegen die „revo¬
262 2980 1143 3040 lutionären Theorien des kühnen Hermann
269 3023 1140 3083 Bahr zum Ausdruck brachten. Auch das
266 3070 1143 3123 anarchistische Schauspiel „Die Andere von
269 3113 1136 3173 Hermann Bahr erblickte in einer stürmi¬
262 3156 1140 3220 schen Volkstheater-Premiere das Licht der
262 3200 1143 3269 Rampenwelt. Aber vielleicht weiß Direktor
266 3246 1136 3303 Jahn davon wirklich nichts. Zu seiner Zeit
269 3293 1133 3342 war die geschäftliche und künstlerische
266 3336 1136 3399 Glanzperiode Hermann Bahrs schon ein
262 3382 1140 3449 wenig verblaßt. Es sind aber genug Leute
262 3419 1136 3485 im Volkstheater, die ihn daran erinnern
262 3465 1140 3538 könnten, daß Hermann Bahr volkstheater¬
266 3512 495 3575 würdig ist.
302 3525 1140 3608 Die Josefstadt tut gleichfalls so, als wäre
256 3595 1136 3655 ihr die geistige Bedeutung Hermann Bahrs
262 3641 1140 3695 für das Wiener Theater nicht bekannt.
259 3685 1140 3738 Man hört nicht die geringste Notiz, die
256 3734 1136 3791 irgendwie daran erinnert, daß Hermann
269 3771 1136 3828 Bahr siebzig Jahre alt wird. Gerade für die
256 3814 1140 3874 Josefstadt gäbe es Möglichkeiten einer
266 3854 1136 3907 Hermann Bahr-Renaissance, die auch ihre
262 3904 1143 3960 geschäftlich guten Seiten hätte. Mit Paula
266 3947 1140 4000 Wessely und Hans Jaray zum Beispiel
262 3980 1140 4060 könnte man manches Werk Bahrs zu neuem
262 4030 681 4110 Theaterleben führen.
309 4047 1136 4123 Hermann Bahr ist ja schließlich nicht
259 4107 1136 4193 bloß ein beliebiger Unterhaltungsschrift¬
