3344 4352
1144 176 1851 216 où j'ai rendez-vous à midi, un fonc¬
1144 216 1857 266 tionnaire, d'ailleurs important, trouve
1144 255 1854 303 moyen de me faire faire le pied de
1135 302 1690 349 grue jusqu'à midi et demie.
1182 346 1857 391 Je ne suis pas à Paris : je ne pro¬
1138 373 1857 430 teste pas. Je retrouve seulement
1144 423 1860 471 l'Autriche bonasse d'avant guerre, où
1147 468 1861 530 le temps semblait avoir été donné
1147 513 1672 573 par Dieu, pour le gaspiller.
1281 554 1717 637 Dans les hôtels
1177 619 1848 675 Les garçons, dans les hôtels et les
1138 664 1852 710 restaurants chics de Vienne, ont tou¬
1138 699 1845 755 jours cette élégance désinvolte et par
1138 747 1848 794 faite qui me faisait dire : « Quel dom¬
1135 788 1860 838 mage qu’ils ignorent le français : on
1135 833 1851 882 ferait d’eux des jeunes premiers dé¬
1138 872 1684 922 licieux dans nos théâtres. »
1185 912 1851 968 Les maîtres d'hôtel, qui ont vu dé¬
1135 954 1864 1010 filer tant d'amoureux, se former et
1135 1006 1857 1051 se défaire tant de couples et s'opérer
1138 1047 1860 1096 des chassés croisés comme dans une
1138 1091 1863 1133 comédie de Schnitzler, sont, à
1141 1132 1863 1180 Vienne, des philosophes souriants
1129 1175 1860 1222 auxquels or confierait un jeune
1138 1218 1863 1268 homme de bonne famille un peu
1132 1260 1866 1305 niais, pour lui apprendre la vie, la
1129 1301 1854 1364 diplomatie et les femmes. Dès qu’ils
1135 1345 1854 1397 reconnaissent un client, surtout s'il
1141 1387 1851 1433 est accompagné d'une actrice célè¬
1129 1430 1854 1482 bre à Vienne, ils s'empressent, ils
1141 1477 1860 1527 papillonnent leur sourire se fait pa¬
1138 1517 1854 1564 ternel et flatteur. Don Juan reste leur
1138 1561 1857 1613 dole, et quand on a un peu abusé
1135 1604 1860 1654 de la vie, on se demande si, après
1132 1651 1852 1706 tout, ces philosophes du pourboire
1129 1688 1631 1739 n'ont pas un peu raison...
1180 1715 1857 1779 Car il n'est que deux solutions: ou
1123 1763 1851 1820 Spinoza (pour certains, c'est l'imita¬
1132 1815 1854 1865 tion de Jésus-Christ) ou bien le plai¬
1132 1855 1857 1907 sir, à Vienne, en prenant l’existence
1135 1900 1860 1949 comme une comédie légère dont on
1138 1942 1845 2004 jouerait le premier acte, à perpé¬
1128 1988 1263 2057 tuité...
1356 2020 1633 2098 Au Musée
1180 2072 1849 2157 Une heure libre, je me fais con¬
1128 2124 1459 2198 duire au musée.
1171 2155 1854 2229 D'avance, je sais que je ne retrou¬
1132 2212 1842 2259 verai pas mes enthousiasmes d'autre
1135 2256 1854 2304 fois. A force d’avaler des crapeaux,
1135 2296 1857 2354 dans la vie, disait un autre, il faut
1138 2344 1852 2394 que le cœur se bronze ou se brise...
1138 2386 1794 2435 Parfois, il se ratatine, seulement.
1177 2436 1857 2482 Le musée s'est fortement enrichi.
1132 2473 1857 2523 Notre Louvre n'a peut-être pas fait
1129 2514 1860 2570 autant d'acquisitions... On a déplacé.
1138 2561 1852 2606 reclassé les œuvres. Je retrouve mes
1138 2605 1852 2654 vieux amis : leur place importe peu
1177 2646 1852 2698 Velasquez enfonce ici tous les pein¬
1138 2684 1853 2739 tres portraitistes du monde, sauf Bot¬
1138 2735 1858 2779 ticelli : il contient Goya, d'avance. Ou
1138 2771 1854 2828 plutôt son gendre, del Mazzo, fait
1138 2817 1853 2874 la transition entre lui et Goya (à sup¬
1135 2858 1857 2914 poser que « La Famille du Peintre »,
1144 2903 1860 2961 jadis attribuée à Velasquez et depuis
1138 2950 1858 3000 quelques années passées à del Mazzo
1144 2988 1860 3044 par le caprice des conservateurs, ne
1137 3027 1857 3083 soit pas de Velasquez : il serait tout
1138 3073 1858 3121 de même surprenan que ce del
1135 3109 1854 3167 Mazzo ait été un peintre aussi prodi¬
1138 3160 1678 3220 gieux que son beau-père...)
1180 3193 1861 3249 Au passage, je sombre dans le
1135 3240 1861 3296 Rembrandt, je dis bonjour aux seins
1135 3283 1866 3340 gonflés, au ventre charnu d'Hélène
1141 3333 1861 3381 Fourment (qu'eût dit Rubens de la
1138 3369 1861 3428 sinueuse Greta Garbo?), le Corrège
1138 3418 1857 3464 émotif me rappelle de charmants
1138 3457 1864 3507 souvenirs, la « Danae » du Titien
1138 3495 1855 3557 enseigne qu'un peu d'or est un talis¬
1144 3547 1859 3593 man auprès des dames, le « Maximi¬
1135 3592 1867 3646 lien le » de Durer évoque le destin
1141 3639 1864 3687 de la dynastie habsbourgeoise. Même
1138 3671 1860 3723 après Londres, le « Portrait de fem¬
1146 3720 1861 3766 me » de Hogarth reste l’une des ou¬
1144 3757 1859 3812 vres maîtresses de ce mangeur de
1144 3798 1702 3864 roastbeef inégal et furieux...
1254 3852 1756 3935 Un petit marbre...
1185 3916 1865 3973 Mais ce n'est pas là ce que je suis
1144 3966 1864 4020 venu chercher : dans les galeries
1147 4006 1869 4067 grecques, je sais un petit marbre, à
1141 4049 1863 4099 demi brisé, les restes d’un Hekataion
1141 4098 1871 4146 athénien, 30 centimètres de haut...
1156 4138 1873 4190 Trois jeunes filles, aux angles d'une
1153 4178 1864 4226 stèle, les mains enlacées, fixées, de
