3344 4352
1194 108 1897 184 verai pas mes enthousiasme d'au¬
1194 171 1915 232 fois. A force d’avaler des crapeaux,
1197 201 1915 267 dans la vie, disait un autre, il faut
1194 255 1906 306 que le cœur se bronze ou se brise..
1203 283 1851 349 Parfois, il se ratatine, seulement.
1242 326 1918 394 Le musée s'est fortement enrichi.
1199 367 1924 442 Notre Louvre n'a peut-être pas fait
1199 409 1916 485 autant d'acquisitions... On a déplacé,
1199 459 1924 518 reclassé les œuvres. Je retrouve mes
1205 499 1923 556 vieux amis : leur place importe peu¬
1250 539 1921 603 Velasquez enfonce ici tous les pein¬
1212 576 1915 651 tres portraitistes du monde, sauf Bot
1212 632 1933 691 ticelli : il contient Goya, d'avance. Ou
1212 660 1934 739 plutôt son gendre, del Mazzo, fait
1214 710 1927 783 la transition entre lui et Goya (à sup¬
1217 754 1935 822 poser que « La Famille du Peintre »,
1221 792 1932 868 jadis attribuée à Velasquez et depuis
1221 841 1936 910 quelques années passées à del Mazzo
1224 888 1939 952 par le caprice des conservateurs, ne
1221 921 1940 990 soit pas de Velasquez : il serait tout
1224 964 1936 1030 de même surprenan que ce de
1220 1005 1936 1077 Mazzo ait été un peintre aussi prodi¬
1223 1055 1757 1127 gieux que son beau-père...)
1266 1100 1948 1150 Au passage, je sombre dans le
1220 1131 1948 1214 Rembrandt, je dis bonjour aux seins
1218 1188 1950 1253 gonflés, au ventre charnu d'Hélène
1227 1218 1951 1288 Fourment (qu'eût dit Rubens de la
1227 1264 1954 1328 sinueuse Greta Garbo?), le Corrège
1229 1306 1942 1368 émotif me rappelle de charmants
1229 1347 1951 1418 souvenirs, la « Danae » du Titien
1230 1391 1945 1457 enseigne qu'un peu d'or est un talis¬
1230 1441 1954 1495 man auprès des dames, le « Maximi¬
1230 1484 1951 1550 lien le » de Durer évoque le destin
1230 1519 1950 1580 de la dynastie habsbourgeoise. Même
1230 1568 1953 1629 après Londres, le « Portrait de fem¬
1235 1605 1954 1674 me » de Hogarth reste l’une des ou¬
1244 1645 1967 1715 vres maîtresses de ce mangeur de
1238 1693 1801 1755 roastbeef inégal et furieux...
1359 1752 1861 1836 Un petit marbre...
1284 1816 1966 1883 Mais ce n’est pas là ce que je suis
1248 1855 1966 1923 venu chercher : dans les galeries
1248 1895 1963 1966 grecques, je sais un petit marbre, à
1242 1946 1975 2007 demi brisé, les restes d’un Hekataion
1242 1980 1978 2048 athénien, 30 centimètres de haut...
1257 2022 1973 2094 Trois jeunes filles, aux angles d'une
1251 2066 1977 2133 stèle, les mains enlacées, fixées, de
1247 2109 1976 2179 dos, dans une danse qu'elles ne
1250 2155 1976 2220 reprendront pas. Leurs formes, leur
1250 2200 1884 2265 sourire sont usés par le temps...
1295 2247 2021 2307 La grâce chaste de leurs mouve¬
1257 2289 1986 2354 ments, le rythme de leur geste est un
1256 2342 1997 2396 trésor ineffable, comme la statuaire
1266 2374 1993 2446 grecque en a produit vingt témoigna¬
1257 2424 1993 2488 ges, qui restent les titres de noblesse
1257 2455 1982 2524 de l'humanité. A demi hiératiques,
1263 2500 1990 2567 souples toutefois dans leur vêtement
1259 2548 1988 2609 qu'anime le vent de la danse, et sous
1266 2582 2002 2651 leur tiare voulue par le rite qu'elles
1265 2638 1518 2707 perpétuent...
1311 2641 1993 2748 J'avais vingt ans : au Dépôt des
1266 2723 1998 2784 Marbres, où Rodin m'avait fixé ren¬
1268 2752 1995 2828 dez-vous pour lui lire des choses que
1274 2797 2001 2875 j'avais écrites sur lui, je dis que je
1265 2839 1995 2910 verais de Vienne : je vins à parler
1266 2882 2002 2954 de ce minuscule Hekatalon athénien.
1314 2931 2001 2996 Rodin, le faune trapu, se leva alors
1272 2973 2001 3041 de la selle où il était accoude, et
1272 3013 2001 3077 comme jaillissant du sol, de la terre
1281 3068 1995 3129 fruste et sacrée dont il était l'expres¬
1271 3107 2001 3177 sion peu loquace, me saisissant dans
1277 3150 2004 3221 ses bras courts et musclés, le sculp¬
1281 3205 2010 3254 teur me souleva presque. Du moins,
1278 3244 1769 3309 effaré, il me le sembla :
1326 3265 2003 3354 — Vous l'avez vu, fit-il : une mer¬
1281 3316 2001 3375 veille, un chef-d'œuvre. Un baiser
1284 3356 2006 3438 sur la pierre, et c'est inscrit pour
1287 3419 1469 3479 l'éternité.
1325 3433 2010 3513 Ce que Rodin reconnaissait, c'était
1289 3488 2003 3558 d'avance, son style, son écriture, dans
1293 3529 2004 3601 cette œuvre fluide, où les volumes
1289 3572 2011 3648 paraissent à peine indiqués, et exis¬
1292 3616 2009 3677 tent cependant avec une précision
1298 3664 1930 3736 qui est la plus parfaite maîtrise.
1341 3701 2017 3767 Non loin de là est la jeune fille
1293 3741 2020 3818 exquise, nue et cependant voilée d'un
1293 3785 2022 3853 tissu ineffable, qui ne la dissimule
1296 3831 2016 3903 pas. L'amour, à son oreille, murmure
1296 3888 1536 3944 des secrets.
1347 3911 2019 3992 jeunesse, qu'on ne retrouve pas
1510 3970 1977 4061 LOUIS THOMAS.
1797 4037 1992 4092 (A suivre.)
