3392 4352
209 327 1055 440 13. Miscellaneous
1251 330 1662 422 box 447
1387 1281 1709 1370 Wien, Dienstag
701 1381 1845 1454 Bahr einige Jahre später zu den begeistertsten Lobrednern der
709 1436 1839 1509 Herzlichen Feuilletonkunst zählte. Von zwei Universitäten
702 1484 1835 1549 relegiert, geht Bahr ins Ausland. Schon als Student hat er
708 1540 1840 1594 zur Feder gegriffen und sich sehr temperamentvoll mit dem
708 1580 1829 1629 Nationalökonomen Schaffle auseinandergesetzt. Jetzt ent¬
714 1626 1838 1682 stehen bereits in rascher Folge seine ersten belletristischen
705 1679 1833 1733 Schriften. „Die Ueberwindung des Naturalismus" schlägt
702 1722 1838 1776 ein. Schon bildet sich um den nach Wien Zurückgekehrten ein
708 1769 1840 1828 Kreis, der ihm treue Gefolgschaft leistet. Im Café Griensteidl
702 1818 1835 1870 residiert der Wiener Literaturpapst. Dorthin kommt der
705 1862 1833 1919 junge Arthur Schniker, gleich seinem Meister mit der schön¬
702 1912 1835 1965 frisierten Locke tief in der Stirn. Und Hofmannsthal, der
705 1958 1835 2016 als Schüler des Akademischen Gymnasiums seine Erstlinge
704 2006 1833 2053 nur unter dem Pseudonym Loris veröffentlichen darf. Beer¬
705 2051 1839 2109 Hofmann gehört der Runde an und Leopold Andrian und so
702 2099 1835 2158 mancher andere, den Bahr zum Ritter geschlagen hat. Daß
708 2145 1832 2199 der Ritterschlag manchmal den Unrichtigen adelte, mußte mit
702 2192 1830 2249 in den Kauf genommen werden. Bahrs Theaterstücke er¬
705 2239 1833 2295 scheinen in fast ununterbrochener Folge, Viele von ihnen
696 2291 1832 2339 werden aufgeführt. Mit wechselndem Erfolg. Gelegentlich unter
698 2338 1828 2382 Donner und Blitz eines Theaterskandals. Dazwischen ver¬
696 2382 1833 2434 öffentlicht er die ersten seiner Essaybände, darunter einen, der
699 2425 1832 2488 auf das schärfste mit dem Antisemitismus abrechnet. Sein
708 2471 1829 2528 starkes Lustspieltalent ist bald über allem Zweifel erhaben.
691 2524 1816 2570 „Wienerinnen wird zum großen Theatererfolg. „Josefine
696 2553 1829 2620 damals als unerhörte Keckheit angestaunt, ahnt Bernard
696 2613 1826 2666 Shaw voraus, „Der Star", „Krampus“, „Der Meister", das
696 2660 1832 2731 Stelzhamer=Stück „Franzl“ werden Repertoirestücke auf
691 2708 1134 2771 allen deutschen Bühnen.
785 2737 1832 2809 Wie alles und jedes hat Hermann Bahr auch das
691 2791 1833 2856 Theater mit der ganzen Impetuosität und Leidenschaftlichkeit
702 2846 1830 2903 seines Wesens angegangen. Er hat eigentlich einen neuen
699 2899 1835 2959 Stil der Theaterkritik geschaffen, der freilich im Extremen
696 2936 1826 3000 schwelgte, nur die Höchst= und die Tiefstgrade des Thermo¬
691 2990 1826 3047 meters kannte. Daß dieser Stil von Berufenen und Un¬
686 3036 1830 3103 berufenen nachgeahmt, übertrieben und karikiert wurde,
688 3077 1826 3135 konnte Bahr nicht verhindern. Aber jene einzigartige Er¬
688 3126 1835 3187 kenntnis einer schauspielerischen Individualität konnte nicht
694 3173 1826 3225 kopiert werden. Wie deutlich erinnern wir uns an einen
694 3220 1822 3275 Abend im Carl-Theater. Ein halbleeres Haus, zumeist Frei¬
691 3266 1826 3326 kartler. Nicht viel Stimmung im Publikum. Man denke
691 3316 1829 3365 einmal, eine italienische Truppe, deren Mitglieder kein
691 3358 1826 3419 Mensch kennt. Im ersten Zwischenakt stürmt Bahr von
699 3408 1822 3458 seinem Sitz auf und ruft mit Stentorstimme über das
691 3455 1822 3504 Parkett hinweg: „Das ist die Schauspielerin unserer Zeit!
691 3499 1819 3549 Das ist der große Genius!“ Es war Eleonora Duse, die
688 3548 1819 3602 damals nicht nur für Wien, sondern für die Welt entdeckt
688 3594 815 3659 de.
774 3626 1819 3695 Das Theater hat auf die Dauer Hermann Bahr nicht
681 3689 1819 3742 auszufüllen vermocht. Es kamen die Sturmtage, in denen
678 3734 1806 3784 auf dem Gebiet der bildenden Kunst sich ein Umsturz voll
684 3782 1816 3832 zogen hat. Die „Sezession" wurde gegründet und Hermann
681 3825 1816 3874 Bahr ist es gewesen, der die literarischen Fanfaren geblasen
678 3871 1816 3928 hat und mit Berserberwut gegen alle ankämpfte, die er zu
684 3918 1819 3971 den Philistern zählte. Unterdessen hatte er sich längst von dem
678 3961 1820 4018 guten Europäer, der zu sein er sich als junger Mann gerühmt
678 4008 1810 4055 hatte, zum überzeugten und begeisterten Oesterreicher speziali¬
678 4053 1813 4106 siert. Er wurde zum Schwärmer für das österreichische Barock
675 4098 1818 4156 und die Begeisterung für die Kunst seines Vaterlandes ließ
672 4141 1810 4191 ihn auch Ausflüge auf das politische Gebiet machen. Seine
681 4191 1809 4246 Schriften über die österreichische Mission, „Austriaca,
858 4234 962 4287 ein
1606 4236 1812 4291 erhöhten
2126 1276 2771 1356 Neue Freie Presse
1880 1381 3003 1454 geisterten Vorkämpfer seiner Sendung besessen. Sein Name
1880 1443 3006 1516 wird mit der Geschichte dieses Hauses ständig in hohen Ehren
1885 1484 2221 1557 verbunden bleiben.
