3436 4352
1226 267 1643 364 box 44/6
179 273 1031 388 13. Miscellaneous
727 857 969 1020 GRA
367 1013 1152 1117 „OBSERVER
454 1104 1113 1156 I. österr. behördl. konzessioniertes
426 1156 1146 1220 Unternehmen für Zeitungs-Ausschnitte
487 1207 1076 1267 WIEN, I., WOLLEILE 11
565 1262 1011 1323 TELEPHON R-23-0-43
363 1383 721 1470 Ausschnitt aus:
636 1486 747 1577 Neue
660 1551 1064 1652 NOV
373 1601 494 1689 vom
347 1712 1458 1800 (Ein Schuß in das Fenster der Villa Schnitzlers.) An einem
260 1782 1458 1848 Septembermontag bemerkte Frau Olga Schnitzler, die
266 1831 1461 1887 Witwe des Dichters, daß ihr Wohnungsfenster, das auf die
272 1873 1458 1931 Sternwartestraße mündet, durchschossen war. Auf dem
263 1924 1459 1976 Boden des Zimmers fand man kleine Glasscherben, und bald
266 1972 1462 2027 wurde auch ein Stück eines Bleiprojektils entdeckt. Die
263 2008 1456 2063 unheimliche Feststellung veranlaßte Frau Schnitzler, sofort die
275 2051 1461 2111 Polizei zu verständigen. Der Verdacht lenkte sich auf den in der
272 2106 1453 2152 gleichen Straße wohnhaften Studenten Hans Schmutzer,
272 2139 1459 2193 den Sohn des bekannten Radierers Professor Ferdinand
272 2179 1452 2248 Schmutzer. Der Student hatte nämlich im Garten seines Vaters
269 2226 1458 2287 auf Vögel geschossen. Die Anklagebehörde nahm nun an, daß
269 2275 1458 2347 Schutzer hiebei unvorsichtigerweise in das Nachbarhaus
602 2342 1110 2424 Neues Wiener Tagblatt
288 2462 1458 2529 geschossen habe, und so mußte er sich vor dem Döblinger Straf
281 2507 1464 2577 richter Dr. Wagner=Löffler wegen Gefährdung der
281 2541 996 2613 körperlichen Sicherheit verantworten.
391 2583 1455 2644 Der Angeklagte gab zu, daß er einen Tag vor der Ent
281 2639 1459 2701 deckung der Einschußoffnung im Hofe aus Amseln und Eich
287 2680 1465 2734 hörnchen geschossen habe, weil diese das Obst beschädigten
290 2726 1470 2777 Es sei jedoch ganz ausgeschlossen, daß der gefährliche Schuß von
284 2759 1464 2828 ihm stamme, da dies von Frau Schnitzler noch am gleichen Tag
287 2807 1465 2865 hätte entdeckt werden müssen. Frau Schnitzler sagte als Zeugin
287 2858 1467 2913 aus, daß sie erst der Meinung gewesen sei, ein Stückchen ihres
287 2904 1455 2952 Glaslusters sei abgebrochen. Erst als sie aufs Fenster blickte
287 2938 1467 3002 sah sie, was geschehen war. Sie telephonierte zunächst an die
287 2986 1465 3041 ihr befreundete Familie Schmutzer, ob der Schuß nicht von
275 3032 1470 3085 drüben gekommen sei. Dies wurde verneint, worauf Frau
281 3079 1467 3128 Schnitzler die Polizei verständigte. Tatsächlich waren die zwei
275 3122 1458 3171 Fensterscheiben so durchschossen, fährt die Zeugin in ihrer Aus¬
278 3171 1461 3221 sage fort, daß ich annehmen muß, daß die Kugel von unten
275 3212 1468 3258 also von der Straße, und nicht aus dem Hof gekommen ist
275 3252 1464 3309 Das Wichtigste aber ist folgendes: Ich habe meinem Freund
278 3292 1461 3347 Dr. Beer=Hofmann die Sache erzählt, und seine Gattin
273 3337 1468 3395 meinte dazu: „Das ist bei uns auch schon passiert, aber
269 3386 1458 3440 wir haben keine Anzeige erstattet, weil es sich möglicherweise
272 3430 1461 3479 nur um einen Mutwillenstreich handelt. Vielleicht haben Buben
269 3474 1464 3530 das Fenster durch Steinwürfe eingehaut." Bitte, Herr Rat, ich
272 3513 1461 3572 betone, für mich wäre es viel beruhigender, wenn ich wüßte,
269 3563 1462 3612 daß in meinem Falle nur von einem versehentlichen Schuß die
269 3604 1462 3660 Rede sein kann. Das Dienstmädchen Frau Schnitzlers er¬
269 3648 1458 3704 klärte, daß sie am Sonntag abend, es dürfte gegen ½7 Uhr
269 3688 1455 3745 gewesen sein, noch keine Glasscherben bemerkt habe, obwohl sie
269 3734 1464 3791 viel in der Wohnung herumgegangen sei. — Angekl.: Und ich
269 3779 1458 3834 hätte auch höchstens bis sechs Uhr schießen können, da es ja schon
272 3825 1452 3882 um diese Zeit finster war. Der Richter beschloß, die Ver¬
269 3867 1452 3921 handlung zur Einvernahme des Kriminalbeamten zu vertagen
272 3909 1458 3964 und festzustellen, ob der Schuß von der Straße abgegeben
272 3955 569 4030 werden konnte.
2199 242 2962 360 SERVER
2285 332 2925 405 I. österr. behördl. konzessioniertes
2247 375 2956 463 Unternehmen für Zeitungs-Ausschnitte
2303 441 2874 520 WIEN, I., WOLLEILE 11
2375 505 2823 560 TELEPHON R-23-0-43
2172 618 2526 695 Ausschnitt aus:
2526 669 2907 787 erstellung, Wien
2167 828 2293 899 vom
2520 871 2928 990 NOV. 195
2175 1050 2990 1150 Schuß in das Fenster der
2293 1129 2865 1231 Witwe Schnitzlers.
2214 1217 3005 1297 An einem Septembermontag bemerkte
2139 1255 3001 1337 Frau Olga Schnitzler, die Witwe des
2142 1312 3002 1382 Schriftstellers Artur Schnitzler, daß ihr
2141 1350 2995 1424 Wohnungsfenster, das auf die Sternwarte¬
2136 1391 2995 1462 straße mündet, durchschossen war. Am Boden
2130 1444 2998 1518 des Zimmers fand man Glasscherben und
2132 1492 2998 1552 ein Stück eines Bleiprojektils. Der un¬
2133 1522 2996 1603 heimliche Fund veranlaßte Frau Schnitzler,
2135 1567 2995 1640 die Polizei zu alarmieren. Der Verdacht
2138 1613 2992 1682 lenkte sich auf den in der gleichen Straße
2124 1669 2996 1730 wohnhaften Studenten Hans Schmutzer,
2127 1698 2995 1767 den Sohn des bekannten Radierers Professor
2133 1743 2980 1812 Ferdinand Schmutzer. Der Student hat¬
2130 1795 2995 1867 nämlich im Garten seines Vaters auf Vögel
2127 1842 2989 1911 geschossen. Die Anklagebehörde nahm nun an,
2118 1879 2990 1945 daß Schmutzer hiebei unvorsichtigerweise in
2118 1921 2993 1996 das Nachbarhaus geschossen habe, und so
2123 1976 2992 2046 mußte sich dieser vor dem Döblinger Straf¬
2118 2002 2988 2082 richter Dr. Wagner=Löffler wegen
2118 2048 2990 2139 Gefährdung der körperlichen Sicherheit ver¬
2114 2094 2333 2155 antworten.
2205 2121 2995 2209 Schmutzer gab zu, daß er einen Tag vor
2111 2178 2989 2245 der Entdeckung der Einschußoffnung im Hofe
2112 2232 2980 2299 aus Amseln und Eichhörnchen geschossen habe,
2109 2276 2983 2339 weil diese das Obst beschädigten. Es sei jedoch
2112 2326 2982 2389 ganz ausgeschlossen, daß der gefährliche Schuß
2108 2359 2982 2430 von ihm stamme, da dies von Frau Schnitzler
2106 2397 2988 2480 noch am gleichen Tag hätte entdeckt werden
2108 2450 2982 2508 müssen. Frau Schnitzler bekundete als
2117 2492 2977 2568 Zeugin, daß sie erst der Meinung gewesen sei,
2100 2533 2983 2610 ein Stückchen ihres Glaslusters sei abgebrochen.
2106 2580 2982 2654 Erst als sie aufs Fenster blickte, sah sie, was
2112 2628 2980 2698 geschehen war. Sie telephonierte zunächst an
2109 2668 2982 2737 die ihr befreundete Familie Schmutzer, ob der
2108 2707 2977 2774 Schuß nicht von drüben gekommen sei. Dies
2103 2748 2985 2817 wurde verneint, worauf Frau Schnitzler die
2094 2801 2990 2875 Polizei verständigte. Tatsächlich waren die
2088 2868 2964 2974 zwei Fensterscheiben so durchschossen, sagte die
2094 2950 2962 3020 Zeugin, daß ich annehmen muß, daß die Kugel
2090 2992 2958 3056 von unten, also von der Straße und
2082 3023 2958 3101 nicht aus dem Hof gekommen ist. Das wichtigste
2088 3088 2959 3155 aber ist folgendes: Ich habe meinem Freund
2088 3119 2959 3200 Dr. Beer=Hofmann die Sache erzählt,
2085 3174 2955 3234 und seine Gattin meinte dazu: „Das ist bei
2085 3212 2961 3282 uns auch schon passiert, aber wir haben
2082 3258 2956 3324 keine Anzeige erstattet, weil es sich möglicher¬
2087 3295 2955 3362 weise nur um einen Mutwillensstreich handelt.
2088 3337 2950 3409 Vielleicht haben Buben das Fenster durch
2090 3380 2956 3458 Steinwürfe eingehaut." Bitte, Herr Rat, ich
2076 3434 2947 3500 betone, für mich wäre es viel beruhigender,
2070 3474 2941 3545 wenn ich wüßte, daß in meinem Fall nur von
2081 3524 2955 3606 einem versehentlichen Schuß die Rede sein
2072 3555 2176 3619 kann.
2154 3588 2949 3675 Das Dienstmädchen der Frau Schnitzler
2073 3645 2940 3718 erklärte, daß es am Sonntag abend, es dürfte
2069 3700 2935 3761 gegen ½7 Uhr gewesen sein, noch keine Glas¬
2073 3733 2940 3811 scherben bemerkt habe, obwohl es viel in der
2070 3776 2938 3851 Wohnung herumgegangen sei. — Angekl.:
2067 3811 2938 3891 Und ich hätte auch höchstens bis 6 Uhr schießen
2064 3852 2937 3948 können, da es ja schon um diese Zeit finster
2063 3906 2154 3976 war.
2141 3932 2929 4026 Der Richter beschloß, die Verhandlung zur
2058 3978 2928 4059 Einvernahme des Kriminalbeamten zu ver¬
2060 4050 2931 4114 stagen und festzustellen, ob der Schuß von der
2049 4079 2672 4157 Straße abgegeben werden konnte.
