3344 4352
1770 104 1998 167 re
1425 106 1724 183 Nr. 110
1772 154 1989 236 gebung
762 368 1783 499 Ein englischer Tip für
907 517 2014 618 bolschewistische Fanatiker
830 623 2019 685 Albert Einstein ist eine mathematische Begabung, wie sie
743 668 2017 724 vielleicht im Laufe eines Menschenalters einmal geboren wird.
750 717 2017 770 Die Zahl der wissenschaftlich geschulten Köpfe, die seinen Unter¬
753 758 2016 825 suchungen wirklich folgen können, ist in allen Kulturländern nicht
743 812 958 875 eben groß.
831 841 2024 907 Das hat die jüdische Presse Deutschlands zu der Zeit, als
753 886 2022 950 zuerst etwas über diese Untersuchungen in eine breitere Oeffent¬
1889 936 2026 989 großen
750 939 1849 992 lichkeit drang, nicht abgehalten, um Einstein einen
1862 974 2024 1038 Einstein
743 977 1822 1032 Nummel in Szene zu setzen und zu verkünden: „Unser
746 1024 2021 1082 hat dem deutschen Volk eine neue Weltanschauung gegeben. Dieser
753 1079 2029 1127 Weltanschauung wurde die Marke „Relativitätslehre aufgeklebt.
750 1112 2024 1168 Und sie wurde von Leuten, die von der Sache keine Ahnung
750 1152 2024 1215 hatten, als funkelnagelnen ausgegeben und allerorten als eine
1871 1196 2026 1254 Kollege
750 1196 1839 1244 welterschütternde Tat angepriesen. Der verstorbene
750 1236 2029 1294 Günther ist in jenen Tagen zu seinem Lehrer, dem alten Wilhelm
753 1287 2030 1337 Wundt, gegangen und hat ihn gefragt, ob er für die „Leipziger
750 1329 2032 1382 Neuesten Nachrichten“ nicht eine Betrachtung über das angeblich
750 1369 2032 1424 wissenschaftliche Novum schreiben wolle. Worauf der alte Wundt
750 1414 2026 1470 lächelnd abgelehnt hat mit der Frage: „Relativität von Raum
753 1462 977 1522 und Zeit
1022 1465 2032 1533 soll das etwas Neues sein? Damit fing seit Kant
750 1509 1334 1562 für uns jede Philosophie an.
835 1534 2021 1597 Der beinahe neunzigjährige Weltweise traf damit den Nagel
750 1599 2024 1647 auf den Kopf. Soweit es sich bei der Relativitätslehre, die in der
750 1640 2024 1692 jüdischen Presse angepriesen wurde wie ein neuer Konfektions¬
758 1684 2026 1732 schlager, um ein mathematisches Problem handelte, war sie für
750 1730 2026 1782 eine Erörterung in der Tagespresse ungeeignet. Soweit aber auf
753 1769 2030 1820 dies unverstandene mathematische Problem der Anspruch gegrün¬
756 1817 2030 1878 det wurde, die Relativität von Zeit und Raum sei eine von
753 1860 2027 1915 Herrn Einstein im Jahre 1919 frisch erfundene Weltanschauung,
743 1905 2030 1956 war das eine Anmaßung gegenüber der deutschen Bildung. Eine
756 1945 2022 1998 Anmaßung, die auf gleicher Höhe stand mit der aus jüdischen
750 1993 2024 2045 Kreisen erhobenen Behauptung, Arthur Schnitzler habe die Deut¬
753 2037 2030 2091 schen erst das Dichten, Max Lievermann das Malen und Max
753 2085 2027 2136 Reinhardt das Theaterspielen gelehrt. Die Anmaßung war um
753 2122 2022 2168 so dreister, als die ganze Kulturwelt mit dem Deutschtum zu¬
753 2167 2029 2213 sammen erst 1914 den hundertsten Todestag Immanuel Kants
753 2213 2029 2265 begangen hatte, der uns in der Tat eine neue Art gelehrt hat,
753 2252 1428 2306 die Welt um uns her anzuschauen.
841 2294 2019 2348 Das alles hätte noch hingehen mögen, nachdem es an die
753 2340 2022 2393 zehn Jahre unwidersprochen gedauert hatte. Wenn wir uns die
764 2387 2026 2436 jüdische Anmaßung gefallen ließen, die sich so gebärdete, als
750 2430 2019 2486 hätten Juden dem dummen Deutschen erst so etwas wie Kultur
758 2477 2019 2523 beigebracht, so war das unsere eigene Schuld. Leider blieb Herr
750 2523 2026 2578 Einstein nicht bei seinem Leisten. Er fühlte die Verpflichtung, sich
756 2562 2030 2616 für soviel Verhimmelung dankbar zu erzeigen und gab im Aus¬
750 2610 2024 2653 land abfällige Urteile über deutsche Zustände und deutsche Regie¬
756 2655 2026 2706 rungsformen von sich. Vielleicht glaubte er, durch die Macht
761 2695 2022 2748 seines Wortes die nationale Selbstbesinnung in Deutschland
756 2746 2022 2794 aufhalten zu können, die ihm und seinen Gesinnungsgenossen an¬
761 2785 2022 2838 fing, unbequem zu werden. Das war nun ein Irrtum des großen
753 2831 2022 2891 Mannes, für den er mit Unrecht andere als sich selbst verant¬
753 2876 2022 2928 wortlich macht. Daß das nationale Deutschland ihn ersuchte,
750 2910 2024 2977 lieber dort zu bleiben, wo es ihm soviel besser gefallen hatte als
750 2963 2024 3025 bei uns, sollte er uns als logisch denkender Mann doch eigent¬
750 3000 1193 3062 lich nicht übelnehmen.
838 3025 2024 3098 Als dann das Ausland sich des kommunistischen Reichstags¬
753 3077 2019 3141 Brandstifters liebevoll annahm, glaubte Herr Einstein dabei
753 3136 2030 3196 nicht fehlen zu dürfen. Er deckte die Greuelpropaganda, die sich
753 3181 2022 3232 daran anknüpfte, mit seinem Namen. Bis ihm dann doch Be¬
751 3226 2030 3289 denken aufstiegen und er den Kommunistenhäuptling Münzen¬
750 3265 2026 3321 berg öffentlich ersuchte, für sein Schandwerk lieber selbst die Ver¬
753 3314 2029 3367 antwortung zu übernehmen. Für einen tiefen Denker scheint
753 3358 2027 3417 uns Herr Einstein etwas spät zu der Einsicht gekommen zu sein,
753 3409 2029 3459 auf was für einen gefährlichen Weg er sich da begeben hatte.
754 3446 2030 3509 Vielleicht begreift er so nach und nach auch noch, wie gefährlich
756 3488 2024 3553 ihm persönlich die zärtliche Sorgfalt werden kann, womit eng¬
753 3534 2030 3592 lische Geschäftstüchtigkeit und englischer Spleen ihn neuerdings
756 3578 2030 3631 umgeben. Aus seinem belgischen Tuskulum hat man ihn heraus¬
753 3631 2027 3675 geholt, ihm englische „Gastfreundschaft“ aufgedrängt und ihn
750 3677 2024 3722 mit einer bewaffneten Leibgarde umgeben, um ihn „vor den
756 3712 2026 3769 Verfolgungen der Nazis zu schützen. Eine Jungfrau mit
761 3752 2037 3805 Namen Ellen Wilkinson, die im Weltausschuß für Opfer des deutschen
758 3794 2024 3858 Faschismus" tätig ist, den Einstein als Ehrenvorsitzender ziert,
756 3844 2022 3905 schreibt dazu in Lord Beaverbrooks „Daily Expreß“ einen seiten¬
754 3891 2030 3966 langen Reklameartikel. Bezeichnenderweise stellt sie darin Ein¬
761 3929 1679 3982 stein mit Ghandi und — Lenin auf eine Linie.
838 3971 2019 4029 Lord Beaverbrooks Einstein=begeisterte Mitarbeiterin schließt
750 4021 2026 4069 ihren Artikel mit einer Reihe von Drohungen, die auf ihr Ver¬
753 4059 2019 4120 hältnis zu Lenin und seinen Nachfolgern ein eigenes Licht werfen.
743 4112 2029 4181 „Das Leben des besten Kopfes der Welt ist der Gnade der Kugeln
