<?xml version="1.0" encoding="UTF-8" standalone="yes"?>
<PcGts xmlns="http://schema.primaresearch.org/PAGE/gts/pagecontent/2013-07-15" xmlns:xsi="http://www.w3.org/2001/XMLSchema-instance" xsi:schemaLocation="http://schema.primaresearch.org/PAGE/gts/pagecontent/2013-07-15 http://schema.primaresearch.org/PAGE/gts/pagecontent/2013-07-15/pagecontent.xsd">
    <Metadata>
        <Creator>prov=READ-COOP:name=PyLaia@TranskribusPlatform:version=2.12.1:model_id=39995:lm=provided:date=28_03_2024_22:57</Creator>
        <Created>2019-10-07T20:38:07.215+02:00</Created>
        <LastChange>2024-03-28T22:57:56.172+01:00</LastChange>
        <TranskribusMetadata docId="224461" pageId="9579333" pageNr="57" tsid="156412498" status="IN_PROGRESS" userId="40391" imgUrl="https://files.transkribus.eu/Get?id=RKGPZRPZHBZAQHCWGRVXNXSV&amp;fileType=view" xmlUrl="https://files.transkribus.eu/Get?id=LWVQKPVTFUGFSTAYFEWXKYNC" imageId="6208389"/>
    </Metadata>
    <Page imageFilename="224461_0057.jpeg" imageWidth="3392" imageHeight="4352">
        <ReadingOrder>
            <OrderedGroup id="ro_1712662284630" caption="Regions reading order">
                <RegionRefIndexed index="0" regionRef="tr_1"/>
                <RegionRefIndexed index="1" regionRef="tr_2"/>
            </OrderedGroup>
        </ReadingOrder>
        <TextRegion orientation="0.0" id="tr_1" custom="readingOrder {index:0;}">
            <Coords points="250,165 250,4001 1143,4001 1143,165"/>
            <TextLine id="tr_1_tl_1" custom="readingOrder {index:0;}">
                <Coords points="253,203 1106,195 1106,152 253,160"/>
                <Baseline points="265,194 307,188 349,188 391,188 434,188 476,187 518,185 560,188 603,188 645,188 687,188 729,188 772,190 814,188 856,187 898,185 941,185 983,185 1025,185 1067,185 1110,185"/>
                <TextEquiv>
                    <Unicode>„Roznicek Zeit benamsen. Daß Willy Fors¬</Unicode>
                </TextEquiv>
            </TextLine>
            <TextLine id="tr_1_tl_2" custom="readingOrder {index:1;}">
                <Coords points="248,248 1109,240 1096,193 248,208"/>
                <Baseline points="259,238 301,235 344,235 387,233 429,232 472,232 515,232 557,232 600,232 643,232 686,233 728,234 771,232 814,232 856,232 899,232 942,232 984,232 1027,232 1070,235 1113,232"/>
                <TextEquiv>
                    <Unicode>den neuen Wessely-Film ins Kostüm jener Zeit</Unicode>
                </TextEquiv>
            </TextLine>
            <TextLine id="tr_1_tl_3" custom="readingOrder {index:2;}">
                <Coords points="248,293 1113,291 1113,242 248,257"/>
                <Baseline points="259,283 302,282 345,283 388,281 431,280 474,280 517,278 560,277 603,278 646,280 689,280 732,280 775,280 818,280 861,280 904,280 947,280 990,280 1033,280 1076,280 1119,277"/>
                <TextEquiv>
                    <Unicode>stellt, daß May West den Mut hatte, Frauen auf</Unicode>
                </TextEquiv>
            </TextLine>
            <TextLine id="tr_1_tl_4" custom="readingOrder {index:3;}">
                <Coords points="244,332 400,360 541,330 1113,342 1113,291 569,287 522,312 244,289"/>
                <Baseline points="256,328 299,328 342,328 385,328 428,328 471,328 514,328 558,328 601,328 644,328 687,328 730,328 773,328 816,328 860,327 903,326 946,328 989,328 1032,328 1075,328 1119,325"/>
                <TextEquiv>
                    <Unicode>die Leinwand zu bringen, deren Konturen</Unicode>
                </TextEquiv>
            </TextLine>
            <TextLine id="tr_1_tl_5" custom="readingOrder {index:4;}">
                <Coords points="248,389 1113,383 1113,342 1068,336 248,340"/>
                <Baseline points="259,379 302,376 345,376 388,376 431,376 474,376 517,376 560,374 603,374 646,376 689,376 732,376 775,375 818,373 861,373 904,373 947,373 990,376 1033,373 1076,373 1119,373"/>
                <TextEquiv>
                    <Unicode>Kurven, nicht gerade Linien aufwiesen — das</Unicode>
                </TextEquiv>
            </TextLine>
            <TextLine id="tr_1_tl_6" custom="readingOrder {index:5;}">
                <Coords points="248,434 1109,428 1096,383 248,389"/>
                <Baseline points="259,426 301,423 344,423 387,423 429,423 472,423 515,423 557,423 600,421 643,420 686,420 728,420 771,420 814,420 856,420 899,421 942,422 984,420 1027,420 1070,420 1113,417"/>
                <TextEquiv>
                    <Unicode>ist eine Folge jener historischen Filme, etwa</Unicode>
                </TextEquiv>
            </TextLine>
            <TextLine id="tr_1_tl_7" custom="readingOrder {index:6;}">
                <Coords points="248,488 1113,482 1096,428 248,434"/>
                <Baseline points="259,480 301,472 344,471 387,471 430,471 473,469 516,468 558,468 601,468 644,467 687,466 730,468 773,468 816,468 858,468 901,468 944,468 987,468 1030,468 1073,468 1116,468"/>
                <TextEquiv>
                    <Unicode>jenes, in der Diana Wyniard bewies, wie schön</Unicode>
                </TextEquiv>
            </TextLine>
            <TextLine id="tr_1_tl_8" custom="readingOrder {index:7;}">
                <Coords points="244,520 1113,524 1113,482 1064,477 1031,503 987,475 244,490"/>
                <Baseline points="256,519 299,516 342,516 385,518 428,517 471,516 514,516 558,516 601,516 644,516 687,516 730,516 773,516 816,516 860,516 903,516 946,516 989,516 1032,516 1075,516 1119,516"/>
                <TextEquiv>
                    <Unicode>die Frauen im toupierten Haar mit den</Unicode>
                </TextEquiv>
            </TextLine>
            <TextLine id="tr_1_tl_9" custom="readingOrder {index:8;}">
                <Coords points="244,571 914,565 984,593 1111,571 1111,537 1023,522 796,550 691,522 396,550 244,529"/>
                <Baseline points="256,564 299,564 342,564 385,564 428,564 471,564 514,564 557,564 600,564 643,564 686,564 729,564 772,564 815,564 858,564 901,564 944,564 987,564 1030,564 1073,564 1116,564"/>
                <TextEquiv>
                    <Unicode>langen taillierten Röcken über schwarzen</Unicode>
                </TextEquiv>
            </TextLine>
            <TextLine id="tr_1_tl_10" custom="readingOrder {index:9;}">
                <Coords points="238,618 905,627 905,574 407,588 238,569"/>
                <Baseline points="250,614 283,611 316,611 349,611 382,611 415,611 448,611 481,611 514,611 547,611 580,611 613,611 646,611 679,608 712,610 745,611 778,611 811,609 844,610 877,611 910,611"/>
                <TextEquiv>
                    <Unicode>Seidenstrümpfen ausgesehen haben.</Unicode>
                </TextEquiv>
            </TextLine>
            <TextLine id="tr_1_tl_11" custom="readingOrder {index:10;}">
                <Coords points="280,668 1113,676 1113,616 1083,612 280,621"/>
                <Baseline points="292,659 333,659 374,659 416,659 457,659 498,659 540,659 581,659 622,659 664,659 705,658 746,656 788,659 829,659 870,659 912,659 953,659 994,659 1036,659 1077,659 1119,659"/>
                <TextEquiv>
                    <Unicode>Es war doch eine schöne Zeit — sogar die</Unicode>
                </TextEquiv>
            </TextLine>
            <TextLine id="tr_1_tl_12" custom="readingOrder {index:11;}">
                <Coords points="238,721 1113,719 1113,676 1076,666 238,668"/>
                <Baseline points="250,710 293,710 336,708 379,707 423,707 466,707 509,707 553,707 596,707 639,707 683,707 726,707 769,707 812,707 856,706 899,704 942,707 986,707 1029,707 1072,707 1116,707"/>
                <TextEquiv>
                    <Unicode>Mode erkennt das. Man macht den Frauen</Unicode>
                </TextEquiv>
            </TextLine>
            <TextLine id="tr_1_tl_13" custom="readingOrder {index:12;}">
                <Coords points="242,766 1113,766 1098,715 1029,738 989,713 242,717"/>
                <Baseline points="253,755 296,758 339,756 382,755 426,755 469,755 512,755 556,755 599,755 642,755 686,755 729,755 772,755 815,755 859,755 902,755 945,752 989,755 1032,752 1075,752 1119,752"/>
                <TextEquiv>
                    <Unicode>Kleider, die aussehen, als hätten sie sie von</Unicode>
                </TextEquiv>
            </TextLine>
            <TextLine id="tr_1_tl_14" custom="readingOrder {index:13;}">
                <Coords points="242,811 1117,822 1117,768 1027,758 242,766"/>
                <Baseline points="253,802 296,805 339,803 383,802 426,802 470,802 513,802 557,802 600,802 644,801 687,800 730,801 774,799 817,800 861,802 904,802 948,802 991,799 1035,799 1078,799 1122,799"/>
                <TextEquiv>
                    <Unicode>ihren Großmüttern geborgt — denn die Mütter</Unicode>
                </TextEquiv>
            </TextLine>
            <TextLine id="tr_1_tl_15" custom="readingOrder {index:14;}">
                <Coords points="244,867 1109,856 1066,809 912,832 813,800 244,813"/>
                <Baseline points="256,853 298,852 341,853 384,851 427,850 470,850 513,850 555,850 598,850 641,850 684,850 727,849 770,847 813,848 855,849 898,848 941,850 984,847 1027,847 1070,847 1113,847"/>
                <TextEquiv>
                    <Unicode>haben sich in der Zwischenzeit so sehr ver¬</Unicode>
                </TextEquiv>
            </TextLine>
            <TextLine id="tr_1_tl_16" custom="readingOrder {index:15;}">
                <Coords points="250,920 1111,907 1111,854 250,860"/>
                <Baseline points="262,904 304,901 347,901 390,899 432,898 475,898 518,898 560,898 603,898 646,898 689,897 731,896 774,897 817,896 859,897 902,895 945,895 987,895 1030,895 1073,895 1116,895"/>
                <TextEquiv>
                    <Unicode>jüngt, daß keine zugeben wird, sie wäre schon</Unicode>
                </TextEquiv>
            </TextLine>
            <TextLine id="tr_1_tl_17" custom="readingOrder {index:16;}">
                <Coords points="244,963 1113,957 1096,903 244,916"/>
                <Baseline points="256,946 299,946 342,948 385,947 428,946 471,946 514,946 558,946 601,947 644,948 687,945 730,943 773,944 816,946 860,946 903,946 946,946 989,946 1032,946 1075,943 1119,943"/>
                <TextEquiv>
                    <Unicode>vor 1900 erwachsen gewesen. Man macht ihnen</Unicode>
                </TextEquiv>
            </TextLine>
            <TextLine id="tr_1_tl_18" custom="readingOrder {index:17;}">
                <Coords points="248,1006 995,1017 1113,1002 1115,957 248,959"/>
                <Baseline points="259,996 302,995 345,996 388,994 431,995 474,996 517,994 560,993 603,993 646,993 689,993 732,992 775,991 818,993 861,994 904,995 947,990 990,990 1033,993 1076,990 1119,990"/>
                <TextEquiv>
                    <Unicode>Capes aus plissierten Tafft, man gibt ihnen</Unicode>
                </TextEquiv>
            </TextLine>
            <TextLine id="tr_1_tl_19" custom="readingOrder {index:18;}">
                <Coords points="244,1066 1119,1046 1119,1002 1072,999 244,1006"/>
                <Baseline points="256,1044 299,1042 342,1043 385,1042 429,1041 472,1041 515,1041 559,1041 602,1041 645,1041 689,1041 732,1041 775,1041 818,1040 862,1038 905,1038 948,1038 992,1038 1035,1038 1078,1041 1122,1041"/>
                <TextEquiv>
                    <Unicode>Spitzenjabots, man präsentiert ihnen wieder</Unicode>
                </TextEquiv>
            </TextLine>
            <TextLine id="tr_1_tl_20" custom="readingOrder {index:19;}">
                <Coords points="248,1111 1124,1104 1106,1049 248,1066"/>
                <Baseline points="259,1092 302,1092 345,1092 389,1092 432,1091 476,1089 519,1090 563,1091 606,1089 650,1089 693,1089 736,1089 780,1089 823,1088 867,1086 910,1086 954,1086 997,1089 1041,1089 1084,1089 1128,1086"/>
                <TextEquiv>
                    <Unicode>ausgestopfte Vogelbälge und es sieht bald so</Unicode>
                </TextEquiv>
            </TextLine>
            <TextLine id="tr_1_tl_21" custom="readingOrder {index:20;}">
                <Coords points="248,1149 1117,1147 1117,1100 1031,1096 248,1111"/>
                <Baseline points="259,1143 302,1141 345,1140 388,1140 431,1140 474,1140 517,1140 561,1140 604,1139 647,1137 690,1137 733,1137 776,1137 819,1136 863,1135 906,1137 949,1137 992,1137 1035,1137 1078,1137 1122,1137"/>
                <TextEquiv>
                    <Unicode>aus, als dürften wir uns wieder über modische</Unicode>
                </TextEquiv>
            </TextLine>
            <TextLine id="tr_1_tl_22" custom="readingOrder {index:21;}">
                <Coords points="238,1194 1113,1203 1113,1145 238,1141"/>
                <Baseline points="250,1187 293,1189 336,1188 379,1187 423,1187 466,1187 509,1187 553,1187 596,1186 639,1185 683,1186 726,1186 769,1185 812,1185 856,1185 899,1185 942,1185 986,1185 1029,1185 1072,1185 1116,1185"/>
                <TextEquiv>
                    <Unicode>Fragen entrüsten, wie einst. Denn natürlich ge¬</Unicode>
                </TextEquiv>
            </TextLine>
            <TextLine id="tr_1_tl_23" custom="readingOrder {index:22;}">
                <Coords points="238,1250 1117,1252 1117,1203 1055,1196 238,1194"/>
                <Baseline points="250,1238 293,1237 337,1235 380,1235 424,1235 468,1236 511,1237 555,1235 598,1235 642,1235 686,1234 729,1232 773,1232 816,1232 860,1232 904,1235 947,1232 991,1232 1034,1232 1078,1232 1122,1232"/>
                <TextEquiv>
                    <Unicode>fallen den Frauen diese verklungenen Motive</Unicode>
                </TextEquiv>
            </TextLine>
            <TextLine id="tr_1_tl_24" custom="readingOrder {index:23;}">
                <Coords points="250,1286 768,1295 811,1320 856,1290 1117,1290 1087,1245 250,1248"/>
                <Baseline points="262,1280 305,1282 348,1283 391,1283 434,1285 477,1286 520,1286 563,1286 606,1285 649,1283 692,1283 735,1283 778,1283 821,1283 864,1283 907,1283 950,1283 993,1283 1036,1283 1079,1283 1122,1277"/>
                <TextEquiv>
                    <Unicode>— haben sie vorgestern über die antiquierte</Unicode>
                </TextEquiv>
            </TextLine>
            <TextLine id="tr_1_tl_25" custom="readingOrder {index:24;}">
                <Coords points="248,1342 1117,1357 1100,1286 828,1316 248,1286"/>
                <Baseline points="259,1331 302,1331 345,1331 388,1331 431,1331 474,1331 517,1333 561,1332 604,1331 647,1331 690,1331 733,1331 776,1331 819,1331 863,1331 906,1331 949,1330 992,1329 1035,1331 1078,1330 1122,1331"/>
                <TextEquiv>
                    <Unicode>Mode gelacht, so finden sie sie heute als</Unicode>
                </TextEquiv>
            </TextLine>
            <TextLine id="tr_1_tl_26" custom="readingOrder {index:25;}">
                <Coords points="244,1397 621,1385 621,1342 606,1340 454,1342 434,1355 417,1344 402,1359 351,1342 321,1352 244,1344"/>
                <Baseline points="256,1379 282,1381 308,1379 335,1379 361,1379 388,1379 414,1379 441,1379 467,1379 493,1379 520,1379 546,1379 573,1379 599,1378 626,1376"/>
                <TextEquiv>
                    <Unicode>Kostüm entzückend.</Unicode>
                </TextEquiv>
            </TextLine>
            <TextLine id="tr_1_tl_27" custom="readingOrder {index:26;}">
                <Coords points="325,1438 559,1455 875,1425 946,1453 1126,1430 1126,1382 1061,1363 850,1365 762,1402 715,1374 325,1391"/>
                <Baseline points="337,1426 376,1426 416,1426 455,1426 495,1426 534,1426 574,1426 613,1426 653,1426 692,1426 732,1426 772,1423 811,1426 851,1424 890,1425 930,1424 969,1423 1009,1424 1048,1425 1088,1423 1128,1423"/>
                <TextEquiv>
                    <Unicode>Aber die Renaissance einer Epoche ist</Unicode>
                </TextEquiv>
            </TextLine>
            <TextLine id="tr_1_tl_28" custom="readingOrder {index:27;}">
                <Coords points="238,1483 1113,1485 1113,1432 417,1459 238,1425"/>
                <Baseline points="250,1474 293,1474 336,1474 380,1474 423,1474 467,1474 510,1474 554,1474 597,1474 641,1474 684,1474 727,1473 771,1471 814,1471 858,1471 901,1471 945,1471 988,1474 1032,1474 1075,1471 1119,1471"/>
                <TextEquiv>
                    <Unicode>niemals allein auf äußerlichkeiten fundiert.</Unicode>
                </TextEquiv>
            </TextLine>
            <TextLine id="tr_1_tl_29" custom="readingOrder {index:28;}">
                <Coords points="250,1528 1126,1528 1096,1481 691,1507 642,1477 250,1483"/>
                <Baseline points="262,1519 305,1522 348,1522 391,1522 435,1522 478,1522 521,1524 565,1523 608,1522 651,1522 695,1522 738,1522 781,1522 824,1522 868,1522 911,1521 954,1520 998,1522 1041,1522 1084,1521 1128,1519"/>
                <TextEquiv>
                    <Unicode>Wir sehnen uns nach der Reznicek-Zeit als</Unicode>
                </TextEquiv>
            </TextLine>
            <TextLine id="tr_1_tl_30" custom="readingOrder {index:29;}">
                <Coords points="238,1575 1124,1575 1124,1528 706,1530 674,1556 238,1530"/>
                <Baseline points="250,1573 293,1572 337,1570 381,1570 425,1570 469,1570 513,1570 557,1570 601,1570 645,1570 689,1570 732,1570 776,1570 820,1570 864,1570 908,1570 952,1570 996,1570 1040,1570 1084,1567 1128,1567"/>
                <TextEquiv>
                    <Unicode>nach der letzten, uns naheliegendeten, in der</Unicode>
                </TextEquiv>
            </TextLine>
            <TextLine id="tr_1_tl_31" custom="readingOrder {index:30;}">
                <Coords points="244,1626 1119,1626 1119,1577 929,1603 674,1571 244,1590"/>
                <Baseline points="256,1620 299,1620 342,1620 386,1620 429,1619 473,1617 516,1617 560,1617 603,1617 647,1617 690,1617 733,1617 777,1617 820,1617 864,1617 907,1617 951,1617 994,1617 1038,1617 1081,1617 1125,1614"/>
                <TextEquiv>
                    <Unicode>es noch so etwas wie Romantik gab. Die</Unicode>
                </TextEquiv>
            </TextLine>
            <TextLine id="tr_1_tl_32" custom="readingOrder {index:31;}">
                <Coords points="248,1693 1119,1676 1104,1626 248,1629"/>
                <Baseline points="259,1671 302,1668 345,1668 388,1666 432,1667 475,1668 518,1668 562,1668 605,1668 648,1668 692,1668 735,1667 778,1665 821,1665 865,1665 908,1665 951,1668 995,1665 1038,1665 1081,1665 1125,1662"/>
                <TextEquiv>
                    <Unicode>Menschen trugen nicht nur Dessous, sie trugen</Unicode>
                </TextEquiv>
            </TextLine>
            <TextLine id="tr_1_tl_33" custom="readingOrder {index:32;}">
                <Coords points="244,1721 1119,1725 1119,1676 244,1688"/>
                <Baseline points="256,1719 299,1717 342,1716 385,1716 429,1716 472,1716 515,1716 559,1716 602,1716 645,1716 689,1716 732,1716 775,1715 818,1713 862,1713 905,1713 948,1716 992,1713 1035,1716 1078,1713 1122,1710"/>
                <TextEquiv>
                    <Unicode>auch ein Innenleben und sie verbargen und</Unicode>
                </TextEquiv>
            </TextLine>
            <TextLine id="tr_1_tl_34" custom="readingOrder {index:33;}">
                <Coords points="244,1768 747,1800 1119,1774 1119,1725 1031,1714 244,1733"/>
                <Baseline points="256,1767 299,1765 342,1766 386,1766 429,1764 473,1764 516,1765 560,1767 603,1766 647,1764 690,1764 733,1764 777,1764 820,1764 864,1764 907,1764 951,1764 994,1764 1038,1761 1081,1761 1125,1764"/>
                <TextEquiv>
                    <Unicode>enthüllten beides zur rechten Zeit und mit der</Unicode>
                </TextEquiv>
            </TextLine>
            <TextLine id="tr_1_tl_35" custom="readingOrder {index:34;}">
                <Coords points="244,1834 419,1817 462,1832 484,1821 574,1832 574,1776 394,1772 347,1785 317,1770 276,1780 244,1770"/>
                <Baseline points="256,1814 282,1814 309,1814 336,1814 363,1814 390,1814 417,1812 444,1812 471,1813 498,1814 525,1814 552,1814 579,1814"/>
                <TextEquiv>
                    <Unicode>nötigen Wirkung.</Unicode>
                </TextEquiv>
            </TextLine>
            <TextLine id="tr_1_tl_36" custom="readingOrder {index:35;}">
                <Coords points="289,1870 1117,1866 1117,1819 1010,1834 813,1789 753,1821 289,1821"/>
                <Baseline points="301,1862 342,1862 383,1862 424,1862 465,1862 506,1862 547,1862 588,1859 629,1859 670,1862 711,1860 752,1859 793,1859 834,1859 875,1859 916,1859 957,1859 998,1859 1039,1859 1080,1856 1122,1856"/>
                <TextEquiv>
                    <Unicode>Schnitzler-Menschen schritten durch eine</Unicode>
                </TextEquiv>
            </TextLine>
            <TextLine id="tr_1_tl_37" custom="readingOrder {index:36;}">
                <Coords points="250,1922 1119,1924 1100,1868 967,1866 931,1894 820,1866 360,1881 250,1847"/>
                <Baseline points="262,1910 305,1910 348,1910 391,1908 434,1907 477,1907 520,1907 564,1908 607,1909 650,1908 693,1909 736,1907 779,1907 822,1907 866,1907 909,1907 952,1907 995,1907 1038,1907 1081,1907 1125,1904"/>
                <TextEquiv>
                    <Unicode>war von Problemen der Seele</Unicode>
                </TextEquiv>
            </TextLine>
            <TextLine id="tr_1_tl_38" custom="readingOrder {index:37;}">
                <Coords points="250,1965 1115,1965 1096,1915 250,1924"/>
                <Baseline points="262,1958 304,1958 347,1958 390,1958 433,1958 476,1958 519,1958 561,1956 604,1955 647,1956 690,1958 733,1957 776,1955 819,1955 861,1955 904,1955 947,1955 990,1955 1033,1955 1076,1955 1119,1952"/>
                <TextEquiv>
                    <Unicode>und die been-Leute enxallierten in einem Über¬</Unicode>
                </TextEquiv>
            </TextLine>
            <TextLine id="tr_1_tl_39" custom="readingOrder {index:38;}">
                <Coords points="259,2018 1119,2022 1119,1965 1023,1958 259,1971"/>
                <Baseline points="271,2005 313,2005 356,2005 399,2007 441,2006 484,2005 527,2005 569,2005 612,2005 655,2005 698,2005 740,2004 783,2002 826,2002 868,2002 911,2002 954,2003 996,2005 1039,2002 1082,2002 1125,1999"/>
                <TextEquiv>
                    <Unicode>schwang, den sich heute nur ein sehr sagierter</Unicode>
                </TextEquiv>
            </TextLine>
            <TextLine id="tr_1_tl_40" custom="readingOrder {index:39;}">
                <Coords points="248,2063 1119,2061 1119,2020 1070,2007 717,2035 248,2014"/>
                <Baseline points="259,2056 302,2053 345,2053 388,2055 432,2056 475,2055 518,2053 562,2053 605,2053 648,2053 692,2052 735,2050 778,2050 821,2051 865,2053 908,2053 951,2050 995,2053 1038,2050 1081,2053 1125,2050"/>
                <TextEquiv>
                    <Unicode>Mensch erlauben dürfte — also gar keiner.</Unicode>
                </TextEquiv>
            </TextLine>
            <TextLine id="tr_1_tl_41" custom="readingOrder {index:40;}">
                <Coords points="244,2123 1079,2114 1119,2104 1121,2069 246,2067"/>
                <Baseline points="256,2101 299,2101 342,2101 386,2101 429,2101 473,2102 516,2104 560,2103 603,2101 647,2101 690,2101 733,2100 777,2098 820,2098 864,2098 907,2098 951,2098 994,2098 1038,2098 1081,2098 1125,2098"/>
                <TextEquiv>
                    <Unicode>Heute ist man auf Steuerbekenntnisse neu¬</Unicode>
                </TextEquiv>
            </TextLine>
            <TextLine id="tr_1_tl_42" custom="readingOrder {index:41;}">
                <Coords points="259,2168 1126,2157 1126,2099 259,2114"/>
                <Baseline points="271,2152 314,2152 357,2152 400,2152 443,2152 486,2152 529,2150 572,2149 615,2149 658,2149 701,2149 744,2149 787,2149 830,2148 873,2147 916,2149 959,2149 1002,2146 1045,2149 1088,2146 1131,2146"/>
                <TextEquiv>
                    <Unicode>gieriger denn auf Bekenntnisse einer schönen</Unicode>
                </TextEquiv>
            </TextLine>
            <TextLine id="tr_1_tl_43" custom="readingOrder {index:42;}">
                <Coords points="250,2206 387,2230 464,2204 1126,2204 1113,2153 250,2172"/>
                <Baseline points="262,2199 305,2199 348,2201 391,2200 435,2199 478,2199 521,2198 565,2196 608,2196 651,2196 695,2196 738,2196 781,2196 824,2195 868,2193 911,2193 954,2193 998,2196 1041,2196 1084,2193 1128,2193"/>
                <TextEquiv>
                    <Unicode>Seele, man basiert die Probleme nicht auf die</Unicode>
                </TextEquiv>
            </TextLine>
            <TextLine id="tr_1_tl_44" custom="readingOrder {index:43;}">
                <Coords points="248,2256 1119,2251 1119,2211 1079,2204 1049,2228 248,2211"/>
                <Baseline points="259,2247 302,2247 345,2247 388,2247 432,2247 475,2248 518,2249 562,2246 605,2244 648,2244 692,2244 735,2244 778,2244 821,2244 865,2244 908,2244 951,2244 995,2244 1038,2244 1081,2241 1125,2241"/>
                <TextEquiv>
                    <Unicode>Seiten der Tagebücher, sondern auf jene des</Unicode>
                </TextEquiv>
            </TextLine>
            <TextLine id="tr_1_tl_45" custom="readingOrder {index:44;}">
                <Coords points="250,2311 1119,2305 1119,2253 1044,2275 556,2253 522,2279 250,2258"/>
                <Baseline points="262,2295 305,2295 348,2295 391,2295 434,2295 477,2295 520,2294 564,2292 607,2292 650,2292 693,2292 736,2292 779,2292 822,2292 866,2291 909,2290 952,2292 995,2292 1038,2292 1081,2292 1125,2292"/>
                <TextEquiv>
                    <Unicode>Kontoauszugs. Wir wünschen zu wissen, was</Unicode>
                </TextEquiv>
            </TextLine>
            <TextLine id="tr_1_tl_46" custom="readingOrder {index:45;}">
                <Coords points="253,2354 1119,2356 1119,2307 1053,2298 253,2311"/>
                <Baseline points="265,2343 308,2346 351,2344 394,2343 437,2343 480,2343 523,2343 566,2343 609,2343 652,2343 695,2342 738,2340 781,2340 824,2340 867,2340 910,2340 953,2340 996,2340 1039,2340 1082,2340 1125,2337"/>
                <TextEquiv>
                    <Unicode>unser Held verdient und womit er es verdient</Unicode>
                </TextEquiv>
            </TextLine>
            <TextLine id="tr_1_tl_47" custom="readingOrder {index:46;}">
                <Coords points="253,2405 1072,2408 1117,2403 1119,2356 255,2354"/>
                <Baseline points="265,2396 308,2393 351,2391 394,2390 437,2390 480,2390 523,2390 566,2388 609,2388 652,2389 695,2388 738,2390 781,2389 824,2387 867,2387 910,2387 953,2387 996,2387 1039,2387 1082,2384 1125,2387"/>
                <TextEquiv>
                    <Unicode>und welcher Nebenverdienst ihm die Reise in</Unicode>
                </TextEquiv>
            </TextLine>
            <TextLine id="tr_1_tl_48" custom="readingOrder {index:47;}">
                <Coords points="250,2452 1126,2452 1128,2395 922,2420 253,2403"/>
                <Baseline points="262,2438 305,2441 348,2441 391,2441 435,2441 478,2441 521,2440 565,2438 608,2439 651,2440 695,2438 738,2438 781,2438 824,2437 868,2435 911,2435 954,2435 998,2435 1041,2435 1084,2435 1128,2435"/>
                <TextEquiv>
                    <Unicode>die Schweiz möglich gemacht hat. Wie viel</Unicode>
                </TextEquiv>
            </TextLine>
            <TextLine id="tr_1_tl_49" custom="readingOrder {index:48;}">
                <Coords points="250,2504 1126,2497 1106,2444 250,2452"/>
                <Baseline points="262,2492 305,2490 348,2489 391,2489 435,2489 478,2489 521,2489 565,2489 608,2489 651,2488 695,2486 738,2486 781,2486 824,2486 868,2486 911,2486 954,2483 998,2486 1041,2483 1084,2483 1128,2486"/>
                <TextEquiv>
                    <Unicode>zahlt er dort Pension? Und was kostet jener</Unicode>
                </TextEquiv>
            </TextLine>
            <TextLine id="tr_1_tl_50" custom="readingOrder {index:49;}">
                <Coords points="250,2553 1115,2549 1115,2495 1023,2487 760,2493 730,2519 250,2504"/>
                <Baseline points="262,2537 304,2538 347,2537 390,2537 433,2537 476,2537 519,2537 561,2537 604,2537 647,2536 690,2534 733,2534 776,2535 819,2536 861,2534 904,2533 947,2531 990,2528 1033,2531 1076,2534 1119,2534"/>
                <TextEquiv>
                    <Unicode>Abend in der Bar, der in ihrem Schlaf</Unicode>
                </TextEquiv>
            </TextLine>
            <TextLine id="tr_1_tl_51" custom="readingOrder {index:50;}">
                <Coords points="250,2604 1038,2602 1121,2596 1124,2544 253,2547"/>
                <Baseline points="262,2587 305,2585 348,2584 391,2584 435,2584 478,2584 521,2583 565,2581 608,2581 651,2581 695,2581 738,2581 781,2582 824,2583 868,2580 911,2578 954,2578 998,2581 1041,2578 1084,2581 1128,2578"/>
                <TextEquiv>
                    <Unicode>zimmer endet? Wir möchten, daß der Bau¬</Unicode>
                </TextEquiv>
            </TextLine>
            <TextLine id="tr_1_tl_52" custom="readingOrder {index:51;}">
                <Coords points="250,2643 1136,2643 1136,2594 1066,2589 250,2604"/>
                <Baseline points="262,2635 305,2634 349,2632 393,2632 437,2632 481,2632 525,2632 569,2632 613,2631 657,2629 701,2630 744,2632 788,2629 832,2629 876,2629 920,2629 964,2629 1008,2629 1052,2629 1096,2629 1140,2629"/>
                <TextEquiv>
                    <Unicode>meister Solnes seinen Bankrott mit falschen</Unicode>
                </TextEquiv>
            </TextLine>
            <TextLine id="tr_1_tl_53" custom="readingOrder {index:52;}">
                <Coords points="250,2692 1126,2690 1106,2636 250,2643"/>
                <Baseline points="262,2683 305,2682 348,2683 391,2681 435,2680 478,2680 521,2680 565,2680 608,2680 651,2680 695,2680 738,2680 781,2679 824,2677 868,2677 911,2677 954,2677 998,2677 1041,2677 1084,2677 1128,2674"/>
                <TextEquiv>
                    <Unicode>Pfundspekulationen erklärt (es können auch</Unicode>
                </TextEquiv>
            </TextLine>
            <TextLine id="tr_1_tl_54" custom="readingOrder {index:53;}">
                <Coords points="259,2741 1124,2739 1126,2688 1066,2681 389,2714 261,2692"/>
                <Baseline points="271,2731 313,2730 356,2731 399,2731 442,2729 485,2730 528,2731 570,2729 613,2728 656,2728 699,2728 742,2727 785,2725 828,2725 870,2725 913,2725 956,2725 999,2725 1042,2725 1085,2725 1128,2725"/>
                <TextEquiv>
                    <Unicode>Dollar gewesen sein) und wir werden einer</Unicode>
                </TextEquiv>
            </TextLine>
            <TextLine id="tr_1_tl_55" custom="readingOrder {index:54;}">
                <Coords points="250,2795 1119,2795 1106,2735 253,2741"/>
                <Baseline points="265,2778 308,2779 351,2778 394,2776 437,2775 480,2775 523,2777 566,2776 609,2775 652,2775 695,2775 738,2775 781,2774 824,2773 867,2774 910,2772 953,2772 996,2772 1039,2772 1082,2772 1125,2772"/>
                <TextEquiv>
                    <Unicode>neuen Hedda Gabler nur dann ein Selbstmord</Unicode>
                </TextEquiv>
            </TextLine>
            <TextLine id="tr_1_tl_56" custom="readingOrder {index:55;}">
                <Coords points="257,2842 1128,2838 1128,2795 1057,2784 259,2791"/>
                <Baseline points="271,2829 314,2827 357,2826 400,2826 443,2826 486,2826 529,2826 573,2826 616,2825 659,2824 702,2825 745,2823 788,2823 831,2823 875,2822 918,2820 961,2820 1004,2823 1047,2820 1090,2820 1134,2820"/>
                <TextEquiv>
                    <Unicode>motiv zubilligen können, wenn das Vermögen</Unicode>
                </TextEquiv>
            </TextLine>
            <TextLine id="tr_1_tl_57" custom="readingOrder {index:56;}">
                <Coords points="259,2891 1126,2891 1115,2831 259,2844"/>
                <Baseline points="271,2877 314,2874 357,2876 400,2875 443,2874 486,2874 529,2874 572,2874 615,2874 658,2874 701,2873 744,2871 787,2871 830,2871 873,2871 916,2871 959,2871 1002,2871 1045,2871 1088,2871 1131,2868"/>
                <TextEquiv>
                    <Unicode>des Professora Tasman uns enttäuschen sollte.</Unicode>
                </TextEquiv>
            </TextLine>
            <TextLine id="tr_1_tl_58" custom="readingOrder {index:57;}">
                <Coords points="259,2934 1124,2928 1124,2885 1074,2878 259,2889"/>
                <Baseline points="271,2928 313,2923 356,2922 399,2922 442,2922 485,2922 528,2922 570,2922 613,2922 656,2922 699,2922 742,2921 785,2919 828,2919 870,2919 913,2919 956,2919 999,2919 1042,2919 1085,2919 1128,2916"/>
                <TextEquiv>
                    <Unicode>Das Strindberg-Problem der unglücklichen Ehe</Unicode>
                </TextEquiv>
            </TextLine>
            <TextLine id="tr_1_tl_59" custom="readingOrder {index:58;}">
                <Coords points="257,2983 1126,2979 1126,2925 257,2934"/>
                <Baseline points="268,2972 311,2972 354,2972 397,2970 440,2971 483,2970 526,2969 570,2969 613,2969 656,2969 699,2968 742,2967 785,2967 828,2967 872,2967 915,2967 958,2967 1001,2964 1044,2967 1087,2964 1131,2964"/>
                <TextEquiv>
                    <Unicode>liegt darin, daß die Tatsache der Zweizimmer¬</Unicode>
                </TextEquiv>
            </TextLine>
            <TextLine id="tr_1_tl_60" custom="readingOrder {index:59;}">
                <Coords points="259,3026 1124,3035 1124,2972 1098,2970 259,2985"/>
                <Baseline points="271,3023 313,3018 356,3017 399,3017 442,3017 485,3017 528,3017 570,3017 613,3017 656,3017 699,3017 742,3016 785,3014 828,3014 870,3014 913,3015 956,3017 999,3014 1042,3014 1085,3014 1128,3011"/>
                <TextEquiv>
                    <Unicode>Kabinett Wohnung nicht in Einklang gebracht</Unicode>
                </TextEquiv>
            </TextLine>
            <TextLine id="tr_1_tl_61" custom="readingOrder {index:60;}">
                <Coords points="259,3075 524,3103 1117,3075 1117,3035 1074,3022 259,3032"/>
                <Baseline points="271,3065 313,3068 356,3068 398,3065 441,3067 483,3068 526,3068 568,3068 611,3068 653,3068 696,3067 739,3065 781,3065 824,3064 866,3062 909,3062 951,3062 994,3062 1036,3062 1079,3062 1122,3062"/>
                <TextEquiv>
                    <Unicode>werden kann mit den Cottagevillen Wünschen</Unicode>
                </TextEquiv>
            </TextLine>
            <TextLine id="tr_1_tl_62" custom="readingOrder {index:61;}">
                <Coords points="253,3150 289,3142 325,3120 368,3137 383,3129 445,3135 462,3129 462,3084 441,3088 422,3077 398,3077 387,3088 349,3077 325,3086 297,3073 250,3079"/>
                <Baseline points="262,3116 287,3116 312,3116 338,3116 363,3116 388,3116 414,3116 439,3116 465,3119"/>
                <TextEquiv>
                    <Unicode>der Gattin</Unicode>
                </TextEquiv>
            </TextLine>
            <TextLine id="tr_1_tl_63" custom="readingOrder {index:62;}">
                <Coords points="302,3176 1126,3165 1126,3127 1074,3107 706,3148 657,3122 302,3124"/>
                <Baseline points="313,3166 353,3164 394,3164 435,3164 476,3164 517,3164 558,3164 599,3164 640,3164 681,3164 722,3164 762,3162 803,3161 844,3161 885,3161 926,3161 967,3160 1008,3158 1049,3158 1090,3158 1131,3155"/>
                <TextEquiv>
                    <Unicode>Unsere Zeit ist sehr unsentimental — aber</Unicode>
                </TextEquiv>
            </TextLine>
            <TextLine id="tr_1_tl_64" custom="readingOrder {index:63;}">
                <Coords points="257,3223 1124,3229 1126,3165 259,3174"/>
                <Baseline points="268,3214 311,3214 354,3212 397,3211 440,3211 483,3211 526,3211 569,3211 612,3211 655,3211 698,3210 741,3209 784,3211 827,3210 870,3208 913,3208 956,3208 999,3208 1042,3205 1085,3205 1128,3208"/>
                <TextEquiv>
                    <Unicode>sie hat dafür auch das Sentiment eingebüßt.</Unicode>
                </TextEquiv>
            </TextLine>
            <TextLine id="tr_1_tl_65" custom="readingOrder {index:64;}">
                <Coords points="263,3266 1119,3266 1119,3227 1044,3212 666,3244 263,3223"/>
                <Baseline points="274,3259 316,3262 359,3262 401,3262 444,3262 486,3260 529,3259 571,3259 614,3259 656,3259 699,3259 742,3259 784,3259 827,3259 869,3258 912,3256 954,3256 997,3256 1039,3256 1082,3256 1125,3253"/>
                <TextEquiv>
                    <Unicode>von dem wir meinen, daß es sich nur sorgen</Unicode>
                </TextEquiv>
            </TextLine>
            <TextLine id="tr_1_tl_66" custom="readingOrder {index:65;}">
                <Coords points="263,3326 1128,3326 1128,3264 263,3274"/>
                <Baseline points="274,3310 317,3310 360,3310 403,3310 446,3310 489,3310 532,3308 575,3307 618,3307 661,3307 704,3307 747,3307 790,3306 833,3305 876,3306 919,3304 962,3304 1005,3304 1048,3304 1091,3304 1134,3304"/>
                <TextEquiv>
                    <Unicode>lose Leute gestatten dürfen — und das doch</Unicode>
                </TextEquiv>
            </TextLine>
            <TextLine id="tr_1_tl_67" custom="readingOrder {index:66;}">
                <Coords points="265,3377 1130,3366 1130,3319 265,3326"/>
                <Baseline points="277,3363 319,3359 362,3358 405,3358 448,3360 491,3359 534,3358 576,3358 619,3356 662,3355 705,3355 748,3355 791,3355 834,3354 876,3352 919,3352 962,3352 1005,3352 1048,3352 1091,3352 1134,3349"/>
                <TextEquiv>
                    <Unicode>gerade die Dachkammerexistenzen von einst so</Unicode>
                </TextEquiv>
            </TextLine>
            <TextLine id="tr_1_tl_68" custom="readingOrder {index:67;}">
                <Coords points="259,3420 1134,3411 1134,3368 1087,3353 749,3362 715,3388 683,3364 259,3373"/>
                <Baseline points="271,3408 314,3408 357,3406 401,3405 444,3405 488,3405 531,3405 575,3404 618,3402 662,3403 705,3404 748,3402 792,3402 835,3401 879,3399 922,3399 966,3399 1009,3399 1053,3402 1096,3399 1140,3399"/>
                <TextEquiv>
                    <Unicode>boldselig verklärte. Wir sind sehr ergebenden</Unicode>
                </TextEquiv>
            </TextLine>
            <TextLine id="tr_1_tl_69" custom="readingOrder {index:68;}">
                <Coords points="304,3467 897,3458 1128,3490 1111,3409 304,3420"/>
                <Baseline points="316,3456 356,3456 397,3456 438,3456 479,3456 520,3456 561,3455 602,3453 643,3453 684,3450 725,3450 765,3450 806,3450 847,3450 888,3450 929,3450 970,3450 1011,3450 1052,3449 1093,3447 1134,3447"/>
                <TextEquiv>
                    <Unicode>aber gerade diese Fesseln beginnen wir</Unicode>
                </TextEquiv>
            </TextLine>
            <TextLine id="tr_1_tl_70" custom="readingOrder {index:69;}">
                <Coords points="257,3514 939,3512 939,3473 899,3460 743,3482 257,3458"/>
                <Baseline points="268,3507 301,3505 335,3504 369,3504 403,3504 436,3504 470,3504 504,3504 538,3504 571,3502 605,3501 639,3501 673,3501 706,3501 740,3501 774,3501 808,3501 841,3499 875,3499 909,3501 943,3501"/>
                <TextEquiv>
                    <Unicode>langsam als drückend zu empfinden.</Unicode>
                </TextEquiv>
            </TextLine>
            <TextLine id="tr_1_tl_71" custom="readingOrder {index:70;}">
                <Coords points="295,3572 1134,3555 1121,3490 860,3529 295,3514"/>
                <Baseline points="307,3552 348,3552 390,3552 431,3552 473,3552 515,3552 556,3552 598,3552 640,3549 681,3549 723,3549 765,3547 806,3546 848,3546 890,3546 931,3546 973,3546 1015,3546 1056,3546 1098,3546 1140,3546"/>
                <TextEquiv>
                    <Unicode>Es war am Ende doch schön — damals, als</Unicode>
                </TextEquiv>
            </TextLine>
            <TextLine id="tr_1_tl_72" custom="readingOrder {index:71;}">
                <Coords points="255,3629 1132,3604 1132,3552 366,3580 257,3557"/>
                <Baseline points="268,3605 311,3603 354,3602 398,3602 441,3602 485,3601 528,3599 572,3599 615,3599 659,3599 702,3598 745,3596 789,3595 832,3593 876,3593 919,3593 963,3593 1006,3593 1050,3593 1093,3593 1137,3590"/>
                <TextEquiv>
                    <Unicode>man als Introduktion poetische Liebesbriefe</Unicode>
                </TextEquiv>
            </TextLine>
            <TextLine id="tr_1_tl_73" custom="readingOrder {index:72;}">
                <Coords points="263,3662 1134,3653 1134,3612 1085,3602 263,3623"/>
                <Baseline points="274,3653 317,3651 360,3650 403,3650 447,3650 490,3649 533,3647 577,3647 620,3647 663,3647 707,3646 750,3643 793,3641 836,3641 880,3641 923,3641 966,3641 1010,3641 1053,3641 1096,3641 1140,3638"/>
                <TextEquiv>
                    <Unicode>schrieb, anstatt das Fräulein vorher auf eine</Unicode>
                </TextEquiv>
            </TextLine>
            <TextLine id="tr_1_tl_74" custom="readingOrder {index:73;}">
                <Coords points="263,3711 1134,3706 1117,3649 263,3662"/>
                <Baseline points="274,3698 317,3698 360,3698 403,3696 447,3695 490,3695 533,3695 577,3695 620,3695 663,3694 707,3692 750,3692 793,3692 836,3692 880,3692 923,3692 966,3692 1010,3692 1053,3689 1096,3689 1140,3689"/>
                <TextEquiv>
                    <Unicode>Tasse Kaffee einzuladen. Damals, als man noch</Unicode>
                </TextEquiv>
            </TextLine>
            <TextLine id="tr_1_tl_75" custom="readingOrder {index:74;}">
                <Coords points="263,3751 1132,3745 1132,3706 1051,3696 265,3713"/>
                <Baseline points="274,3746 317,3746 360,3746 403,3746 446,3746 489,3746 532,3745 576,3743 619,3743 662,3743 705,3742 748,3740 791,3740 834,3740 878,3740 921,3739 964,3737 1007,3737 1050,3737 1093,3737 1137,3737"/>
                <TextEquiv>
                    <Unicode>Inschte und gewährte, und Zeit fand für den</Unicode>
                </TextEquiv>
            </TextLine>
            <TextLine id="tr_1_tl_76" custom="readingOrder {index:75;}">
                <Coords points="265,3807 1141,3796 1128,3747 402,3777 265,3754"/>
                <Baseline points="277,3793 320,3796 363,3796 406,3794 450,3793 493,3793 536,3792 580,3790 623,3790 666,3790 710,3789 753,3787 796,3787 839,3787 883,3787 926,3787 969,3787 1013,3787 1056,3784 1099,3784 1143,3787"/>
                <TextEquiv>
                    <Unicode>Gelat — selbst wenn der Magen knurrte. Diese</Unicode>
                </TextEquiv>
            </TextLine>
            <TextLine id="tr_1_tl_77" custom="readingOrder {index:76;}">
                <Coords points="268,3852 1132,3850 1134,3798 1098,3792 1044,3816 871,3792 270,3809"/>
                <Baseline points="280,3844 322,3844 365,3844 408,3844 451,3842 494,3841 537,3841 579,3841 622,3839 665,3838 708,3837 751,3835 794,3835 837,3835 879,3834 922,3832 965,3832 1008,3832 1051,3832 1094,3832 1137,3832"/>
                <TextEquiv>
                    <Unicode>Musik, gemengt mit dem Klingen von Geld</Unicode>
                </TextEquiv>
            </TextLine>
            <TextLine id="tr_1_tl_78" custom="readingOrder {index:77;}">
                <Coords points="272,3903 1132,3897 1134,3848 1098,3843 274,3854"/>
                <Baseline points="283,3895 325,3892 368,3892 411,3890 454,3889 497,3889 540,3889 582,3887 625,3886 668,3886 711,3886 754,3885 797,3883 840,3883 882,3883 925,3882 968,3880 1011,3883 1054,3883 1097,3883 1140,3883"/>
                <TextEquiv>
                    <Unicode>und dem Rascheln von Mahnbriefen hat die</Unicode>
                </TextEquiv>
            </TextLine>
            <TextLine id="tr_1_tl_79" custom="readingOrder {index:78;}">
                <Coords points="268,3955 1138,3940 1119,3893 268,3908"/>
                <Baseline points="280,3943 323,3940 366,3938 409,3937 452,3939 495,3938 538,3937 582,3937 625,3937 668,3936 711,3934 754,3933 797,3932 840,3933 884,3931 927,3931 970,3931 1013,3931 1056,3934 1099,3931 1143,3931"/>
                <TextEquiv>
                    <Unicode>andere unterdrückt. In der so etwas wie</Unicode>
                </TextEquiv>
            </TextLine>
            <TextLine id="tr_1_tl_80" custom="readingOrder {index:79;}">
                <Coords points="265,4010 531,4023 670,3987 895,4030 999,3991 1138,3991 1138,3940 268,3953"/>
                <Baseline points="280,3990 323,3990 366,3990 409,3988 452,3987 495,3987 538,3987 582,3987 625,3987 668,3986 711,3984 754,3984 797,3983 840,3981 884,3981 927,3981 970,3981 1013,3981 1056,3981 1099,3978 1143,3981"/>
                <TextEquiv>
                    <Unicode>Waldesrauschen und Frou-Frou sich mangten.</Unicode>
                </TextEquiv>
            </TextLine>
            <TextEquiv>
                <Unicode></Unicode>
            </TextEquiv>
        </TextRegion>
        <TextRegion orientation="0.0" id="tr_2" custom="readingOrder {index:1;}">
            <Coords points="1193,341 1193,3962 2931,3962 2931,341"/>
            <TextLine id="tr_2_tl_1" custom="readingOrder {index:0;}">
                <Coords points="1194,377 2050,402 2050,349 1192,325"/>
                <Baseline points="1205,361 1247,364 1290,364 1332,366 1375,367 1417,367 1460,369 1502,370 1545,370 1587,373 1630,375 1673,374 1715,376 1758,376 1800,377 1843,380 1885,381 1928,379 1970,382 2013,385 2056,385"/>
                <TextEquiv>
                    <Unicode>Es war quelque fleurs, das da duftete — wenn</Unicode>
                </TextEquiv>
            </TextLine>
            <TextLine id="tr_2_tl_2" custom="readingOrder {index:1;}">
                <Coords points="2095,398 2842,424 2928,419 2928,385 2093,360"/>
                <Baseline points="2107,388 2148,391 2189,394 2230,394 2271,394 2313,395 2354,398 2395,398 2436,397 2477,399 2519,399 2560,399 2601,399 2642,402 2683,402 2725,404 2766,405 2807,407 2848,410 2889,412 2931,414"/>
                <TextEquiv>
                    <Unicode>Im Oberfluß genossen wird alles einmal ein</Unicode>
                </TextEquiv>
            </TextLine>
            <TextLine id="tr_2_tl_3" custom="readingOrder {index:2;}">
                <Coords points="1198,419 2855,475 2915,473 2913,426 1196,379"/>
                <Baseline points="1208,405 1293,411 1379,414 1464,414 1550,417 1635,415 1721,421 1806,424 1892,429 1977,429 2063,433 2149,437 2234,441 2320,443 2405,444 2491,447 2576,448 2662,451 2747,453 2833,459 2919,465"/>
                <TextEquiv>
                    <Unicode>auch nicht Lavendel - heute heißen die Zuviel. Das Sentiment von einst ebenso wie die</Unicode>
                </TextEquiv>
            </TextLine>
            <TextLine id="tr_2_tl_4" custom="readingOrder {index:3;}">
                <Coords points="1190,475 1631,477 1706,511 1798,479 2035,496 2033,447 1994,441 1190,424"/>
                <Baseline points="1202,456 1243,456 1285,459 1327,459 1369,461 1411,462 1452,464 1494,465 1536,465 1578,465 1620,466 1661,468 1703,468 1745,468 1787,471 1829,474 1870,474 1912,477 1954,477 1996,479 2038,480"/>
                <TextEquiv>
                    <Unicode>Parfums bezeichnenderweise: Sans Adieu oder</Unicode>
                </TextEquiv>
            </TextLine>
            <TextLine id="tr_2_tl_5" custom="readingOrder {index:4;}">
                <Coords points="2059,499 2900,520 2915,473 2057,454"/>
                <Baseline points="2071,489 2113,486 2155,486 2198,489 2240,489 2283,489 2325,491 2367,492 2410,492 2452,494 2495,495 2537,495 2579,496 2622,498 2664,498 2707,499 2749,501 2791,501 2834,504 2876,507 2919,510"/>
                <TextEquiv>
                    <Unicode>graue Nichternheit aus der wir ein neues</Unicode>
                </TextEquiv>
            </TextLine>
            <TextLine id="tr_2_tl_6" custom="readingOrder {index:5;}">
                <Coords points="1181,526 1222,520 1245,537 1346,518 1434,550 1487,529 1530,539 1528,477 1434,482 1355,464 1338,475 1241,467 1181,479"/>
                <Baseline points="1193,504 1219,504 1245,504 1271,506 1297,507 1324,507 1350,508 1376,510 1402,510 1429,511 1455,513 1481,513 1507,513 1534,513"/>
                <TextEquiv>
                    <Unicode>sachlich: Chanel 5.</Unicode>
                </TextEquiv>
            </TextLine>
            <TextLine id="tr_2_tl_7" custom="readingOrder {index:6;}">
                <Coords points="2050,567 2114,539 2328,578 2681,548 2889,567 2861,509 2694,535 2639,505 2048,488"/>
                <Baseline points="2059,531 2100,531 2142,534 2184,534 2226,536 2268,537 2309,539 2351,540 2393,541 2435,543 2477,543 2518,543 2560,544 2602,546 2644,546 2686,549 2727,549 2769,551 2811,552 2853,554 2895,558"/>
                <TextEquiv>
                    <Unicode>Traumideal finden: Reznick-Zeit. C. M.</Unicode>
                </TextEquiv>
            </TextLine>
            <TextLine id="tr_2_tl_8" custom="readingOrder {index:7;}">
                <Coords points="1196,614 1282,631 1378,614 1444,638 1682,631 1680,559 1661,554 1601,569 1577,550 1477,561 1421,541 1387,563 1312,533 1194,526"/>
                <Baseline points="1208,588 1233,588 1258,588 1283,588 1308,588 1333,588 1358,589 1384,591 1409,592 1434,593 1459,593 1484,593 1509,593 1535,594 1560,596 1585,597 1610,599 1635,599 1660,599 1686,599"/>
                <TextEquiv>
                    <Unicode></Unicode>
                </TextEquiv>
            </TextLine>
            <TextLine id="tr_2_tl_9" custom="readingOrder {index:8;}">
                <Coords points="1832,655 2157,638 2440,685 2925,655 2923,593 2746,569 2564,597 2093,584 2012,541 1830,563"/>
                <Baseline points="1841,611 1895,609 1950,614 2004,614 2059,617 2113,617 2168,621 2222,623 2277,625 2331,623 2386,626 2440,627 2495,627 2549,628 2604,629 2658,630 2713,633 2767,635 2822,638 2876,644 2931,647"/>
                <TextEquiv>
                    <Unicode></Unicode>
                </TextEquiv>
            </TextLine>
            <TextLine id="tr_2_tl_10" custom="readingOrder {index:9;}">
                <Coords points="1703,2116 1787,2127 1843,2112 1894,2131 1928,2114 1971,2142 1973,2007 1947,2009 1930,1997 1785,2007 1706,1988"/>
                <Baseline points="1716,2113 1742,2113 1768,2111 1794,2107 1820,2105 1846,2104 1872,2106 1898,2107 1924,2107 1950,2107 1976,2107"/>
                <TextEquiv>
                    <Unicode></Unicode>
                </TextEquiv>
            </TextLine>
            <TextLine id="tr_2_tl_11" custom="readingOrder {index:10;}">
                <Coords points="2271,2129 2320,2140 2335,2127 2356,2144 2393,2131 2405,2142 2418,2136 2457,2146 2470,2131 2495,2129 2491,2050 2343,2042 2326,2061 2303,2059 2268,2080"/>
                <Baseline points="2280,2104 2307,2106 2334,2108 2361,2109 2389,2110 2416,2110 2443,2110 2470,2111 2498,2113"/>
                <TextEquiv>
                    <Unicode>on</Unicode>
                </TextEquiv>
            </TextLine>
            <TextLine id="tr_2_tl_12" custom="readingOrder {index:11;}">
                <Coords points="2116,2393 2196,2360 2247,2384 2279,2371 2386,2395 2452,2382 2444,2288 2388,2277 2375,2292 2337,2286 2307,2305 2202,2273 2176,2294 2106,2283"/>
                <Baseline points="2125,2349 2150,2349 2175,2350 2201,2353 2226,2356 2252,2358 2277,2359 2303,2361 2328,2364 2354,2368 2379,2371 2405,2373 2430,2373 2456,2373"/>
                <TextEquiv>
                    <Unicode>17 MAR 1934</Unicode>
                </TextEquiv>
            </TextLine>
            <TextLine id="tr_2_tl_13" custom="readingOrder {index:12;}">
                <Coords points="1699,2478 2799,2467 2799,2414 2673,2393 1699,2435"/>
                <Baseline points="1710,2465 1764,2465 1819,2462 1874,2462 1929,2462 1983,2462 2038,2462 2093,2462 2148,2462 2202,2462 2257,2462 2312,2462 2367,2463 2421,2464 2476,2462 2531,2462 2586,2462 2640,2462 2695,2462 2750,2462 2805,2462"/>
                <TextEquiv>
                    <Unicode>52 Corso di perfecionamento della Facoltà Medica di Vienna.</Unicode>
                </TextEquiv>
            </TextLine>
            <TextLine id="tr_2_tl_14" custom="readingOrder {index:13;}">
                <Coords points="1695,2506 2784,2508 2771,2465 1695,2476"/>
                <Baseline points="1707,2501 1761,2503 1815,2502 1869,2502 1923,2501 1977,2501 2031,2501 2085,2501 2139,2501 2193,2501 2247,2501 2301,2502 2355,2503 2409,2501 2463,2501 2517,2501 2571,2504 2625,2504 2679,2502 2733,2501 2787,2501"/>
                <TextEquiv>
                    <Unicode>a facoltà di Viennes prir la maggio . .</Unicode>
                </TextEquiv>
            </TextLine>
            <TextLine id="tr_2_tl_15" custom="readingOrder {index:14;}">
                <Coords points="1671,2551 2793,2555 2750,2506 1671,2506"/>
                <Baseline points="1683,2543 1738,2542 1794,2540 1850,2540 1906,2540 1962,2541 2017,2541 2073,2540 2129,2540 2185,2542 2241,2542 2296,2543 2352,2543 2408,2543 2464,2541 2520,2540 2575,2540 2631,2540 2687,2540 2743,2540 2799,2540"/>
                <TextEquiv>
                    <Unicode>y corso intentionale di perfecionamento von durata sino</Unicode>
                </TextEquiv>
            </TextLine>
            <TextLine id="tr_2_tl_16" custom="readingOrder {index:15;}">
                <Coords points="1663,2596 2784,2589 2771,2544 1663,2551"/>
                <Baseline points="1674,2584 1729,2581 1785,2581 1841,2583 1897,2581 1953,2578 2008,2580 2064,2581 2120,2581 2176,2582 2232,2578 2287,2580 2343,2581 2399,2581 2455,2581 2511,2581 2566,2578 2622,2579 2678,2580 2734,2578 2790,2572"/>
                <TextEquiv>
                    <Unicode>10 giugno , om generale del corso saranno i « Pro-</Unicode>
                </TextEquiv>
            </TextLine>
            <TextLine id="tr_2_tl_17" custom="readingOrder {index:16;}">
                <Coords points="1669,2639 2793,2634 2795,2581 1669,2596"/>
                <Baseline points="1680,2626 1738,2620 1797,2620 1856,2620 1915,2620 1974,2618 2033,2620 2092,2619 2151,2619 2210,2620 2268,2620 2327,2620 2386,2620 2445,2620 2504,2619 2563,2617 2622,2620 2681,2617 2740,2617 2799,2617"/>
                <TextEquiv>
                    <Unicode>gressi della a cui porteranno il loro contributo i</Unicode>
                </TextEquiv>
            </TextLine>
            <TextLine id="tr_2_tl_18" custom="readingOrder {index:17;}">
                <Coords points="1671,2673 2784,2673 2784,2622 1671,2639"/>
                <Baseline points="1683,2662 1738,2659 1793,2659 1849,2659 1904,2659 1959,2659 2015,2659 2070,2659 2125,2659 2181,2659 2236,2661 2291,2659 2347,2659 2402,2662 2457,2662 2513,2660 2568,2659 2623,2659 2679,2659 2734,2659 2790,2656"/>
                <TextEquiv>
                    <Unicode>professori A. Blum, Demmer, Elias, Eppinger, alta, Ham-</Unicode>
                </TextEquiv>
            </TextLine>
            <TextLine id="tr_2_tl_19" custom="readingOrder {index:18;}">
                <Coords points="1669,2709 2797,2714 2797,2671 2692,2660 1669,2675"/>
                <Baseline points="1680,2698 1736,2700 1792,2700 1848,2699 1904,2698 1960,2700 2016,2700 2072,2701 2128,2698 2184,2701 2241,2701 2297,2701 2353,2701 2409,2701 2465,2701 2521,2701 2577,2701 2633,2698 2689,2698 2745,2698 2802,2701"/>
                <TextEquiv>
                    <Unicode>burger, Beckagie, Jellinek, Kienböck, Koch, Lotheissen,</Unicode>
                </TextEquiv>
            </TextLine>
            <TextLine id="tr_2_tl_20" custom="readingOrder {index:19;}">
                <Coords points="1673,2750 2788,2748 2771,2705 1673,2709"/>
                <Baseline points="1686,2740 1741,2740 1796,2740 1852,2738 1907,2737 1962,2740 2018,2740 2073,2738 2128,2737 2184,2740 2239,2737 2294,2739 2350,2740 2405,2740 2460,2740 2516,2738 2571,2737 2626,2737 2682,2737 2737,2737 2793,2740"/>
                <TextEquiv>
                    <Unicode>Marschik, Neumann, Nobel, Novak Rubritius, Ruttin, Salzer,</Unicode>
                </TextEquiv>
            </TextLine>
            <TextLine id="tr_2_tl_21" custom="readingOrder {index:20;}">
                <Coords points="1665,2788 2797,2791 2773,2743 2669,2739 1665,2752"/>
                <Baseline points="1677,2775 1733,2778 1789,2778 1845,2778 1902,2778 1958,2778 2014,2778 2070,2778 2127,2778 2183,2778 2239,2778 2295,2778 2352,2778 2408,2778 2464,2778 2520,2778 2577,2775 2633,2776 2689,2778 2745,2778 2802,2781"/>
                <TextEquiv>
                    <Unicode>Schnitzler, Schönbauer, Schur, Stein Strasser, Weinberger,</Unicode>
                </TextEquiv>
            </TextLine>
            <TextLine id="tr_2_tl_22" custom="readingOrder {index:21;}">
                <Coords points="1673,2829 2478,2827 2478,2786 1673,2786"/>
                <Baseline points="1686,2814 1725,2814 1765,2816 1805,2817 1845,2817 1885,2816 1925,2815 1964,2817 2004,2817 2044,2817 2084,2817 2124,2815 2164,2816 2204,2817 2243,2817 2283,2817 2323,2817 2363,2817 2403,2814 2443,2814 2483,2817"/>
                <TextEquiv>
                    <Unicode>Werner, oltre à molti docenti ed assistenti.</Unicode>
                </TextEquiv>
            </TextLine>
            <TextLine id="tr_2_tl_23" custom="readingOrder {index:22;}">
                <Coords points="1708,2868 2797,2863 2771,2816 2574,2799 1708,2827"/>
                <Baseline points="1719,2856 1773,2856 1827,2856 1881,2856 1935,2856 1989,2856 2043,2856 2098,2856 2152,2856 2206,2856 2260,2856 2314,2856 2368,2856 2422,2856 2477,2854 2531,2853 2585,2853 2639,2853 2693,2853 2747,2853 2802,2853"/>
                <TextEquiv>
                    <Unicode>Fra le varie conferenze che saranno tenute durante il corso</Unicode>
                </TextEquiv>
            </TextLine>
            <TextLine id="tr_2_tl_24" custom="readingOrder {index:23;}">
                <Coords points="1669,2906 2793,2906 2773,2859 1669,2870"/>
                <Baseline points="1680,2898 1738,2898 1797,2896 1856,2895 1915,2895 1974,2895 2033,2895 2092,2895 2151,2895 2210,2895 2268,2895 2327,2895 2386,2895 2445,2895 2504,2895 2563,2895 2622,2895 2681,2895 2740,2893 2799,2895"/>
                <TextEquiv>
                    <Unicode>o che ne rivelano l'ecclettismo e l'importanza etiam: la</Unicode>
                </TextEquiv>
            </TextLine>
            <TextLine id="tr_2_tl_25" custom="readingOrder {index:24;}">
                <Coords points="1669,2942 2793,2945 2758,2898 1669,2906"/>
                <Baseline points="1680,2940 1738,2937 1797,2937 1856,2937 1915,2937 1974,2937 2033,2937 2092,2935 2151,2937 2210,2934 2268,2934 2327,2934 2386,2934 2445,2934 2504,2934 2563,2934 2622,2937 2681,2934 2740,2934 2799,2931"/>
                <TextEquiv>
                    <Unicode>trasfusione di sangue nella medicina interna (Eppinger). La</Unicode>
                </TextEquiv>
            </TextLine>
            <TextLine id="tr_2_tl_26" custom="readingOrder {index:25;}">
                <Coords points="1673,2985 2784,2981 2743,2936 1673,2951"/>
                <Baseline points="1686,2978 1741,2975 1796,2975 1851,2975 1906,2975 1962,2975 2017,2975 2072,2975 2127,2974 2182,2972 2238,2972 2293,2972 2348,2975 2403,2972 2458,2972 2514,2972 2569,2972 2624,2972 2679,2972 2734,2972 2790,2969"/>
                <TextEquiv>
                    <Unicode>teria degli spondimenti nelle cavit sierse (as I'm</Unicode>
                </TextEquiv>
            </TextLine>
            <TextLine id="tr_2_tl_27" custom="readingOrder {index:26;}">
                <Coords points="1673,3028 2784,3020 2784,2987 2671,2975 1673,2985"/>
                <Baseline points="1686,3017 1741,3014 1796,3014 1851,3014 1906,3013 1962,3012 2017,3014 2072,3014 2127,3014 2182,3014 2238,3014 2293,3014 2348,3014 2403,3013 2458,3011 2514,3011 2569,3011 2624,3011 2679,3011 2734,3011 2790,3008"/>
                <TextEquiv>
                    <Unicode>portanza dello stomaco nella terapio delle emofilie (Hitzen</Unicode>
                </TextEquiv>
            </TextLine>
            <TextLine id="tr_2_tl_28" custom="readingOrder {index:27;}">
                <Coords points="1671,3071 2793,3062 2795,3015 1673,3028"/>
                <Baseline points="1683,3056 1738,3055 1794,3053 1849,3053 1905,3053 1961,3053 2016,3053 2072,3053 2128,3053 2183,3053 2239,3053 2295,3053 2350,3053 2406,3053 2462,3053 2517,3053 2573,3053 2629,3051 2684,3052 2740,3050 2796,3047"/>
                <TextEquiv>
                    <Unicode>berger Diagnosi differenziale o terapio delle neiti Kaller)</Unicode>
                </TextEquiv>
            </TextLine>
            <TextLine id="tr_2_tl_29" custom="readingOrder {index:28;}">
                <Coords points="1688,3105 2793,3107 2793,3062 2686,3058 1688,3067"/>
                <Baseline points="1701,3095 1755,3093 1810,3092 1865,3095 1920,3095 1975,3093 2030,3092 2085,3095 2140,3093 2195,3095 2250,3093 2304,3092 2359,3092 2414,3092 2469,3092 2524,3092 2579,3089 2634,3090 2689,3092 2744,3092 2799,3092"/>
                <TextEquiv>
                    <Unicode>Il dolore e la sua totta nelle maatte torreiche (Weinberger)</Unicode>
                </TextEquiv>
            </TextLine>
            <TextLine id="tr_2_tl_30" custom="readingOrder {index:29;}">
                <Coords points="1695,3144 2791,3144 2791,3107 2701,3094 1695,3103"/>
                <Baseline points="1707,3134 1761,3134 1815,3134 1870,3133 1924,3131 1979,3133 2033,3134 2088,3134 2142,3134 2197,3134 2251,3134 2305,3131 2360,3131 2414,3131 2469,3131 2523,3134 2578,3131 2632,3131 2687,3131 2741,3129 2796,3128"/>
                <TextEquiv>
                    <Unicode>Diagnose terapio delle maatte unsere articolar (Kin-</Unicode>
                </TextEquiv>
            </TextLine>
            <TextLine id="tr_2_tl_31" custom="readingOrder {index:30;}">
                <Coords points="1673,3191 2784,3176 2754,3135 1673,3139"/>
                <Baseline points="1686,3172 1741,3172 1796,3170 1851,3171 1906,3172 1962,3172 2017,3172 2072,3172 2127,3172 2182,3172 2238,3172 2293,3170 2348,3169 2403,3172 2458,3171 2514,3169 2569,3167 2624,3169 2679,3169 2734,3169 2790,3166"/>
                <TextEquiv>
                    <Unicode>kerapio di radizione (Schönbauer la cura in</Unicode>
                </TextEquiv>
            </TextLine>
            <TextLine id="tr_2_tl_32" custom="readingOrder {index:31;}">
                <Coords points="1669,3221 2791,3225 2791,3178 2544,3165 1669,3186"/>
                <Baseline points="1680,3211 1735,3214 1791,3212 1846,3211 1902,3211 1958,3213 2013,3213 2069,3212 2125,3211 2180,3214 2236,3212 2292,3211 2347,3211 2403,3211 2459,3211 2514,3211 2570,3208 2626,3209 2681,3210 2737,3208 2793,3208"/>
                <TextEquiv>
                    <Unicode>cruenta nelle maattie chirurgiche Schnitzer). Terpin chi-</Unicode>
                </TextEquiv>
            </TextLine>
            <TextLine id="tr_2_tl_33" custom="readingOrder {index:32;}">
                <Coords points="1665,3261 2793,3261 2769,3216 1665,3223"/>
                <Baseline points="1677,3253 1733,3253 1789,3253 1845,3253 1901,3253 1957,3253 2013,3253 2069,3253 2125,3253 2181,3252 2238,3250 2294,3250 2350,3250 2406,3250 2462,3250 2518,3250 2574,3250 2630,3250 2686,3249 2742,3247 2799,3247"/>
                <TextEquiv>
                    <Unicode>rurgien dell'eless (Schürer Progressi della erapio del</Unicode>
                </TextEquiv>
            </TextLine>
            <TextLine id="tr_2_tl_34" custom="readingOrder {index:33;}">
                <Coords points="1663,3304 2793,3300 2793,3261 2731,3251 1665,3270"/>
                <Baseline points="1677,3292 1733,3292 1789,3292 1845,3292 1901,3292 1957,3292 2013,3292 2069,3292 2125,3292 2181,3292 2238,3292 2294,3292 2350,3292 2406,3292 2462,3292 2518,3290 2574,3286 2630,3289 2686,3289 2742,3287 2799,3286"/>
                <TextEquiv>
                    <Unicode>careinona del retto (Mandl, Cura delle maatte della hin-</Unicode>
                </TextEquiv>
            </TextLine>
            <TextLine id="tr_2_tl_35" custom="readingOrder {index:34;}">
                <Coords points="1673,3345 2799,3334 2771,3293 1673,3304"/>
                <Baseline points="1686,3334 1744,3332 1803,3332 1862,3331 1921,3331 1980,3333 2039,3331 2098,3333 2157,3331 2216,3328 2274,3331 2333,3331 2392,3331 2451,3331 2510,3330 2569,3328 2628,3328 2687,3328 2746,3328 2805,3328"/>
                <TextEquiv>
                    <Unicode>dola tiroide nell'infania (Nobel erapio delle anomalie</Unicode>
                </TextEquiv>
            </TextLine>
            <TextLine id="tr_2_tl_36" custom="readingOrder {index:35;}">
                <Coords points="1673,3383 2795,3375 2795,3334 1673,3345"/>
                <Baseline points="1686,3375 1741,3372 1797,3372 1852,3372 1908,3369 1964,3371 2019,3369 2075,3372 2131,3369 2186,3369 2242,3369 2298,3369 2353,3369 2409,3369 2465,3371 2520,3370 2576,3369 2632,3369 2687,3368 2743,3368 2799,3366"/>
                <TextEquiv>
                    <Unicode>metrali (Novak) Le corrigi nella gravitanza e nel</Unicode>
                </TextEquiv>
            </TextLine>
            <TextLine id="tr_2_tl_37" custom="readingOrder {index:36;}">
                <Coords points="1680,3422 2769,3420 2769,3373 2686,3366 1680,3379"/>
                <Baseline points="1692,3417 1746,3411 1800,3411 1854,3410 1908,3408 1962,3410 2016,3408 2071,3411 2125,3410 2179,3408 2233,3408 2287,3411 2341,3410 2395,3408 2450,3408 2504,3408 2558,3405 2612,3405 2666,3405 2720,3405 2775,3408"/>
                <TextEquiv>
                    <Unicode>parto (Preissecker) Cura della guerre maschile (Stein</Unicode>
                </TextEquiv>
            </TextLine>
            <TextLine id="tr_2_tl_38" custom="readingOrder {index:37;}">
                <Coords points="1671,3460 2799,3458 2801,3420 1671,3424"/>
                <Baseline points="1683,3453 1739,3452 1795,3450 1851,3450 1907,3450 1963,3450 2019,3450 2075,3450 2131,3450 2187,3447 2244,3448 2300,3450 2356,3450 2412,3449 2468,3447 2524,3447 2580,3447 2636,3447 2692,3447 2748,3445 2805,3444"/>
                <TextEquiv>
                    <Unicode>La radioterapio in oculistien (Sallmann). Progressi della cura</Unicode>
                </TextEquiv>
            </TextLine>
            <TextLine id="tr_2_tl_39" custom="readingOrder {index:38;}">
                <Coords points="1671,3507 2797,3490 2776,3450 1671,3465"/>
                <Baseline points="1683,3489 1741,3492 1800,3490 1859,3489 1918,3489 1977,3489 2036,3489 2095,3489 2154,3489 2213,3486 2271,3486 2330,3489 2389,3489 2448,3486 2507,3488 2566,3484 2625,3483 2684,3484 2743,3484 2802,3486"/>
                <TextEquiv>
                    <Unicode>chirurgien nelle maatte dell'ecchio (Neumann) Trapin</Unicode>
                </TextEquiv>
            </TextLine>
            <TextLine id="tr_2_tl_40" custom="readingOrder {index:39;}">
                <Coords points="1673,3540 2797,3561 2797,3490 1673,3503"/>
                <Baseline points="1686,3531 1741,3531 1797,3531 1853,3531 1909,3528 1965,3531 2020,3531 2076,3529 2132,3528 2188,3528 2244,3528 2299,3530 2355,3528 2411,3528 2467,3528 2523,3526 2578,3525 2634,3526 2690,3527 2746,3525 2802,3522"/>
                <TextEquiv>
                    <Unicode>medicamentos del picos (Hartmann) la posizione uttale</Unicode>
                </TextEquiv>
            </TextLine>
            <TextLine id="tr_2_tl_41" custom="readingOrder {index:40;}">
                <Coords points="1671,3602 1774,3574 2489,3589 2489,3535 1671,3540"/>
                <Baseline points="1683,3569 1723,3569 1764,3569 1804,3569 1845,3569 1886,3569 1926,3569 1967,3569 2007,3569 2048,3569 2089,3566 2129,3566 2170,3566 2210,3566 2251,3566 2292,3566 2332,3566 2373,3566 2413,3566 2454,3566 2495,3566"/>
                <TextEquiv>
                    <Unicode>della teria della sibilide nervos (attner)</Unicode>
                </TextEquiv>
            </TextLine>
            <TextLine id="tr_2_tl_42" custom="readingOrder {index:41;}">
                <Coords points="1714,3625 2776,3608 2776,3572 2598,3546 2290,3591 1714,3578"/>
                <Baseline points="1725,3608 1777,3608 1830,3608 1883,3608 1936,3608 1989,3607 2041,3606 2094,3606 2147,3605 2200,3605 2253,3603 2305,3606 2358,3606 2411,3607 2464,3605 2517,3605 2569,3604 2622,3602 2675,3602 2728,3600 2781,3599"/>
                <TextEquiv>
                    <Unicode>scrizione per l'inter eos importe la quot die</Unicode>
                </TextEquiv>
            </TextLine>
            <TextLine id="tr_2_tl_43" custom="readingOrder {index:42;}">
                <Coords points="1680,3674 2793,3655 2793,3608 1680,3610"/>
                <Baseline points="1692,3650 1747,3647 1802,3647 1858,3644 1913,3647 1968,3647 2024,3645 2079,3644 2134,3644 2190,3644 2245,3644 2300,3644 2356,3647 2411,3644 2466,3644 2522,3644 2577,3644 2632,3643 2688,3641 2743,3641 2799,3641"/>
                <TextEquiv>
                    <Unicode>lini , e no recordato speciali cilitazion errore.</Unicode>
                </TextEquiv>
            </TextLine>
            <TextLine id="tr_2_tl_44" custom="readingOrder {index:43;}">
                <Coords points="1714,3698 2793,3689 2793,3651 2592,3642 1714,3655"/>
                <Baseline points="1725,3686 1778,3686 1832,3686 1886,3686 1939,3686 1993,3686 2047,3686 2100,3685 2154,3685 2208,3684 2262,3683 2315,3686 2369,3686 2423,3684 2476,3683 2530,3683 2584,3683 2637,3682 2691,3682 2745,3681 2799,3680"/>
                <TextEquiv>
                    <Unicode>ler ulteriori schamente programm dettagliato indiriz-</Unicode>
                </TextEquiv>
            </TextLine>
            <TextLine id="tr_2_tl_45" custom="readingOrder {index:44;}">
                <Coords points="1678,3732 2784,3728 2784,3692 2726,3685 1678,3694"/>
                <Baseline points="1689,3728 1744,3728 1799,3728 1854,3728 1909,3726 1964,3726 2019,3725 2074,3725 2129,3723 2184,3724 2239,3722 2294,3725 2349,3722 2404,3722 2459,3722 2514,3722 2569,3719 2624,3722 2679,3722 2734,3720 2790,3719"/>
                <TextEquiv>
                    <Unicode>zureichester: Das Sekretariat der Internationalen Fort</Unicode>
                </TextEquiv>
            </TextLine>
            <TextLine id="tr_2_tl_46" custom="readingOrder {index:45;}">
                <Coords points="1673,3771 2791,3766 2791,3728 2733,3724 1673,3734"/>
                <Baseline points="1686,3766 1741,3766 1797,3766 1852,3766 1908,3763 1963,3764 2019,3762 2074,3763 2130,3763 2185,3761 2241,3763 2296,3763 2352,3763 2407,3762 2463,3760 2518,3760 2574,3758 2629,3760 2685,3760 2740,3759 2796,3758"/>
                <TextEquiv>
                    <Unicode>bildungskurse, Wien, IX. Porzellangasse, 2. oppure; Das</Unicode>
                </TextEquiv>
            </TextLine>
            <TextLine id="tr_2_tl_47" custom="readingOrder {index:46;}">
                <Coords points="1678,3816 2799,3833 2782,3764 1680,3773"/>
                <Baseline points="1689,3805 1744,3805 1800,3805 1856,3805 1912,3805 1968,3804 2023,3802 2079,3802 2135,3802 2191,3802 2247,3802 2302,3802 2358,3802 2414,3801 2470,3801 2526,3802 2581,3802 2637,3799 2693,3799 2749,3799 2805,3802"/>
                <TextEquiv>
                    <Unicode>Kursburg der Menschen Fakultät, Wien,</Unicode>
                </TextEquiv>
            </TextLine>
            <TextLine id="tr_2_tl_48" custom="readingOrder {index:47;}">
                <Coords points="1686,3869 1716,3871 1727,3861 1783,3876 1806,3861 1832,3867 1866,3852 1902,3869 1922,3856 1943,3861 1943,3813 1877,3822 1828,3822 1817,3811 1686,3816"/>
                <Baseline points="1698,3847 1723,3844 1748,3844 1773,3844 1798,3844 1823,3844 1848,3844 1873,3844 1898,3844 1923,3844 1949,3844"/>
                <TextEquiv>
                    <Unicode>strasse,</Unicode>
                </TextEquiv>
            </TextLine>
            <TextLine id="tr_2_tl_49" custom="readingOrder {index:48;}">
                <Coords points="1710,3923 2799,3916 2799,3839 2690,3888 2345,3833 1969,3891 1710,3861"/>
                <Baseline points="1722,3916 1776,3913 1830,3916 1884,3915 1938,3913 1992,3912 2046,3913 2100,3915 2154,3911 2208,3910 2262,3910 2316,3910 2370,3910 2424,3910 2478,3910 2532,3907 2586,3909 2640,3908 2694,3908 2748,3905 2802,3907"/>
                <TextEquiv>
                    <Unicode>all'Egitto the</Unicode>
                </TextEquiv>
            </TextLine>
            <TextLine id="tr_2_tl_50" custom="readingOrder {index:49;}">
                <Coords points="1708,3959 1723,3959 1738,3978 1744,3972 1753,3976 1768,3965 1774,3972 1778,3968 1791,3968 1795,3929 1774,3927 1768,3931 1763,3925 1748,3925 1733,3931 1729,3923 1710,3923"/>
                <Baseline points="1719,3952 1745,3948 1772,3946 1799,3946"/>
                <TextEquiv>
                    <Unicode></Unicode>
                </TextEquiv>
            </TextLine>
            <TextLine id="tr_2_tl_51" custom="readingOrder {index:50;}">
                <Coords points="1881,3972 2793,3953 2793,3914 2690,3908 1881,3929"/>
                <Baseline points="1892,3949 1937,3948 1982,3949 2028,3949 2073,3949 2118,3949 2164,3949 2209,3949 2254,3949 2300,3949 2345,3949 2390,3949 2436,3949 2481,3949 2526,3949 2572,3949 2617,3949 2662,3949 2708,3949 2753,3946 2799,3946"/>
                <TextEquiv>
                    <Unicode>contra in cui si co-</Unicode>
                </TextEquiv>
            </TextLine>
            <TextEquiv>
                <Unicode></Unicode>
            </TextEquiv>
        </TextRegion>
    </Page>
</PcGts>
