3344 4352
158 312 1005 401 13. Miscellaneous
1196 310 1621 405 box 447
2055 576 2833 710 OBSERVER
2173 672 2796 754 österr. behördl. konzessioniertes
2114 716 2833 799 Unternehmen für Zeitungs-Ausschnitte
2184 778 2760 853 WIEN, I., WOLLEILE 11
2253 835 2698 905 TELEPHON R-23-0-43
2072 966 2429 1060 Ausschnitt aus:
2398 1042 2907 1161 Neue Freie
1021 1168 1669 1264 Neue Freie Presse
2078 1191 2210 1279 vom
2406 1232 2804 1359 16. 1934
788 1276 1894 1354 furter Athletiksportklub hat sich im Eishockey einen geachteten
781 1315 1891 1401 Namen gemacht. In den letzten Tagen führte er schöne Spiele
1938 1339 2028 1408 Hil
731 1385 2041 1475 gegen die beiden Oxforder Mannschaften und gegen den Inns¬ versch
1935 1436 2015 1491 diöse
1940 1478 2021 1530 mith
1933 1519 2047 1569 Witwe
1935 1561 2042 1613 71. Le
1923 1604 2055 1656 worden
1931 1644 2049 1698 die Be¬
1935 1685 2039 1739 leiters
2444 1670 3054 1744 Hallstatt. Unter
1928 1732 3049 1780 den Erschienenen befanden sich Abgeordneter Dewaty in Ver¬
1925 1772 3052 1825 tretung des Vizekanzlers a. D. Winkler, Landesrat Höpfl, Land¬
1931 1816 3052 1868 tagsabgeordneter Reichl, Bundesrat Dr. Felsinger, Chefredakteur
1931 1860 3055 1907 Dr. Kohlbach als Vertreter des Grazer Journalistenvereines
1931 1900 3055 1953 „Concordia“, deren Vizepräsident Halb war, Abordnungen des
1931 1944 3055 1992 Alpenländischen Kriegsteilnehmerverbandes, das Grazer Bürger¬
1925 1980 3057 2037 korps u. v. a. m. Am Grabe sprachen außer dem Präsidenten
1933 2024 3052 2077 Leopold Stocker für die „Tagblatt" Ges. m. b. H., Direktor
1933 2067 3055 2134 Kogelnik für die Verlagsleitung, Präsident des Grazer Journa¬
1928 2106 3060 2166 listenvereines „Concordia“ Dr. Kohlbach und Schriftleiter Jahn.
1943 2158 3067 2199 — In Budapest ist der politische Hauptmitarbeiter des „Neuen
1935 2191 3055 2248 Politischen Volksblattes“ Dr. Bela Szekacs im Alter von
1935 2236 3060 2287 61 Jahren gestorben. Der Tod des kenntnisreichen und in seinem
1933 2272 3050 2331 Beruf ausgehenden Journalisten bedeutet einen schweren Verlust
1938 2316 3049 2370 für die deutschsprachige ungarländische Presse. — Sonntag ist hier
1918 2351 3060 2416 der Rechtsanwalt Dr. Felix Rosenfeld im Alter von 61 Jahren
1930 2404 3055 2462 gestorben. — Mittwoch den 17. d. um 11.30 Uhr findet
1928 2442 3046 2489 in der Feuerhalle der Stadt Wien die Einäscherung des am 12. d.
1918 2486 3046 2532 verstorbenen Oberlehrers der Mädchenbürgerschule in der Renn¬
1931 2528 3055 2589 gasse i. P. Hermann Berger statt. — Es sind weiter gestorben:
1925 2572 3057 2621 Herr Paul Fritz Seitner (Begräbnis Mittwoch, 17. d., 16 Uhr,
1933 2615 3052 2680 Zentralfriedhof, zweites Tor, zweite Halle); Herr Max Groß¬
1925 2654 3052 2710 feld nach langem schwerem Leiden (Beerdigung Mittwoch, 17. d.,
1925 2698 3050 2742 11 Uhr, Zentralfriedhof, viertes Tor); Camilla Bauer geb.
1917 2721 3046 2796 Schulhof (Leichenbegängnis heute, 11 Uhr, Zentralfriedhof, viertes
1928 2776 3049 2829 Tor); Herr Alexander Fröhlich (Bestattung heute, 11.15 Uhr,
1928 2817 3046 2873 Zentralfriedhof, erstes Tor). — Herr Kommerzialrat Julius
1918 2861 3049 2912 Herzberg zeigt den Tod seiner Gattin an, die nach langem,
1928 2900 3049 2966 schwerem Leiden gestorben ist. (Begräbnis erfolgt in aller Stille.)
2019 2949 3046 3018 (Richtigstellung.) In dem Feuilleton von Marie Herz¬
1925 2995 3032 3052 feld „Die „Corona"-Schriften", das wir in der Nummer vom 9.
1922 3039 3049 3085 veröffentlicht haben, soll es Spalte zwei, Zeile 18, richtig heißen:
1935 3077 3060 3156 Goethes Künstler wallen"; Spalte drei, Zeile drei: „Wenn er
1922 3109 2124 3179 stürbe.
2047 3205 2918 3323 Hermann Bahr.
2656 3328 3016 3419 Wien, 16. Januar.
2011 3382 3042 3466 Hermann Bahr ist gestern abend in München ge¬
1918 3439 3055 3515 storben. So erschütternd die Nachricht von seinem Hinscheiden
1913 3507 3049 3561 auf alle wirkt, die ihn gekannt und geliebt haben, sie mutet
1918 3551 3050 3602 beinahe versöhnlich an gegenüber jener Meldung, die vor
1909 3599 3046 3664 wenigen Wochen aus München kam und die davon sprach,
1917 3646 3046 3700 daß dieser Mann der steten Bewegung und Beweglichkeit,
1922 3688 3046 3750 Aneiferer und Befeuerer, Führer und Wegebereiter, zu lang¬
1917 3734 3042 3798 wierigem Siechtum, zu einem dumpfen, seiner selbst und der
1918 3783 3037 3835 Umwelt nicht bewußten Dahinwegetieren verurteilt sei. Un¬
1917 3829 3046 3889 faßbar ist es gewesen, daß Hermann Bahrs Lebensabend dem
1907 3881 3039 3928 eines bedauernswerten, seiner Vernunft beraubten, teil¬
1913 3925 3042 3979 nahmslos vor sich hinstierenden Kranken gleichen sollte. So
1907 3974 3049 4031 wird denn der Tod Hermann Bahrs ihm und uns zur Er¬
1917 4015 3041 4072 lösung. Kein Zufall, daß man den Nachschlagewerken miß¬
1907 4060 3041 4119 traut, die von ihm zu berichten wissen, daß er zweiundsiebzig
1913 4106 3037 4166 Jahre alt geworden sei. Die billige Nekrologphrase von der
1907 4156 3047 4209 ewigen Jugend, die ihm die Götter geschenkt hätten, wäre
1922 4196 3041 4249 fehl am Platz. Er selbst hat auf die Stürme seiner Jugend
