3344 4352
108 274 960 395 13. Miscellaneous
1154 284 1576 369 box 44/6
260 859 1040 964 „OBSERVER
341 961 1003 1018 1. österr. behördl. konzessioniertes
311 1006 1037 1065 Unternehmen für Zeitungs-Ausschnitte
374 1053 960 1128 WIEN, I., WOLLEILE 11
452 1120 897 1181 TELEPHON R-23-0-43
257 1248 602 1328 Ausschnitt aus:
503 1254 919 1389 Neue Freie Presse
638 1423 1038 1529 3. AUG. 1933
260 1489 391 1559 vom
194 1586 1291 1676 — Der Kardinal und die Künstler.) Die Dachkammer¬
163 1673 1296 1737 existenz der unbekannten jungen Dichter, Maler und Musiker
160 1713 1295 1780 war seit jeher ein beliebtes Requisit sentimentaler Betrachtungen.
163 1764 1298 1821 Es ist sehr nett und stimmungsvoll, sich den jungen Künstler
160 1806 1298 1870 vorzustellen, der nicht weiß, wovon er am Ersten seine Mitte
167 1854 1295 1925 bezahlen soll, aber trotzdem den Kopf hoch trägt, weil er fühlt,
168 1907 1296 1974 daß er ein Genie ist und daß auch seine Zeit einmal kommen
165 1948 1292 2011 muß. Und es ist ein beliebtes Klischee, die Bohemeromantik des
160 1991 1289 2067 Anfängers, der trotz aller Geldsorgen mit seiner Mimi oder Mi¬
158 2109 1282 2179 glücklich ist, der Ernüchterung des grauhaarigen Arrivierten
155 2162 1278 2224 gegenüberzustellen. Nun ist aber bei dem Künstlerelend von heute
153 2205 1279 2273 auch beim besten Willen nicht die geringste Spur von Boheme¬
151 2251 1279 2322 romantik zu bemerken. Diese Bohemeromantik des Künstlerelends
155 2293 1292 2356 war ja auch früher schon in vielen Fällen eine süßlich=verlogene
165 2346 1284 2409 Phrase. Man spricht gern von den Genies, die sich allen Ent¬
158 2390 1279 2453 behrungen zum Trotz durchgesetzt haben. Aber Arthur Schnitzler
155 2436 1282 2504 hat diese landläufige Redensart einmal mit vollem Recht durch
155 2487 1284 2550 den Einwand widerlegt, daß so manches Genie vielleicht noch
155 2526 1282 2591 viel mehr geleistet hätte, wenn nicht seine schaffenskräftigsten
161 2576 1285 2644 Jahre im Kampfe gegen die Not vergangen wären. Wer weiß
153 2644 1180 2693 denn von den ganz besonders feinnervigen Begabungen
153 2670 1286 2737 ungefähr führte Arthur Schnitzler aus —, die ihre Meisterwerke
153 2718 1288 2785 nicht geschaffen haben, weil sie den Härten des Lebenskampfes
151 2764 1282 2835 nicht gewachsen waren. Das Künstlerelend von heute ist,
160 2814 1289 2872 wie gesagt, auch nicht durch den leisesten Schimmer von Romantik
160 2858 1281 2927 tröstlich vergoldet. Es ist ein hoffnungsloses, würgendes, bös¬
153 2905 1291 2974 artiges Elend. Da hat nun Kardinal=Erzbischof Dr. Innitzer,
163 2952 1288 3024 der in den wenigen Monaten seiner bisherigen Amtsführung
163 3011 1292 3066 bereits den innigsten geistigen Kontakt mit allen Schichten der
160 3049 1288 3108 Wiener Bevölkerung gefunden hat, gestern bei der Eröffnung
163 3111 1296 3161 der Ausstellung im Künstlerhaus ein schönes Wort gesprochen.
168 3142 1291 3210 „Statten Sie den Dank für den Genuß, den Ihnen die alten
163 3185 1292 3259 Künstler bereiten", sagte der Kirchenfürst, „den lebenden
158 3232 1285 3296 Künstlern ab, indem Sie sie beschäftigen und auf jede Weise
171 3290 1291 3352 fördern.“ Eine beherzigenswerte Mahnung. Es ist eine sehr
160 3337 1305 3407 bequeme Art von Kunstsinn, vor den alten Meistern zu knien.
165 3387 1296 3437 und die zeitgenössischen Künstler hungern zu lassen. In früheren
167 3419 1298 3496 Jahrhunderten war die Kunst der Kirche für reiche Förderung
160 3470 1295 3541 zu Dank verpflichtet. Kardinal Innitzer, dieser im edelsten Sinne
168 3517 1299 3611 des Wortes moderne Priester, knüpft mit seinem gestrigen
168 3564 1175 3660 Bischofswort verheißungsvoll an eine große Tradition an.
1960 131 2669 211 Unternehmen für Zeitungs-Ausschne
2018 195 2599 274 WIEN, I., WOLLEILE 11
2099 267 2536 328 TELEPHON R-23-0-43
1905 395 2256 466 Ausschnitt aus:
2350 455 2463 542 den
1917 635 2034 687 vom
2249 595 2429 700 AUG.
1854 800 2898 879 Das Lebenselirier der schwer¬
1980 880 2788 986 mütigen Gymnasiastin.
1905 970 2940 1031 Die achtzehnjährige Pauly hat ihren Eltern während
1808 1024 2937 1078 der letzten zwei Jahre viel Sorgen bereitet. Das unge¬
1808 1065 2941 1121 wöhnlich hübsche Mädchen, hochgewachsen, hell¬
1816 1111 2941 1167 blond, von den Eltern verwöhnt, von den jungen Leuten
1813 1158 2940 1218 umschwärmt, litt an Schwermut. Bis zu ihrem sech¬
1806 1198 2940 1254 zehnten Jahr war sie ein lustiges, übermütiges Ding, im
1806 1245 2940 1304 Gymnasium wegen ihrer ausgelassenen Streiche bekannt, bei
1813 1295 2934 1348 jedem Schaberack dabei. Im Winter ein reizendes „Ski¬
1806 1339 2940 1406 haser!", eine glänzende Eisläuferin, in der Tanzstunde eine
1816 1385 2941 1446 gefeierte junge Schönheit. Im Sommer an dem Salzkammer¬
1816 1433 2942 1492 gutsee, den ihre Eltern fast alljährlich besuchen, ebenfalls
1808 1483 2941 1546 ein Liebling der Gesellschaft, eine trainierte Schwim¬
1806 1530 2325 1600 merin und Bergsteigerin.
1903 1560 2937 1652 Dabei war sie aber keineswegs von einer Sport¬
1800 1634 2940 1682 monomanie besessen. Im Gegenteil, ihre Hauptleiden¬
1827 1684 2912 1734 chaft war Lektüre. Vor allem für Arthur Schnitzle
1800 1721 2940 1779 hegte sie eine schwärmerische Verehrung der von der
1800 1776 2937 1831 Nüchternheit und Sachlichkeit, die man der heutigen Jugend
1800 1826 2937 1870 oft nachsagt, nichts anzumerken war. Das hochbegabte
1808 1870 2937 1947 Mädchen hatte beinahe jede Zeile von Arthur Schnitzler
1813 1913 2902 1995 gelesen und bewahrte davon ein starkes seelisches Erlebnis.
1910 1955 2935 2042 Im Spätsommer 1931 traten bei ihr allmählich
1816 2027 2941 2088 Symptome einer seelischen Verdüsterung auf. Sie fand
1816 2074 2941 2125 an übermütiger Gesellschaft keinen Gefallen mehr, wurde ein¬
1818 2122 2937 2176 siedlerisch, weinte leicht und vergrub sich immer mehr in die
1813 2168 2940 2221 Lektüre ihres Lieblingsdichters. Als ihre Familie aus dem
1806 2215 2940 2269 Salzkammergut wieder nach Wien kam, war Pauly noch
1816 2262 2945 2321 schöner geworden, aber in ihrem Wesen nicht
1813 2309 2938 2372 wieder zu erkennen. Verschlossen, schweig¬
1827 2353 2934 2410 am, schwermütig. Die Eltern sahen sich genötigt,
1808 2406 2942 2455 einen Nervenarzt zu Rate zu ziehen, der Zerstreuung und
1813 2447 2938 2500 Ablenkung empfahl, ohne aber durch diese Methode
1813 2493 2942 2546 eine Besserung ihres Zustandes zu erzielen. Arthur
1808 2542 2884 2603 Schnitzlers Tod im Oktober 1931 bedeutete für Pauly
1813 2590 2932 2650 sie hatte den Dichter nicht persönlich gekannt — eine furcht¬
1806 2634 2938 2683 bare seelische Erschütterung. Mit seinem letzten Buch „Flucht
1808 2684 2934 2738 in die Finsternis trieb sie einen förmlichen Kult. Während
1800 2727 2940 2787 des Winters verschlimmerte sich ihr Zustand, sie wurde blaß,
1803 2773 2937 2828 verlor an Gewicht, in der Schule fiel ihre Arbeitsunlust und
1803 2821 2937 2884 Unaufmerksamkeit auf. Sport und gesellschaft¬
1806 2871 2938 2947 liche Veranstaltungen wurden ihr wider¬
1804 2914 2001 2987 wärtig.
2072 2948 2680 3041 Ein Selbstmordversuch.
1905 3028 2938 3088 Die geängstigten Eltern waren ratlos. Im Sommer ver¬
1821 3076 2940 3125 suchten sie durch eine größere Reise die Gemütskrankheit ihrer
1800 3126 2937 3182 Tochter zu heilen. Wieder ein Fehlschlag. Im Herbst be¬
1813 3171 2938 3226 ging Pauly einen Selbstmordversuch durch
1818 3216 2931 3276 Einatmen von Leuchtgas. Sie wurde in leichter Be¬
1806 3266 2928 3317 täubung aufgefunden, der peinliche Zwischenfall wurde ver¬
1813 3307 2938 3372 tuscht. Es war nicht möglich, von Pauly die Ursache ihres
1808 3360 2378 3429 Lebensberdrusses zu erfahren.
1903 3402 2931 3467 Seit etwa zwei Monaten aber ist Pauly wieder
1803 3460 2931 3514 das strahlende, lebensfrohe Geschöpf, wie sie
1803 3509 2931 3564 es bis vor zwei Jahren war. Und diese Verwandlung ist
1800 3553 2925 3608 das Verdienst eines erfahrenen Pädagogen und Jugend¬
1800 3594 2932 3658 beraters. Er riet Paulus Eltern, in der Lebensweise ihres
1800 3644 2934 3705 Kindes eine radikale Aenderung eintreten zu lassen. Anfang
1800 3690 2928 3750 Mai kam Pauly zu einer holländischen Bauernfamilie. Aber
1806 3735 2924 3788 nicht als Sommerfrischlerin, sondern als
1803 3784 2924 3839 Bauernmagd. Bei Morgengrauen aus dem Bett, abends
1800 3831 2921 3891 zeitig in die Federn, den ganzen Tag schwere landwirtschaft¬
1808 3875 2924 3944 liche Arbeit auf den Feldern und im Stall. Derbe,
1800 3925 2069 4001 kräftige Kost.
1895 3968 2918 4042 Schon nach zwei, drei Wochen besserte sich Paulys Zu¬
1799 4033 2915 4092 stand auffallend. Im Juni waren ihr kaum noch Krankheits¬
1808 4079 2924 4143 symptome anzumerken. Sie lachte und sang wieder
1797 4120 2930 4185 und war mit Feuereifer bei der Arbeit. Nur ganz selten
1816 4172 2920 4236 und immer schwächer kam die alte Verstimmung über sic.
