3392 4352
114 257 249 355 13.
309 257 962 366 Miscellaneous
1154 257 1587 371 box 44/6
742 1069 2825 1211 AUS ÖSTERREICHS KUNSTWELT
1971 2008 2806 2168 OBSERVER
2091 2104 2755 2189 I. österr. behördl. konzessioniertes
2059 2132 2786 2241 Unternehmen für Zeitungs-Ausschnitte
2124 2215 2716 2298 WIEN, I., WOLLZEILE 11
2194 2277 2638 2347 TELEPHON R-23-0-43
1989 2373 2355 2482 Ausschnitt aus:
2093 2485 2640 2607 Variety New York
2257 2576 2576 2659 25.7.1933
1982 2607 2114 2695 vom
2290 2635 2534 2708 Vienna:
2345 2690 2848 2801 by Erich Glass.
936 2752 1344 2858 ERASMITEK
1989 2806 2666 2905 septenarian keinen Elek¬
615 2825 1714 2915 Die reizende blende Tochter des bekannten Kom¬
2000 2884 2666 2952 mann recalls early dealings with
534 2918 1722 2985 merzialrat Swiek, die ihre Gesangsausbildung in
1997 2915 2664 2993 Schnitzler, Schoenherr and Wild¬
540 2962 1717 3030 deutscher und französischer Sprache bei Professo
534 3011 1712 3079 Rado genoß, wendet sich nunmehr dem Kabarett zu
540 3063 1709 3123 Ihre entzückende Gestalt, der Liebreiz ihrer Per¬
540 3123 1722 3185 sönlichkeit und ihr enormes Talent ließen Arthur
534 3175 1712 3229 Schnitzler die Worte formen: das süße Wiener
534 3216 1709 3286 Mädel — Und das ist sie in der vollen Bedeutung
537 3266 1720 3328 des Wortes, Wienerin durch den Geist und Grazie
534 3320 1720 3390 zugleich, ein Typ, den sie offentlich bald
537 3374 1714 3432 Gelegenheit haben wird, in allen Großstädten der
529 3421 1709 3491 Erde im Kabarett dem Publikum näher zu bringen
534 3470 1712 3538 Insbesondere ihr Schipsiedel ist unbezahlbar.
534 3522 1712 3598 l. Anna Reiner sich auch weiterhin behaupten und
532 3579 1704 3662 Wien: Patriz erfamilie und genoß sie eine aus¬
534 3634 1707 3694 gezeichnete Erziehung. Sie liebt alle Sportarten, ins¬
532 3686 1712 3751 besondere Ski, Tennis und Schwimmen zählt zu
534 3727 1707 3797 ihren Lieblingssports. Des öfteren sieht man ihre lieb¬
529 3779 1709 3860 liche Gestalt am Volant des von ihr meisterhaft
532 3844 1696 3909 gelenken Automobil. Alle dese Eigenschaften wii-
534 3891 1707 3963 den Frl. Switek für den Film besonders geeignet
529 3932 926 4000 erscheinen lassen.
1478 3948 1663 4005 II. v. 11.
