3392 4352
936 138 1269 231 Observer
1143 205 1776 301 Wien I. Wollzeile 11
1143 292 1776 362 Telephon R-230—43
1412 458 2040 538 15. SEP. Solingen
1828 519 2037 598 gebung
800 728 1835 888 Ein englischer Tip für
949 889 2054 990 bolschewistische Fananter
875 986 2070 1061 Albert Einstein ist eine mathematische Begabung, wie sie
790 1037 2070 1107 vielleicht im Laufe eines Menschenalters einmal geboren wird.
800 1082 2066 1151 Die Zahl der wissenschaftlich geschulten Köpfe, die seinen Unter¬
796 1123 2070 1205 suchungen wirklich folgen können, ist in allen Kulturländern nicht
790 1192 1006 1258 eben groß.
878 1205 2067 1282 Das hat die jüdische Presse Deutschlands zu der Zeit, als
796 1258 2078 1328 zuerst etwas über diese Untersuchungen in eine breitere Oeffent¬
800 1304 2082 1367 lichkeit drang, nicht abgehalten, um Einstein einen großen
796 1349 2080 1409 Nummel in Szene zu setzen und zu verkünden: „Unser Einstein
796 1397 2080 1466 hat dem deutschen Volk eine neue Weltanschauung gegeben. Dieser
796 1439 2080 1506 Weltanschauung wurde die Marke „Relativitätslehre aufgelebt.
803 1492 2077 1546 Und sie wurde von Leuten, die von der Sache keine Ahnung
803 1527 2075 1596 hatten, als funkelnagelnen ausgegeben und allerorten als eine
803 1577 2085 1635 welterschütternde Tat angepriesen. Der verstorbene Kollege
804 1623 2082 1676 Günther ist in jenen Tagen zu seinem Lehrer, dem alten Wilhelm
808 1660 2082 1718 Wundt, gegangen und hat ihn gefragt, ob er für die „Leipziger
811 1702 2093 1769 Neuesten Nachrichten“ nicht eine Betrachtung über das angeblich
803 1752 2088 1806 wissenschaftliche Novum schreiben wolle. Worauf der alte Wundt
803 1792 2088 1844 lächelnd abgelehnt hat mit der Frage: „Relativität von Raum
811 1836 2090 1904 und Zeit — soll das etwas Neues sein? Damit fing seit Kant
817 1889 1401 1955 für uns jede Philosophie an.
893 1902 2083 1982 Der beinahe neunzigjährige Weltweise traf damit den Nagel
808 1963 2082 2029 auf den Kopf. Soweit es sich bei der Relativitätslehre, die in der
811 2006 2082 2074 jüdischen Presse angepriesen wurde wie ein neuer Konfektions¬
817 2056 2093 2125 schlager, um ein mathematisches Problem handelte, war sie für
814 2101 2090 2155 eine Erörterung in der Tagespresse ungeeignet. Soweit aber auf
808 2143 2096 2207 dies unverstandene mathematische Problem der Anspruch gegrün¬
814 2184 2091 2250 det wurde, die Relativität von Zeit und Raum sei eine von
814 2244 2090 2296 Herrn Einstein im Jahre 1919 frisch erfundene Weltanschauung,
808 2277 2096 2325 war das eine Anmaßung gegenüber der deutschen Bildung. Eine
817 2316 2091 2377 Anmaßung, die auf gleicher Höhe stand mit der aus jüdischen
814 2365 2091 2425 Kreisen erhobenen Behauptung, Arthur Schnitzler habe die Deut¬
814 2410 2091 2465 schen erst das Dichten, Mar Lievermann das Malen und Max
814 2458 2094 2510 Reinhardt das Theaterspielen gelehrt. Die Anmaßung war um
820 2498 2094 2551 so dreister, als die ganze Kulturwelt mit dem Deutschtum zu¬
820 2540 2093 2598 sammen erst 1914 den hundertsten Todestag Immanuel Kants
820 2585 2098 2638 begangen hatte, der uns in der Tat eine neue Art gelehrt hat,
817 2633 1490 2686 die Welt um uns her anzuschauen.
910 2670 2093 2729 Das alles hätte noch hingehen mögen, nachdem es an die
832 2723 2098 2776 zehn Jahre unwidersprochen gedauert hatte. Wenn wir uns die
828 2761 2096 2819 jüdische Anmaßung gefallen ließen, die sich so gebärdete, als
827 2806 2099 2862 hätten Juden dem dummen Deutschen erst so etwas wie Kultur
824 2849 2098 2905 beigebracht, so war das unsere eigene Schuld. Leider blieb Herr
827 2894 2099 2950 Einstein nicht bei seinem Leisten. Er fühlte die Verpflichtung, sich
827 2949 2104 2997 für soviel Verhimmelung dankbar zu erzeigen und gab im Aus¬
824 2992 2098 3040 land abfällige Urteile über deutsche Zustände und deutsche Regie¬
827 3024 2102 3077 rungsformen von sich. Vielleicht glaubte er, durch die Macht
832 3067 2098 3136 seines Wortes die nationale Selbstbesinnung in Deutschland
827 3126 2098 3176 aufhalten zu können, die ihm und seinen Gesinnungsgenossen an¬
827 3170 2101 3218 fing, unbequem zu werden. Das war nun ein Irrtum des großen
835 3203 2099 3259 Mannes, für den er mit Unrecht andere als sich selbst verant¬
827 3248 2099 3303 wortlich macht. Daß das nationale Deutschland ihn ersuchte,
832 3295 2104 3346 lieber dort zu bleiben, wo es ihm soviel besser gefallen hatte als
832 3340 2096 3415 bei uns, sollte er uns als logisch denkender Mann doch eigent¬
827 3380 1276 3439 lich nicht übelnehmen.
920 3396 2104 3476 Als dann das Ausland sich des kommunistischen Reichstags¬
832 3469 2104 3527 Brandstifters liebevoll annahm, glaubte Herr Einstein dabei
827 3509 2102 3569 nicht fehlen zu dürfen. Er deckte die Greuelpropaganda, die sich
827 3559 2099 3609 daran anknüpfte, mit seinem Namen. Bis ihm dann doch Be¬
835 3606 2102 3652 denken aufstiegen und er den Kommunistenhäuptling Münzen¬
835 3644 2099 3697 berg öffentlich ersuchte, für sein Schandwerk lieber selbst die Ver¬
832 3687 2104 3742 antwortung zu übernehmen. Für einen tiefen Denker scheint
838 3735 2106 3790 uns Herr Einstein etwas spät zu der Einsicht gekommen zu sein,
832 3782 2109 3830 auf was für einen gefährlichen Weg er sich da begeben hatte.
832 3824 2106 3880 Vielleicht begreift er so nach und nach auch noch, wie gefährlich
838 3872 2110 3921 ihm persönlich die zärtliche Sorgfalt werden kann, womit eng¬
838 3913 2106 3963 lische Geschäftstüchtigkeit und englischer Spleen ihn neuerdings
838 3958 2106 4006 umgeben. Aus seinem belgischen Tuskulum hat man ihn heraus¬
841 4000 2115 4058 geholt, ihm englische „Gastfreundschaft“ aufgedrängt und ihn
841 4046 2109 4094 mit einer bewaffneten Leibgarde umgeben, um ihn „vor den
838 4088 2115 4138 Verfolgungen der Nazis zu schützen. Eine Jungfrau mit
838 4130 2119 4187 Namen Ellen Wilkinson, die im Weltausschuß für Opfer des deutschen
