3392 4352
1191 286 1618 395 box 44/6
155 284 1014 410 13. Miscellaneous
513 604 1292 704 „OBSERVER
599 690 1254 750 1. österr. behördl. konzessioniertes
570 736 1292 813 Unternehmen für Zeitungs-Ausschnitte
633 799 1220 871 WIEN, I., WOLLEILE 11
707 851 1154 914 TELEPHON R-23-0-43
507 968 862 1065 Ausschnitt aus:
596 1034 1166 1146 8-Uhrblatt, Wien,
919 1154 1254 1251 19.7.1933.
513 1186 641 1286 vom
435 1226 2721 1483 Der Dichter Hermann Bahr
1065 1498 2073 1604 Zu seinem siebtesten Geburtstag
470 1572 2706 1667 Hermann Bahr feiert heute seinen siebzigsten Geburts matik ein leichtes Spiel um verbotene Liebesfreuden. Das
435 1650 2715 1704 tag. In einem jeden auch nur einen schwachen Funken de tänzelt so leichthin an Abgründen vorbei und plaudert
438 1701 2715 1755 künstlerischen Eros in sich verspürenden Menschen wir oberflächlich um Dinge herum, die in Wirklichkeit viel tiefer
1584 1753 2706 1810 sind, als sie von Bahr genommen werden. Die Ursprüng¬
432 1747 1555 1810 dieser Funke leuchtend aufglimmen, wenn er in Be¬
1581 1796 2712 1856 lichkeit und Natürlichkeit seines Spielertums begründet der
432 1798 1555 1856 rührung kommt mit Werk und Wesen der Spieler= und
435 1839 2712 1899 Künstlertum sprühenden Persönlichkeit Hermann Bahrs Künstler mit einer diesbezüglichen oberösterreichischen Erb¬
432 1896 2712 1944 Schwarm aller jünglinghaft leichtfertigen Schöngeistler, war anlage: „Hier ist jeder Mensch", schrieb er einmal, „ein
424 1942 2712 1996 der junge Jurist Bahr der Schrecken aller sich ihrer Würde Spieler. Hier wird alles zur Szene. Hier fühlt jedes Da¬
430 1990 2718 2053 bewußten Hofräte und Literaturprofessoren. Geborener sein sich erst im Schein erfüllt. Wir sind ein Volk geborener
430 2036 2575 2093 Künstler, spürte er es in sich, daß etwas Neues, Quellfrische Komödianten. Jedes Erlebnis wird uns zur Rolle.
1612 2068 2712 2142 Der Wiener Impressionismus aber, der Asthetisch¬
432 2088 1561 2139 Lebendiges in der Kunst geschaffen werden müsse. Denn
432 2128 2712 2196 sowohl mit der idealisierenden Schablone des goldschnitt Spielerische, das nicht wagt, ein Ethos zu haben, eine
1587 2174 2715 2239 sittliche Entscheidung zu treffen, das, wie jede relativistische
435 2179 1564 2242 gebundenen Klassizismus als auch mit der Poesiealbum¬
438 2228 2715 2288 seligkeit eines mädchenpensionatsbeliebten nervenschwachen Kunst, zersetzend wirkt, muß heute abgelehnt werden.
1587 2274 2715 2334 Hermann Bahr selbst hat mit ihm gebrochen, als er zum
435 2282 1564 2343 Romantizismus wurde seinem lebendigen, ursprünglichen,
432 2323 2726 2388 gegen jegliche Schablone protestierenden Künstlertum nicht Katholizismus übertrat. In seiner 1928 erschienenen
1592 2374 2715 2423 Schrift „Himmel auf Erden“, die Plaudereien über Fragen
435 2377 1564 2431 Genüge geleistet. So fuhr er nach Berlin, die „neue Rich¬
438 2420 2718 2477 tung“, die lebendige Kunst, jene Kunst, die das Leben, die des Religiösen und Künstlerischen enthält, wird er nicht
435 2463 2723 2526 Jugend, den Sozialismus für sich hatte, den Natura müde, auf den kunstzersetzenden Charakter
1589 2512 2718 2577 jeglichen Relativismus hinzuweisen. Als Euri¬
435 2520 1564 2577 lismus, kennenzulernen. Im Kreise der Schlaf, Holz,
438 2563 2726 2617 Tovote, Sudermann lernte er ihn kennen, in pides den Satz aufstellte, daß dieselbe Handlung gut und
435 2606 2715 2672 brünstig lieben und nannte ihn die „Moderne". Dann fuhr böse sein könne, je nach der Person und den Umständen,
1584 2663 2721 2721 war das griechische Drama zu Ende. Denn wenn es keine
435 2663 1558 2721 er, lebenstrunkener Naturalist, nach Frankreich zum Meister
1584 2709 2718 2764 objektiven, allgemeinen, unter allen Umständen verpflich¬
438 2718 1558 2789 des Naturalismus, zu Zola, um sich in den „Bauch vor
1587 2752 2723 2812 tenden Normen der Sittlichkeit gibt, dann gibt es auch
441 2758 813 2835 Paris" zu stürzen.
1589 2806 2718 2864 keine moralischen Konflikte mehr, mithin kein Drama. Her¬
481 2789 1561 2869 Zola aber war seine große Enttäuschung, Paris seine
424 2847 2726 2918 wesentliche Wende: Bahr wurde Impressionist und ist es, mann Bahr werden wir weiter lieben seines bezwingenden
1592 2901 2721 2958 Spieler= und Künstlertums wegen, über den Wiener Im¬
435 2901 1566 2958 welche Wandlungen er später auch noch durchgemacht hat,
1592 2947 2721 3007 pressionismus als solchen aber wird die junge Gene¬
435 2950 1566 3004 bis zu seinem Übertritt zum Katholizismus geblieben. Zu
1589 2993 2726 3053 ration hinwegschreiten zur wertgebundenen, wesenhaften
438 3004 1561 3058 seiner leichten, spielerischen, impressionistischen Kunstauf¬
435 3038 2726 3110 fassung gehörte es vielleicht sogar, daß er sich so oft Kunst — und Hermann Bahr wird fördernd und beratend
1595 3090 2723 3144 mit ihr sein. Er arbeitet heute, im stillen, im kleinen
435 3099 1566 3153 wandelte. Hermann Bahr schrieb einmal: „Das einzige
1595 3136 2723 3199 Münchener Kreise — Hans Carossa, Josef Magnus Wehner
432 3147 1569 3202 Gebot, in dem sich alle Ethik zusammenfaßt, lautet: modern
432 3184 2721 3256 zu sein. Aber nicht bloß einmal modern zu sein, sondern und Gertrud von le Fort sind seine Vertrauten — mit an
1592 3236 2721 3299 der geistigen Wende unserer Tage, die im Asthetischen ist:
441 3242 1569 3296 immer modern zu bleiben, und das heißt, weil die Beschaf¬
441 3279 2494 3373 fenheit jenes Korrelats unablässig wechselt, zu jeder Zeit eine Wende zur metaphysikgebundenen Kunst.
2374 3310 2695 3411 Walter Ferber.
432 3336 1575 3394 revolutionär zu sein“. Das ist liberaler Relativismus, dem
432 3388 819 3459 Fortschritt alles ist.
481 3402 1575 3491 Es gibt eine Reihe programmatischer, interpretierender
432 3485 1575 3540 und kritisierender Schriften von Hermann Bahr, in denen
438 3528 1566 3591 sich die sehr bewegte Entwicklung der modernen Literatur¬
441 3580 1564 3643 strömungen widerspiegelt. Aber so oft Bahr sich auch ge¬
441 3628 1584 3683 wandelt hat, er blieb im Grunde immer er selbst: der
430 3677 1575 3734 typische Vertreter des Wiener Impressionismus,
438 3723 1575 3780 dem er, neben Schnitzler und Hofmannsthal, die Form
441 3772 1572 3823 gab. Jene feine, beschwingte, französische, an Verlaine und
441 3820 1575 3875 Baudelaire gemahnende und doch wesenhaft wienerische
447 3869 1566 3926 Form, die uns aus Milde und Marmorglätte Hofmanns
441 3915 1575 3972 thalscher Verse, aus Anmut, Leichtigkeit und leider, müder
438 3958 1581 4018 Dekadenz Schnitzlerscher Dichtung bekannt ist. Das
438 4004 1581 4069 Rein=Spielerische, Asthetisch=Leichte lag Hermann Bahr. In
444 4058 1581 4115 seinem besten Lustspiel, dem „Konzert", geht es um ein
438 4107 1595 4187 immer wiederkehrendes Thema der impressionistischen Dra¬
