3392 4352
478 297 1599 342 nur unter dem Pseudonym Loris veröffentlichen darf. Beer¬
478 341 1603 399 Hofmann gehört der Runde an und Leopold Andrian und so
472 391 1605 445 mancher andere, den Bahr zum Ritter geschlagen hat. Daß
472 428 1605 489 der Ritterschlag manchmal den Unrichtigen adelte, mußte mit
468 481 1599 548 in den Kauf genommen werden. Bahrs Theaterstücke er¬
475 525 1596 579 scheinen in fast ununterbrochener Folge, Viele von ihnen
472 570 1602 623 werden aufgeführt. Mit wechselndem Erfolg. Gelegentlich unter
472 620 1599 679 Donner und Blitz eines Theaterskandals. Dazwischen ver¬
469 666 1605 719 öffentlicht er die ersten seiner Essaybände, darunter einen, der
464 710 1599 764 auf das schärfste mit dem Antisemitismus abrechnet. Sein
478 750 1599 807 starkes Lustspieltalent ist bald über allem Zweifel erhaben.
466 800 1586 847 „Wienerinnen" wird zum großen Theatererfolg. „Josefine
466 822 1606 896 damals als unerhörte Keckheit angestaunt, ahnt Bernard
466 893 1599 941 Shaw voraus, „Der Star", „Krampus“, „Der Meister", das
464 933 1605 1003 Stelzhamer=Stück „Franzl“ werden Repertoirestücke auf
458 981 900 1050 allen deutschen Bühnen.
565 1010 1600 1081 Wie alles und jedes hat Hermann Bahr auch das
464 1075 1596 1127 Theater mit der ganzen Impetuosität und Leidenschaftlichkeit
472 1121 1599 1180 seines Wesens angegangen. Er hat eigentlich einen neuen
466 1174 1602 1227 Stil der Theaterkritik geschaffen, der freilich im Extremen
466 1209 1596 1275 schweigte, nur die Höchst= und die Tiefstgrade des Thermo¬
461 1265 1593 1318 meters kannte. Daß dieser Stil von Berufenen und Un¬
461 1306 1596 1366 berufenen nachgeahmt, übertrieben und karikiert wurde,
451 1346 1590 1401 konnte Bahr nicht verhindern. Aber jene einzigartige Er¬
458 1398 1599 1453 kenntnis einer schauspielerischen Individualität konnte nicht
459 1445 1600 1508 kopiert werden. Wie deutlich erinnern wir uns an einen
462 1493 1589 1560 Abend im Carl-Theater. Ein halbleeres Haus, zumeist Frei¬
456 1535 1602 1599 kartler. Nicht viel Stimmung im Publikum. Man denke
454 1587 1596 1640 einmal, eine italienische Truppe, deren Mitglieder kein
464 1633 1603 1692 Mensch kennt. Im ersten Zwischenakt stürmt Bahr von
466 1677 1596 1736 seinem Sitz auf und ruft mit Stentorstimme über das
466 1721 1593 1781 Parkett hinweg: „Das ist die Schauspielerin unserer Zeit!
464 1771 1589 1824 Das ist der große Genius!“ Es war Eleonora Duse, die
458 1817 1599 1888 damals nicht nur für Wien, sondern für die Welt entdeckt
452 1867 585 1937 wurde.
551 1907 1593 1967 Das Theater hat auf die Dauer Hermann Bahr nicht
445 1955 1589 2011 auszufüllen vermocht. Es kamen die Sturmtage, in denen
454 2007 1593 2067 auf dem Gebiet der bildenden Kunst sich ein Umsturz voll¬
454 2057 1593 2107 zogen hat. Die „Sezession" wurde gegründet und Hermann
451 2105 1593 2152 Bahr ist es gewesen, der die literarischen Fanfaren geblasen
454 2147 1593 2198 hat und mit Berserkerwut gegen alle ankämpfte, die er zu
451 2195 1593 2246 den Philistern zählte. Unterdessen hatte er sich längst von dem
458 2242 1593 2299 guten Europäer, der zu sein er sich als junger Mann gerühmt
454 2286 1589 2339 hatte, zum überzeugten und begeisterten Oesterreicher speziali¬
458 2328 1590 2390 siert. Er wurde zum Schwärmer für das österreichische Barock
451 2378 1592 2439 und die Begeisterung für die Kunst seines Vaterlandes ließ
448 2422 1589 2477 ihn auch Ausflüge auf das politische Gebiet machen. Seine
445 2467 1586 2542 Schriften über die österreichische Mission, „Austriaca,
461 2522 1596 2572 „Schwarz=Gelb und viele andere, haben heute in erhöhtem
454 2570 1309 2621 Grade den Reiz der Aktualität der Stunde.
556 2597 1583 2670 Schwer zu übersehen ist die Vielseitigkeit dieses Lebens¬
458 2657 1583 2718 werkes. Hermann Bahr hat Jahre hindurch mit derselben
451 2708 1590 2760 Inbrunst vor dem Standbild Goethes gekniet wie später in
454 2754 1586 2807 der Salzburger Domkirche im härenen Mönchsgewand, als er
451 2801 1590 2864 zum glühenden Gottscher geworden war. Oesterreich hat ihm
451 2848 1590 2897 nicht immer sein treues Vasallentum gebührend gedankt. Die
451 2895 1586 2944 Burgtheaterdirektion Hermann Bahrs war von allzu kurzer
454 2940 1589 2998 Dauer, um das Geschicke des Hauses, dessen bester Biograph
454 2991 1586 3038 er gewesen ist, nachhaltiger zu beeinflussen. Als Hermann
451 3035 1593 3085 Bahr das Glück seines Lebens in der Ehe mit der großen
461 3082 1587 3143 Künstlerin Anna Mildenburg gefunden hatte, da hat man es
451 3123 1580 3185 hierzulande leider nicht verstanden, die beiden an die öster¬
458 3172 1590 3223 reichische Heimat zu fesseln. Und wie gern hätten sie sich
458 3215 1583 3278 fesseln lassen! Hermann Bahr wandte sich nach München;
451 3270 1580 3319 aber sein Herz ist in Oesterreich geblieben und mit nie ver¬
464 3310 1582 3363 sagender gespannter Aufmerksamkeit verfolgte er alle Ge¬
466 3359 1580 3413 schehnisse in der Heimat. Den geistigen Verkehr mit bedeuten¬
454 3406 1580 3454 den Oesterreichern hat er niemals aufgegeben. Abgesehen von
454 3453 1589 3509 seinen literarischen Freunden haben Heinrich Lammasch und
458 3497 1580 3550 später Jgnaz Seipel zum Kreise seiner Intimen gezählt. Und
461 3547 1580 3604 sein Zusammenhang mit der österreichischen Leserschaft blieb.
454 3591 1586 3644 vor allem dann seiner steten Mitarbeit an der „Neuen Freien
451 3638 1576 3693 Presse", aufrecht. In unserem Blatte sind die großen, öster¬
451 3687 1562 3741 reichischen Romane Hermann Bahrs erschienen, „O Mensch
458 3735 1583 3785 und „Druth" beispielsweise. Im Feuilleton der „Neuen
451 3780 1579 3827 Freien Presse“ hat er immer wieder zu vielen geistigen Pro¬
451 3825 1580 3887 blemen der Gegenwart Stellung genommen. Ein Vollmensch,
451 3872 1580 3926 ein Liebenswürdiger und Liebenswerter, ein Herzenswarmer
454 3919 1579 3974 und Gütiger scheidet mit ihm aus dem Leben. Er hat politische
458 3965 1579 4015 und literarische Gegner, nie aber einen persönlichen Feind
458 4013 1579 4071 gehabt. Und an seinem Sarg erklingt das Goethe=Wort:
461 4058 1580 4110 „Denn er ist ein Mensch gewesen, und das heißt ein Kämpfer
459 4099 549 4177 sein.
1388 4106 1540 4172 stg.
461 4195 1579 4294 Hermann Bahr der Dramatiker.
