3344 4352
164 261 1006 374 sans
1198 265 1612 363 box 447
1510 582 1902 714 Volkszeitung
1114 619 1462 756 KAIS
1451 732 1853 845 21. 1934
1247 851 2530 1002 Herr Kramer behüttert.
1101 973 1877 1061 Weltruf hatte das Rudolfsheimer
1990 995 2764 1084 Bald übernahm der neue Mann das
1008 1039 2762 1119 Theater, die sogenannte Schwenderbühne ja Liebhaberfach allein mit Beschlag, und schließ¬
1008 1092 2762 1156 nicht, und auch sehr prunkvoll war der Bau lich ist er auf dem Weg über „Alt=Heidelberg“,
1004 1137 2760 1198 keineswegs. Mitunter kam es schon vor, daß „Brüder von St. Bernhard“ und vielen, vielen
999 1174 2757 1245 man im Publikum nicht alles verstand, was andern Rollen der Star des Deutschen Volks¬
1008 1218 1871 1276 die Künstler sprachen, weil ein sonderbare
1904 1229 2764 1283 theaters, der Liebling Wiens geworden. Seine
1008 1265 1880 1318 Pochen und Scharren hinter den Kulissen
1906 1271 2757 1320 Leistungen als Charakterschauspieler moderne
1008 1307 2764 1369 hervordrang. Die Schuld daran trug der Ein=Stücke sind ebenso zahllos wie unvergeßlich
1008 1349 2764 1413 spännergaul, der, wenn er in seinen Stall und wer Leopold Kramer im „Gardeoffizier,
1002 1391 1869 1457 wollte, die Bühne passieren mußte. Ließ man
1906 1402 2766 1453 „Teufel“ oder als Anatol gesehen hat, der
1008 1435 2766 1499 ihn bis nach Schluß der Vorstellung warten, dankt ihm dieses Erlebnis noch Jahrzehnte
1002 1477 1873 1532 dann äußerte sich eben sein Unmut bisweilen
1911 1482 2023 1535 später
2079 1493 2766 1543 In dem damaligen festgefügten
1008 1519 1875 1577 derart, daß Häuser, Felsen oder
1904 1530 2768 1590 Ensemble der Bühne beim Weghuberpark war
1004 1561 1875 1616 Bäume, was immer das Szenenbild gerade
1906 1568 2768 1627 Kramer 21 Jahre lang einer der führenden
999 1608 1875 1658 zeigte, zu wanken begannen. Frau Löwe
1908 1612 2771 1672 Namen. Schmerzerfüllt nahm er Abschied von
1004 1656 1871 1700 und Herr Czernowski waren die un¬
1904 1656 2766 1705 hier, als nach dem Krieg verschiedene Umstande
1004 1689 2771 1754 beschränkten Herrscher dieses Reiches, sie taten ihm die Arbeit verleideten, und die Trennung
1008 1731 1869 1782 ihr Bestes, konnten aber das Schild „Aus¬
1897 1742 2764 1787 von diesem Theater war um so schwieriger
1008 1776 2768 1835 verkauft nicht zu oft über die Kasse hängen, als er hier jenes Glück fand, das ihm durch
1902 1822 2766 1873 alle Fährnisse des Lebens treu blieb. Bei einer
1079 1818 1875 1882 Doch einmal, vor nun gerade vierzig
1904 1864 2755 1917 Probe, bald nach dem Debit stand der „Pfarrer
999 1849 1871 1919 Jahren, im Jänner 1894, rieben sie mit Recht
1904 1908 2766 1964 von Kirchfeld dem „Anner!“ gegenüber, einer
993 1919 1877 1966 vergnügt die Hände, denn erstens hatte ein
1904 1948 2766 2003 jungen, reizvollen Schauspielerin, Josefine
995 1955 1877 2023 angehender Künstler für 50 Gulden
1902 1995 2762 2045 Glöckner. Und bald hieß auch sie Kramer,
999 1997 1871 2045 Karten erstanden, damit er heute
1897 2032 2764 2101 bald war aus dem Paar der Bühne ein Paar
993 2034 1862 2101 Abend die Rolle Schillers in den „Karls
1908 2079 2313 2145 fürs Leben geworden.
1004 2081 1871 2132 schülern spielen durfte, und zweiten saßen
995 2125 1866 2194 im Parkett zwei vornehme Herren
1915 2116 2766 2205 Paula, Paul und Attila — die Unbekannten.
1990 2187 2766 2242 Neun Jahre verbrachte Kramer nach dem
1902 2207 2764 2291 Abschied aus Wien in Prag als Direktor des
1011 2211 1849 2293 Bei den ersten Erkältungsanzeichen
1207 2282 1658 2342 nehmen Sie sofort 1—2
1906 2278 2766 2333 Deutschen Landestheaters, und als er von hier
1911 2320 2762 2375 schied, um in seine Vaterstadt zurückzukehren,
1033 2313 1826 2421 Transpiral-Tabletter
1904 2366 2764 2417 da gab es unbeschreiblich herzliche Beweise der
1300 2388 1579 2446 in heißem Tee.
1902 2406 2762 2457 Liebe und Anhänglichkeit seiner Schauspieler
1013 2415 1844 2485 Auch gegen Gliederschmerzen, in allen Apotheken.
1902 2448 2768 2501 wie seines Publikums. Unter der Leitung des
1895 2494 2766 2547 neuen Direktors wurde manch ein Talent
1893 2534 2764 2589 aus einem Unbekannten ein berühmter
999 2534 1860 2600 Lewinsky und Kracher aus dem Burg¬
1902 2578 2757 2631 Künstler. Als Oskar Sima die Prager Bühne
991 2585 1866 2638 theater. Sie hatte der Vater des Debitanten,
1895 2618 2766 2676 Kramers verließ, da holte sich der Direktor
991 2634 1862 2682 der Kaufmann Kramer, hergerufen, damit
1893 2667 2764 2715 einen Anfänger, einen Namenlosen, den er an
995 2676 1818 2724 sie ein Urteil — womöglich ein schlechtes
1895 2707 2704 2780 die Stelle Simas brachte: Paul Hörbiger.
999 2713 1862 2786 über seinen Leopold abgeben, der unbeding
1981 2751 2764 2810 Auch Bruder Attila ist hier bei Kramer
988 2757 1382 2835 zum Theater wollte.
1893 2799 2764 2857 groß geworden, und unter den Vielen, deren
1192 2802 1676 2886 Gedichte im Kassenbuch.
1897 2846 2762 2899 Ruhm am Deutschen Landestheater begann,
1084 2846 1866 2921 Mit dem Jungen war es nicht leicht.
1895 2886 2762 2939 sind die Linzerin Maria Müller, die ihren
986 2892 1860 2967 Er sollte Kaufmann werden wie der Vater
1899 2930 2764 2998 Weg von Pragandie Metropolitan
995 2954 1860 3003 nachdem er seine Einjährig=Freiwilligen¬
1902 2970 2762 3027 Opera in New-York nahm, Maria
999 3003 2768 3069 Pflicht bei den Tiroler Kaiserjägern erfüllt Gerhart, die jüngste Kammersängerin der
993 3038 1866 3091 hatte. Aber wenn er im Parterrelokal seines
1895 3054 2762 3109 Wiener Staatsoper, Karl Norbert und
991 3087 1857 3136 Chefs beim Fenster saß und hinausschaute in
1897 3100 2762 3149 eine, die am Volkstheater in kleinen Rollen
991 3131 1851 3182 den Großstadtverkehr, da fiel ihm immer
1895 3144 2766 3195 wenig aufgefallen war, die Dr. Beer erst
986 3178 2764 3233 wieder das Theater ein, da standen dann mit als den Star Paula Wessely wieder zurück¬
991 3213 1862 3275 einem Male statt Ziffern Gedichte,
1895 3226 2755 3284 holte. Zahllos sind die bedeutsamen Leistungen
991 3257 1862 3308 eigene und fremde, nebst Rollenpartien im
1893 3270 2757 3321 des Debitanten aus Rudolfsheim. Er führte
995 3306 1857 3354 Kassenbuch. Abends sagte er, er wolle turnen
1893 3312 2757 3368 Regie und spielte bei der Uraufführung des
993 3343 1866 3394 gehen, und in Wirklichkeit traf man ihn im
1895 3357 2749 3412 Erfolgstückes „Leinen aus Irland“ in Berlin,
993 3385 1853 3456 Burgtheater. Deshalb beschloß Vater Kramer
1948 3396 2755 3452 ist heute als Fünfundsechzigjähriger, wo
991 3430 1860 3485 seinen Leopold strafweise aus Wien weg¬
1891 3438 2693 3520 immer er hinkommt, der „große Kramer“.
1002 3472 1857 3529 zuschicken. In Hamburg sollte er in einem
2125 3498 2477 3578 Buch des Lebens.
993 3509 1860 3567 großen Exporthaus die Kunst vergessen. Auch
991 3556 1857 3609 dort hat Leopold jedoch gesungen, gedichtet,
1964 3542 2746 3646 Gleichwohl denkt er gern zurück an die
984 3613 2751 3666 rezitiert. Man liebte ihn allgemein, er war verflossenen Jahrzehnte und in dem stillen,
991 3642 1853 3697 in der Familie des Chefs wohlgelitten, aber
1888 3660 2753 3710 schönen Heim des Künstlers in Hietzing liegt
993 3697 2749 3752 gleichwohl schlug ihm der Firmeninhaber ein Buch auf dem Tisch, ein Buch des
991 3728 1853 3781 eines Tages vor, sein Betätigungsgebiet
1880 3741 2753 3797 Lebens gewissermaßen, denn darin haben
991 3775 1846 3819 irgendwo anders hin zu verlegen. Nun hatt
1880 3781 2746 3837 alle Autoren der Stücke, in denen er
991 3810 1851 3859 Leopold genug. Er fuhr nach Wien zuruck
1880 3828 2746 3879 auftrat, dem Darsteller ihrer Rollen Dank
984 3854 1846 3905 und erklärte seinem Vater entschieden: „Ich
1880 3870 2751 3925 gesagt. Blumenthal und Kabelburg stehen
986 3894 1851 3949 gehe zum Theater.“ Diesem unbedingten
1880 3918 2753 3965 neben Schönthan, Otto Erich Hartleben und
991 3943 1853 3996 Willen gegenüber war wenig einzuwenden,
1886 3958 2156 4013 Max Halbe,
2227 3956 2749 4036 Schnitzler neben Hans
986 3985 1853 4033 und so saß man denn jetzt im Parkett der
1880 3991 2753 4055 Müller und Max Mell, Sil=Vara, Molar,
986 4022 1851 4075 Schwender=Bühne, um zumindest festzustellen,
1880 4044 2753 4095 Kamare, Ludwig Thoma, Ritter sind ebenso
977 4071 1738 4142 ob der Junge das nötige Talent hätte.
1873 4084 2755 4139 vertreten wie Mascagni und sogar Rabindra¬
1110 4122 1716 4186 Der „Pfarrer wird „Teufel“.
1880 4128 2753 4188 ath Tagore. „Ich war so unvorsichtig, einen
1873 4177 2749 4223 neuen Mitterwurzer zu versprechen.
