3392 4352
347 297 1009 398 Miscellaneous
174 290 436 401 13.
354 675 1131 791 „OBSERVER
435 773 1086 839 I. österr. behördl. konzessioniertes
408 822 1119 881 Unternehmen für Zeitungs-Ausschnitte
473 875 1050 939 WIEN, I., WOLLEILE 11
549 937 992 995 TELEPHON R-23-0-43
348 1066 699 1136 Ausschnitt aus:
659 1220 1154 1350 Keine Vorzeitig
350 1291 471 1370 vom
604 1412 863 1514 24. NOV.
318 1866 1119 1957 Schuß in das Fenster der
422 1947 1007 2045 Witwe Schnitzlers.
363 2021 1146 2085 An einem Septembermontag bemerkte
279 2080 1146 2134 Frau Olga Schnitzler, die Witwe des
279 2124 1152 2181 Schriftstellers Artur Schnitzler, daß ihr
285 2165 1146 2213 Wohnungsfenster, das auf die Sternwarte¬
285 2210 1149 2261 straße mündet, durchschossen war. Am Boden
279 2254 1143 2306 des Zimmers fand man Glasscherben und
279 2302 1143 2347 ein Stück eines Bleiprojektils. Der un¬
279 2339 1146 2392 heimliche Fund veranlaßte Frau Schnitzler,
283 2384 1149 2440 die Polizei zu alarmieren. Der Verdacht
277 2429 1149 2476 lenkte sich auf den in der gleichen Straße
273 2474 1149 2529 wohnhaften Studenten Hans Schmutzer,
283 2515 1152 2565 den Sohn des bekannten Radierers Professor
285 2561 1146 2618 Ferdinand Schmutzer. Der Student hatte
273 2607 1146 2662 nämlich im Garten seines Vaters auf Vögel
279 2648 1143 2705 geschossen. Die Anklagebehörde nahm nun an,
279 2693 1149 2749 daß Schmutzer hiebei unvorsichtigerweise in
273 2733 1140 2789 das Nachbarhaus geschossen habe, und so
279 2777 1146 2823 mußte sich dieser vor dem Döblinger Straf¬
273 2820 1149 2884 richter Dr. Wagner=Löffler wegen
283 2867 1143 2946 Gefährdung der körperlichen Sicherheit ver¬
283 2914 493 2987 antworten.
363 2968 1151 3033 Schmutzer gab zu, daß er einen Tag vor
277 3021 1149 3077 der Entdeckung der Einschußoffnung im Hofe
273 3067 1149 3119 aus Amseln und Eichhörnchen geschossen habe,
273 3105 1149 3162 weil diese das Obst beschädigten. Es sei jedoch
273 3152 1149 3209 ganz ausgeschlossen, daß der gefährliche Schuß
279 3198 1152 3246 von ihm stamme, da dies von Frau Schnitzler
277 3241 1152 3290 noch am gleichen Tag hätte entdeckt werden
277 3287 1149 3334 müssen. Frau Schnitzler bekundete als
279 3331 1149 3384 Zeugin, daß sie erst der Meinung gewesen sei,
283 3374 1149 3423 ein Stückchen ihres Glaslusters sei abgebrochen.
289 3420 1149 3469 Erst als sie aufs Fenster blickte, sah sie, was
279 3460 1152 3517 geschehen war. Sie telephonierte zunächst an
285 3504 1152 3551 die ihr befreundete Familie Schmutzer, ob der
279 3549 1152 3606 Schuß nicht von drüben gekommen sei. Dies
282 3599 1152 3653 wurde verneint, worauf Frau Schnitzler die
289 3636 1152 3691 Polizei verständigte. Tatsächlich waren die
289 3681 1149 3733 zwei Fensterscheiben so durchschossen, sagte die
289 3726 1152 3776 Zeugin, daß ich annehmen muß, daß die Kugel
279 3767 1152 3816 von unten, also von der Straße und
279 3814 1146 3876 nicht aus dem Hof gekommen ist. Das wichtigste
283 3859 1155 3903 aber ist folgendes: Ich habe meinem Freund
289 3900 1152 3954 Dr. Beer=Hofmann die Sache erzählt,
289 3946 1152 3996 und seine Gattin meinte dazu: „Das ist bei
289 3982 1152 4045 uns auch schon passiert, aber wir haben
267 4015 1155 4076 keine Anzeige erstattet, weil es sich möglicher¬
279 4071 1155 4138 weise nur um einen Mutwillensstreich handelt.
1210 293 1629 398 box 44/6
1694 1465 2668 1578 Aus Wiener Post, v. 28.11.33
1739 1693 2590 1789 Der junge Schmutzer schießt
1975 1771 2379 1875 Eichhörnchen
1789 1858 2600 1920 An einem Septembermontag bemerkte
1758 1908 2595 1975 Frau Olga Schnitzler, die Witwe des
1756 1947 2590 2014 Dichters, daß ihr Wohnungsfenster,
1764 1995 2590 2056 das auf 1 Sternwartestraße mündet,
1760 2051 2591 2107 durchschossen war. Am Boden des Zim¬
1766 2084 2596 2148 mers sand man kleine Glasscherben und
1764 2133 2597 2191 bald wurde auch ein Stück eines Blei¬
1766 2177 2591 2239 projektils entdeckt. Die unheimliche Fest¬
1775 2219 2602 2283 stellung veranlaßte Frau Schnitzler, sofort
1766 2262 2600 2322 die Polizei zu alarmieren. Der Verdacht
1764 2309 2596 2369 lenkte sich auf den in der gleichen Straße
1760 2352 2599 2415 wohnhaften Studenten Hans Schmutzer,
1766 2404 2599 2461 den Sohn des bekannten Radierers Profes¬
1770 2452 2603 2511 sor Ferdinand Schmutzer. Der Student hatte
1764 2483 2611 2549 nämlich im Garten seines Vaters auf Vögel
1766 2528 2611 2601 geschossen. Die Anklagebehörde nahm nun
1770 2571 2610 2637 an, daß Schmutzer hiebei unvorsichtigerweise
1775 2625 2600 2679 in das Nachbarhaus geschossen habe und so
1772 2669 2605 2722 mußte sich dieser vor dem Döblinger Straf¬
1775 2707 2608 2770 richter Dr. Wagner=Löffler wegen Ge¬
1777 2756 2605 2821 fährdung der körperlichen Sicherheit verant¬
1772 2811 1913 2866 worten.
1811 2841 2612 2908 Der Angeklagte gab zu, daß er einen Tag
1777 2888 2540 2951 vor der Entdeckung der Einschußoffnung
1852 2915 2618 3013 im Hofe aus Amseln und Eichhörnchen
1816 2986 2000 3049 geschossen
1777 3009 2517 3088 habe, weil diese das Obst beschädigten.
1785 3064 2545 3130 sei jedoch ganz ausgeschlossen, daß der
1785 3110 2617 3175 fährliche Schuß von ihm stamme, da dies von
1789 3164 2622 3227 Frau Schnitzler noch am gleichen Tage hätte
1777 3206 2227 3272 entdeckt werden müssen.
1822 3230 2616 3317 Frau Schnitzler sagte als Zeugin aus, daß
1781 3298 2624 3355 sie erst der Meinung gewesen sei, ein
1787 3328 2636 3413 Stückchen ihres Glaslusters sei
1777 3390 2095 3449 abgebrochen.
1824 3418 2627 3483 Der Richter beschloß, die Verhandlung zur
1789 3470 2627 3528 Einvernahme des Kriminalbeamten zu ver¬
1789 3517 2629 3581 tagen und festzustellen, ob der Schuß von der
1791 3566 2408 3649 Straße abgegeben werden konnte.
