3436 4352
163 299 306 395 13.
349 296 1020 405 Miscellaneous
1209 309 1631 409 box 44/6
362 874 1150 964 „OBSERVER
445 944 1106 1007 I. österr. behördl. konzessioniertes
419 993 1146 1076 Unternehmen für Zeitungs-Ausschnitte
482 1057 1076 1133 WIEN, I., WOLLEILE 11
552 1116 1007 1173 TELEPHON R-23-0-43
356 1229 708 1326 Ausschnitt aus
721 1249 1173 1369 IN
744 1369 1010 1479 18. J.
362 1452 492 1548 vom
711 1498 1017 1595 en
2960 1598 3316 1661 seiner Empfindun¬
2063 1598 2930 1665 wenn die anderen noch in Ungewißheit
2063 1638 3299 1701 zweifelten. Die absolute Treffsicherheit seines verständlich, daß
2957 1688 3322 1744 langweilig sein kan
2057 1691 2927 1741 Urteils, das tausendmal recht behalten hat
372 1618 1067 1781 Theater und Kunst.
2960 1731 3322 1791 äußere Spannung
2063 1731 2934 1794 ist die ungewöhnliche Gabe seines kritischen
2964 1774 3309 1844 die auch skeptische
2063 1784 2930 1841 Empfindens. Dabei ist er ein vorbildlichen
2967 1821 3216 1884 führen sollte.
2060 1824 2930 1877 Kritiker: ihn haben niemals Neid und Miß
399 1827 1023 1914 Der Dichter Hermann Bahr.
3023 1834 3326 1914 Vor einem Jal
2063 1857 2934 1934 laune geleitet, sondern stets aufbauende
269 1887 1153 1970 Zum 70. Geburtstag des Dichters.
2967 1897 3319 1964 fendes literarisches
2063 1920 2193 1984 Liebe.
2960 1944 3326 2000 In diesem Buch is
508 1944 924 2027 Von Alfred Dreßler.
2123 1927 2927 2007 Literarisch anspruchsvoll und proble
2063 1980 3322 2053 matisch hat Bahr mit heißumstrittenen Schilderung seiner
336 1980 1146 2067 Hermann Bahr hat es selbst in seinen
2063 2037 3322 2096 Bühnenwerken begonnen und ist nicht ver¬ wicklung ein Bi¬
266 2033 1143 2126 Schriften verschiedentlich ausgesprochen, daß
2967 2080 3329 2153 Leben vor und
2070 2087 2940 2146 flacht, sondern zu brauchbaren bedeutungs¬
269 2096 1146 2173 es für die literarischen Betrachter seiner
2063 2123 3176 2186 vollen Lustspielen herangereift. Diese sind entworfen
272 2143 1150 2199 Werke nicht leicht sei, ein Gesamtbild seines
3030 2146 3319 2226 Seit etwa ze
2063 2173 2940 2223 wesentlicher und gehaltreicher, als sie er¬
269 2186 1150 2243 Schaffens zu erfassen, ein nach jeder Richtung
2970 2206 3316 2269 Bahr merkwürdig
2073 2223 2944 2273 scheinen. Ueber die übliche Marktware ragen
276 2233 1153 2296 hin wohlgeordnetes System seiner Arbeiten
2073 2266 3326 2319 sie durch den inneren Gehalt weit hinaus beiten dieser Zeit
269 2276 1150 2329 aufzustellen und ihn in eine enge Kategorie
2067 2299 3326 2359 Wenn beispielsweise im „Prinzip der Doktor Widerhall. Wenig¬
269 2319 1150 2376 der Literaturgeschichte des 19. und 20. Jahr¬
2970 2346 3326 2405 inwendige Garten
2077 2356 2944 2425 Friedrich Esch, der bekennende Optimist, in
272 2362 1156 2439 hunderts einzureihen. Dieser Dramatiker,
2967 2382 3319 2449 unter dem Titel „
2070 2392 2940 2449 tiefem Widerspruch zu dem cholerischen Rea¬
272 2409 1150 2465 Romandichter, Essayist und Kritiker, der
2974 2432 3329 2505 gefaßten inhalts¬
2073 2442 2937 2492 listen Krüger der psychischen Entwicklung
272 2449 1150 2522 gleichermaßen dichterisch, literarisch und all¬
2970 2475 3309 2532 Jahren 1924 bis
2073 2482 2940 2545 seiner Kinder die freieste Bahn läßt, so wird
276 2499 1156 2558 gemein wissenschaftlich orientiert ist, hat
1445 2482 1781 2585 Hermann Bahr.
2067 2518 3309 2582 eben damit in scheinbar spielerischer Form, neueres Lustspiel
286 2535 1156 2595 seinen Zeitgenossen ein so reiches und viel¬
2073 2565 3319 2621 aber doch die ganze Tiefe des Problems wandten Komödie
1239 2545 2043 2638 In den mannigfaltigsten kritischen Stu¬
282 2575 1153 2641 seitiges Lebenswerk geschenkt, daß die Ernte
2970 2611 3316 2671 würdigsten Seite.
272 2608 2947 2685 seines Schaffens unter einem Dache zu dien hat Bahr im Laufe der Jahre die wesent- durchleuchtend, die Frage behandelt, ob eine
3030 2655 3326 2708 Ueber manch
1183 2651 2947 2728 lichsten Erscheinungen der künstlerischen Welt vollwertige Erziehung unter Berücksichtigung
272 2675 1153 2724 bergen nicht möglich ist. Es ist verlockend
2970 2691 3316 2761 erscheinung sollte
2077 2701 2944 2754 weitester Willensfreiheit der Zöglinge mög¬
1179 2711 2047 2774 an sich vorüberziehen lassen und ihnen ihr
282 2711 1153 2771 dem Dichter und Dramatiker in Hermann
1179 2731 3319 2811 charakteristischestes Merkmal scharfängig ab¬ lich sei. Und wenn im „Konzert", dem erfolg= bare, vielseitige K
276 2758 1153 2814 Bahr die tiefste Bedeutung beizumessen, aber
2974 2788 3322 2854 schaftler Hermann
2077 2788 2954 2841 reichsten Lustspiel des Dichters, rein äußer¬
1179 2791 2047 2874 gesehen. Ibsen, Schnitzler, Hofmannsthal
279 2794 1160 2854 es ist unbefriedigend, über dem poetischen
2083 2831 3133 2887 lich wohl nichts als eine oberflächliche Lust werden.
282 2837 2050 2907 Künstler beispielsweise den geistvollen und Maeterlinck, Verlaine, Hugo Wolf, die Duse
2080 2867 2960 2937 spielhandlung durchgeführt wird, so ist den¬
289 2881 2047 2957 feinfühlenden Anwalt literarischer Neuwerte Girardi und Kainz: eine unübersehbar¬
2073 2920 2950 2984 noch gleichzeitig eine treffende Charakteristik
289 2927 2047 2990 zu vergessen. Hermann Bahr ist, daran ist Reihe hochragender Gestalten passiert Revue
2070 2960 2950 3017 urwienerischen und österreichischen Wesens
1186 2980 2043 3030 und Bahr erfühlt den besonderen Herzschla¬
286 2974 1163 3067 kein Zweifel, einer der vielseitigsten, reichsten
1193 3004 2940 3080 jedes einzelnen mit einer Einfühlungskraft der Vorkriegszeit gegeben, wie sie eine lang
282 3020 684 3100 Geister unserer Zeit
2077 3047 2947 3107 atmige psychologische Untersuchung nicht deut¬
1183 3063 2043 3117 ohne gleichen. Allen Namen und Dingen, von
349 3043 1160 3130 In diesem Dichter sammeln sich wie im
2083 3097 2954 3160 licher zu erhellen vermöchte. Bahrs Formen
1189 3103 2057 3163 denen in seinen Schriften zu lesen steht, ist der
289 3120 1166 3180 Urkeim unserer ganzen Zeit alle ihre
2090 3136 2954 3196 sind elegant, beschwingt und gefällig. Er ist
1189 3143 2053 3213 Rang gehörig, den Bahr ihnen zuteilt. Aber
286 3163 1163 3220 Empfindsamkeiten, Hemmungen, Wagnisse,
2087 3193 2954 3256 der Apostel und Prophet (auch in seiner
1189 3196 2050 3256 als sie diesen später erreichten Rang noch
286 3210 1163 3266 Bosheiten, tiefe Besinnungen, Zweifel und
2080 3223 2950 3293 äußeren Erscheinung) des Salons. Sein
1186 3233 2050 3299 nicht innehatten, wußte er bereits, fast wie
282 3246 1160 3316 gläubige Hoffnungen. Wenn in hundert Jah¬
2080 3259 2954 3352 ethischer und individueller Gehalt ist von
1189 3279 2053 3342 ein Prophet, um ihre Größe mit unfehlbaren
292 3293 1163 3356 ren ein Fragender sich die Rätsel dieser
2083 3309 2681 3386 philosophischer Eindringlichkeit.
1193 3329 2053 3382 Gewißheit. Das ist das Auszeichnende, da¬
289 3339 1160 3399 Epoche deuten will, braucht er nur in das
2146 3332 2957 3412 Dem Romandichter kommen die Uni¬
1189 3366 2063 3429 Bahr über andere Kritiker und Essayisten
289 3389 1170 3452 geistige Antlitz Hermann Bahrs zu schauen,
1193 3406 2954 3479 hinaushebt: er hat die Qualität eines schöpfe versalität seines Wissens, der große, weite
289 3432 1166 3512 er kann aus ihm die Züge dieser Zeit er¬
1176 3445 2967 3552 rischen Geistes immer schon dann erkannt, Bezirk seiner Erfahrung, die starke Kraft
289 3479 452 3555 kennen.
