3344 4352
159 291 1012 411 13. Miscellaneous
1194 299 1621 411 box 447
520 1152 795 1276 che¬
1190 1206 1311 1307 V
671 1326 1388 1470 16. AN. 23.
729 1423 1233 1578 Wien
1404 1501 3296 1632 einer geutigen Korona gelehrte und künstlerische Symbolisten los. Und die Re¬
1415 1598 3304 1683 Gaminerien aus, die den Bürger schreckten. Er kam unterhielten sich großartig. „Ich
469 1532 1113 1722 Feuilleton
1404 1652 3300 1737 nach Wien, das ihn von sich gestoßen hatte, zurück als Bord," bezeichnete Wilhelm
1404 1691 3304 1803 Vertreter des neuen Europa, der Augur einer neuen und Bahrs, die Sachlage,
504 1702 1105 1830 Hermann Bahr.
1404 1749 2788 1811 Zeit, der Entdecker des neuen Geistes. Und Wien, bin ich
1408 1795 2598 1853 gerade an einer geistigen Wende, schien nur auf ihn
2714 1776 3300 1884 Kurz, Hermann Jahr mo
283 1772 1384 1884 Es war einmal ein Student, Hermann Bahr
1404 1846 2594 1908 gewartet zu haben. Die Jugend strömte ihm zu, er wird
2617 1838 3296 1939 mit, aber vorher, solange si
182 1853 1384 1935 zwanzigjährig und ein flottes Haus, der stammte aus
1408 1884 3296 1974 die Sage, die Liebe, wird Schwarm und Orakel der nachher interessierte sie ihn nich
194 1915 1384 1978 Schlesien, kam aus Linz und studierte in Wien und war
1415 1935 2594 2005 jungen Leute, und es gibt kein beglückenderes Gefühl
2613 1958 3296 2028 voraus und verließ sie, wenn
178 1962 1377 2028 ein gewaltiger Redner vor dem Herrn. So zwar, daß
1400 1989 3261 2105 als das Aug der Jugend auf sich gerichtet zu sehen, ihr waren andre vorauszufühlen.
178 2009 1384 2078 er sich beim berühmten Richard Wagner=Kommers im
1408 2028 1935 2113 Ohr, ihr Herz zu haben.
2606 2047 3296 2129 damals zwei Urwiener Typen
174 2051 1373 2129 Jahre 1883 um Kopf und Kragen redete, denn
2613 2102 3273 2156 Sopherl vom Naschmarkt
1489 2086 2594 2168 Was war das Neue, das Bahrische, das Hin¬
178 2113 1377 2175 alldeutsch=bismarckisch eingestellt, sprach er die Worte
1396 2144 2582 2214 reißende? Daß er nicht warten konnte. Daß er nicht
2613 2144 3296 2214 Adabei. Ein idealer Herr von
174 2152 1377 2230 vom „doppelzüngigen österreichischen Adler“, die ihn
1400 2195 2590 2268 im kritischen Lehnstuhl thronend, die Dinge empfing,
2610 2199 3308 2264 Gegenteil, war Hermann Bal
174 2199 1373 2272 berüchtigt machten und ihm die Belegierung eintrugen
2610 2245 3269 2326 teuernd und wetterwendisch
1400 2241 2579 2315 betastete und abschätzte und mit erhobenem Zeigefinge
178 2249 1377 2323 Er geht dann nach Berlin und entdeckt in den drei
2610 2292 3304 2377 wandlungslüstern, suchte er im
1392 2292 2582 2365 Sprüche von sich gab. Daß er nicht der „Chinese bein
174 2295 1377 2385 Jahren 1884 bis 1887 Berlin und sich selbst, lernt die
1404 2338 2582 2404 Calafati" war, der alles um sich drehen läßt, sondern
2610 2346 3304 2412 reicheren, immer besseren Blick
178 2350 1365 2420 in ihm schlummernden wirren Kräfte kennen, arbeite
1388 2381 2579 2458 daß er selbst drehte. Von den Forderungen Ferdinand
2610 2392 3296 2470 Ach, und die Welt stand bis zun
171 2392 1369 2470 in Adolf Wagners Seminar, aber zugleich am Aufbau
1396 2447 2579 2501 Brunetières, daß die Kritik aufzuklären, vorzubereiter
2606 2439 3304 2501 neuen halb und unentschleier
171 2443 1373 2516 des neuen Deutschland und an einer neuen Form der
1400 2489 2579 2555 und dem Geschmack des Publikums voranzugehen, je
2610 2493 3304 2555 wie der Verarmte hinterher sieht
167 2489 1369 2559 Menschheit. Die Verbannung erzieht ihn, er schwärmt
1396 2528 2575 2598 ihm zuvorzukommen hat (devancer, erfüllte er mi
2610 2536 3296 2606 standen Ibsen, Strindberg, Nie
174 2548 1365 2613 von Berlin, wird Antisemit, dann Sozialist und
1392 2579 2571 2648 Leidenschaft die dritte; er kam ihm zuvor. Er war imme
2598 2582 3296 2652 Bourget, Baudelaire, Verlain
171 2586 1365 2656 Marxist und schreibt gegen Schäffles „Aussichtslosigkeit
1384 2621 2575 2699 schon um zehn Kilometer weiter und blickte verwunder
2602 2633 3276 2706 Barrès — jener Barrès, nach
167 2641 1365 2738 der Sozialdemokratie" seine jokose Broschüre über die
1388 2679 2567 2741 zurück. Kamen die Leser wohl nach? Er hielt es mi
2598 2683 3304 2741 aufrichtete —, da waren die Br
159 2683 1012 2780 „Einsichtslosigkeit des Herrn Schäffle"
1384 2714 2575 2788 Goethe, der von sich sagte: „Wenn die Leute glauben, ich
2598 2730 3296 2815 mans, Wilde, da waren Schnitzl
264 2714 1361 2807 Aber diese Stufen sind nur Vorstufen. Er hat in
1380 2765 2559 2838 wäre noch in Weimar, so bin ich schon in Erfurt...
2594 2769 2997 2846 Burckhardt, Kolo
159 2769 1361 2854 Berlin eine neue Heimat gefunden, doch auch einen
1388 2815 3284 2881 Sowohl als Theaterkritiker der neugegründeten Halbe — kurz, es war des
159 2834 1361 2900 neuen Bahr, und der, der Künstler Bahr, sucht wieder
1388 2858 2571 2935 Wochenschrift „Die Zeit" wie als Kunst= und Kultur¬
2602 2865 3269 2966 Entschleierns kein Ende. Und
159 2889 1361 2955 eine andre Heimat. Und er findet sie in — Paris. Nun
1388 2904 2571 2978 kritiker des „Neuen Wiener Tagblattes“ stand Bahr
2594 2924 3276 3001 gerissen von der Fülle,
167 2935 1349 2993 folgt die große Liebeserklärung an Paris. „Milliarden
1380 2959 2563 3028 immer schon in Erfurt. Wenn sich hier im Sonntags
2590 2966 3288 3024 Schlangenmensch, fand sich zu
159 2990 1361 3052 in müßte ich das Wort Paris hinschreiben, um mein
1388 3005 2567 3071 feuilleton der witzige Eduard Pötzl über das „goldne
2590 3021 3284 3090 und Impressionist, Naturalist
171 3032 1349 3098 Gefühl auszudrücken. Da bin ich zum Menschen er
1380 3059 3296 3149 Krauthappel“ der Wiener Sezession lustiggemacht Bejaher und Ueberwinder, er ho¬
159 3075 2567 3172 wacht ... wenn ich vielleicht was kann, und was ich hatte, so erklärte Hermann Bahr genau an der gleichen
2586 3114 3292 3195 blickte dann zurück. Das Zeich
159 3133 1291 3195 noch jemals werde, das alles verdanke ich Paris.
1380 3133 2567 3218 Stelle am nächsten Sonntag, daß man in Wien „jeden
2590 3164 3288 3245 wurde, war der Sagittarius, der
163 3149 1349 3242 über nach Paris entdeckt der Künstler Bahr seine wahr¬
1377 3195 3296 3280 Kretin von Clown Kränze flicht, wenn er ein Couple alten Zeiten gern als Zenta
159 3230 3207 3342 und Herzensheimat. Sein Forum, seine Tribüne, den zum fünfzigstenmal singt", daß man aber Otto Wagner vorwärtsschnaubend, doch
163 3276 1353 3366 Firpunkt seiner keltisch flackernden österreichischen
1373 3300 2807 3393 ungefeiert läßt, der mit der Kuppel der Kirche Am Haupt.
163 3315 469 3401 Seele: Wien.
1373 3342 2559 3408 Steinhof Wien erst vollendet habe. „Otto Wagner ist
2672 3339 3308 3424 Und der, zu dem er vorwi
256 3346 2559 3482 Da tauchte also vor vierzig Jahren etwa sein das Gegenteil der Wiener Ringstraße!" Nahm Pötz¬
2586 3385 3300 3470 fand, hieß: Goethe. Es ist viel
159 3401 1345 3486 Geniekopf mit der Stirnlocke auf, da saß er, an der
1373 3435 3292 3521 Kurs auf die Insel der backhendelessenden Phäaken, so Verdienst, den zukünftigsten Kün
151 3466 3273 3598 Virginia ziehend, im Kaffeehaus und plauderte vor segelte Bahr flugs auf die Küste der Mystiker und allerweitest vorangedrungenen
