3248 4384
373 267 953 327 Schnitzler's
1014 276 1242 336 Death

1460 267 1595 327 box
1669 276 1909 336 43/12

510 631 740 691 Ausschnitt
766 638 853 698 aus:

488 773 808 833 Ausschnitt
851 778 921 838 aus

561 878 887 938 ertai-
925 891 1154 951 herrr
1230 886 1313 946 Ma

773 1011 985 1071 Beriere

505 1070 845 1130 Nr.von
1300 1078 1343 1138 19

363 1500 479 1560 In
566 1506 1139 1566 memoriam
1259 1516 1630 1576 Arthur
1700 1521 2221 1581 Schnitzler

1044 1613 1132 1673 Von
1173 1617 1356 1677 Robert
1391 1622 1628 1682 Neumann

427 1708 492 1768 Wir
523 1712 659 1772 begraben
690 1715 735 1775 den
771 1716 892 1776 größten
923 1718 1054 1778 jüdischen
1085 1721 1201 1781 Dichter

1251 1722 1297 1782 den
1336 1727 1359 1787 zu
1392 1727 1618 1787 verschwägern.
1656 1728 1703 1788 So
1727 1730 1802 1790 nur,
1826 1730 1882 1790 nur
1911 1733 1962 1793 aus
1991 1733 2080 1793 dieser

372 1754 463 1814 dieser
494 1757 576 1817 Zeit.
618 1755 689 1815 Wer
730 1760 775 1820 ihm

835 1754 838 1814 —
896 1762 981 1822 wann
1027 1763 1088 1823 war
1129 1763 1202 1823 das?

1258 1769 1555 1829 „rassisch-religiösen
1625 1774 1896 1834 Unbefangenheit"
1962 1778 2089 1838 heraus,

378 1796 492 1856 Gestern
531 1801 617 1861 noch?
651 1800 665 1860 —
723 1805 996 1865 gegenübergesessen
1035 1807 1111 1867 hat,
1131 1808 1202 1868 wird

1258 1814 1360 1874 konnte
1393 1815 1510 1875 Arthur
1543 1817 1711 1877 Schnitzler,
1744 1817 1805 1877 nach
1843 1820 2076 1880 Ueberwindung

373 1841 401 1901 es
431 1844 603 1904 erschüttert
633 1846 680 1906 sich
714 1847 873 1907 versagen,
897 1850 945 1910 der
979 1853 1205 1913 Menschlichkeit

1258 1860 1339 1920 jener
1363 1862 1756 1922 Pfahlbürgerwiderstände
1775 1865 2000 1925 kunstkritischer
2025 1866 2082 1926 Na¬

366 1886 454 1946 dieses
488 1889 615 1949 Mannes
644 1891 728 1951 heute
757 1892 813 1952 mit
838 1895 960 1955 Worten
993 1898 1016 1958 zu
1050 1898 1210 1958 gedenken,

1254 1902 1318 1962 tur,
1340 1903 1387 1963 das
1418 1904 1551 1964 werden,
1569 1907 1624 1967 was
1655 1907 1684 1967 er
1706 1907 1857 1967 geworden
1892 1910 1939 1970 ist:
1961 1910 2008 1970 der
2034 1910 2081 1970 re¬

372 1928 417 1988 die
440 1931 512 1991 jedem
549 1933 744 1993 Grabredner
772 1936 826 1996 und
854 1939 1135 1999 Nekrologerzeuger
1158 1941 1203 2001 bei

1255 1947 1456 2007 präsentative
1490 1948 1605 2008 Dichter
1634 1950 1681 2010 des
1716 1951 1854 2011 deutschen
1893 1954 2085 2014 Oesterreich,

373 1975 449 2035 jedem
500 1976 594 2036 Anlaß
631 1981 826 2041 verwandter
859 1981 921 2041 Art
954 1984 1026 2044 ohne
1063 1987 1199 2047 wägende

1255 1992 1301 2052 der
1334 1992 1447 2052 Dichter
1480 1990 1526 2050 des
1559 1994 1906 2054 deutschösterreichischen
1945 1999 2080 2059 Bürger¬

366 2020 563 2080 Ueberlegung
592 2023 667 2083 glatt
691 2024 742 2084 von
771 2024 822 2084 den
851 2029 954 2089 Lippen
983 2029 1090 2089 gehen.
1124 2031 1194 2091 Auch

1252 2035 1347 2095 tums.
1384 2036 1483 2096 Sagen
1511 2037 1565 2097 wir
1588 2038 1615 2098 es
1643 2038 1733 2098 offen:
1752 2041 1778 2101 es
1802 2041 1838 2101 ist
1861 2041 1910 2101 vor
1938 2041 1978 2101 ihm
2015 2044 2069 2104 und

366 2064 398 2124 ist
422 2063 455 2123 an
483 2066 577 2126 dieser
606 2065 699 2125 Stelle
728 2070 817 2130 nichts
846 2074 1015 2134 auszusagen
1049 2074 1119 2134 über
1148 2077 1194 2137 das

1255 2077 1340 2137 neben
1368 2079 1408 2139 ihm
1450 2080 1535 2140 keinem
1577 2083 1667 2143 Juden
1695 2083 1849 2143 gelungen,
1868 2086 1890 2146 so
1918 2086 2080 2146 eindeutig,

366 2107 468 2167 Werk;
493 2108 546 2168 das
576 2110 615 2170 ist
640 2113 732 2173 Sache
762 2114 815 2174 der
845 2118 1147 2178 Literaturgeschichte

1253 2125 1276 2185 so
1306 2123 1425 2183 restlos,
1445 2124 1473 2184 so
1503 2125 1574 2185 ohne
1603 2126 1660 2186 jede
1685 2128 1814 2188 rassische
1838 2129 1910 2189 oder
1939 2132 2073 2192 religiöse

365 2152 424 2212 und
447 2152 520 2212 wird
548 2153 608 2213 noch
635 2155 699 2215 eine
723 2157 809 2217 Sache
832 2158 878 2218 der
906 2162 1198 2222 Literaturgeschichte

1251 2166 1465 2226 Besonderheit
1485 2167 1521 2227 ein
1550 2170 1685 2230 deutscher
1709 2172 1821 2232 Dichter
1845 2173 1896 2233 und
1925 2175 2004 2235 sogar
2028 2175 2074 2235 der

370 2196 444 2256 sein,
467 2197 546 2257 wenn
577 2199 639 2259 man
670 2202 753 2262 unser
781 2202 851 2262 aller
878 2205 988 2265 Namen
1019 2207 1094 2267 nicht
1117 2208 1196 2268 mehr

1247 2208 1366 2268 Dichter
1399 2211 1476 2271 eines
1514 2214 1651 2274 deutschen
1697 2215 1843 2275 Stammes
1881 2219 1908 2279 zu
1950 2220 2087 2280 werden,

368 2240 453 2300 kennt
472 2241 522 2301 und
550 2244 654 2304 nennt.
686 2246 791 2306 Bleibt
809 2247 868 2307 hier
891 2250 918 2310 zu
946 2251 1118 2311 beleuchten:
1137 2253 1191 2313 was

1247 2255 1300 2315 der
1340 2256 1641 2316 dialektverwurzelt,
1673 2259 1908 2319 erdverwurzelt
1948 2262 1983 2322 ist
2024 2265 2076 2325 wie

370 2286 435 2346 war
464 2286 515 2346 und
548 2287 580 2347 ist
604 2289 696 2349 dieser
725 2295 981 2355 Heimgegangene
1005 2297 1088 2357 uns?
1131 2298 1191 2358 Uns

1252 2299 1317 2359 kaum
1353 2299 1393 2359 ein
1420 2301 1548 2361 anderer
1571 2304 1707 2364 deutscher
1731 2306 1863 2366 Stamm.

372 2331 512 2391 deutschen
549 2334 674 2394 Juden?

1305 2354 1342 2414 Es
1371 2354 1450 2414 wäre
1474 2355 1501 2415 da
1531 2358 1694 2418 allerdings
1722 2358 1806 2418 etwas
1840 2361 1863 2421 zu
1891 2361 1970 2421 sagen
2004 2362 2069 2422 über

2126 2361 2239 2421 Träger
2269 2361 2347 2421 eines
2377 2364 2578 2424 Weltruhms,
2603 2367 2627 2427 in
2658 2367 2707 2427 den
2742 2368 2849 2428 Jahren
2884 2370 2943 2430 nach

428 2384 482 2444 Als
517 2387 634 2447 Dichter
669 2389 717 2449 hat
752 2387 781 2447 es
822 2390 939 2450 Arthur
974 2393 1126 2453 Schnitzler
1166 2394 1190 2454 in

1244 2396 1287 2456 die
1316 2398 1489 2458 Soziologie
1514 2399 1595 2459 jenes
1625 2402 1822 2462 Bürgertums
1857 2405 1958 2465 typisch
1987 2406 2078 2466 öster¬

2126 2405 2172 2465 dem
2214 2405 2321 2465 Kriege
2355 2405 2396 2465 ein
2434 2408 2527 2468 wenig
2565 2408 2625 2468 still
2654 2411 2827 2471 geworden.
2869 2411 2929 2471 Dem

368 2428 457 2488 seinen
492 2430 644 2490 Anfängen
679 2432 748 2492 nicht
773 2435 857 2495 leicht
882 2435 1000 2495 gehabt:
1025 2440 1079 2500 sein
1109 2440 1193 2500 erstes

1248 2441 1402 2501 reichischer
1432 2444 1590 2504 Prägung,
1610 2447 1691 2507 dessen
1721 2447 1880 2507 Gestalten,
1904 2450 1952 2510 vom
1991 2450 2072 2510 Dich¬

2118 2448 2277 2508 Schreibe,
2301 2449 2395 2509 dieser
2424 2453 2522 2513 Zeilen
2556 2453 2607 2513 hat
2636 2454 2663 2514 er
2697 2454 2706 2514 —
2763 2456 2843 2516 wann
2886 2456 2941 2516 war

361 2474 526 2534 Schauspiel
555 2476 654 2536 wurde
683 2475 735 2535 von
768 2477 815 2537 den
849 2480 990 2540 Theatern
1029 2483 1080 2543 mit
1109 2485 1184 2545 Hohn

1243 2485 1289 2545 ter
1313 2485 1359 2545 des
1383 2487 1527 2547 „Anatol“
1556 2490 1579 2550 zu
1607 2491 1793 2551 literarischem
1831 2493 1915 2553 Leben
1943 2495 2074 2555 erweckt,

2121 2492 2197 2552 das?
2231 2492 2375 2552 Gestern?
2395 2495 2409 2555 —
2453 2495 2529 2555 einen
2559 2498 2664 2558 kleinen
2689 2498 2808 2558 Vorfall
2828 2501 2953 2561 erzählt,

368 2520 618 2580 zurückgewiesen,
647 2519 698 2579 den
737 2525 958 2585 Pfahlbürgern
997 2527 1058 2587 galt
1092 2528 1120 2588 er
1153 2529 1195 2589 als

1247 2531 1326 2591 ihren
1359 2530 1425 2590 Weg
1453 2531 1485 2591 um
1528 2531 1570 2591 die
1594 2534 1668 2594 Welt
1692 2537 1855 2597 angetreten
1884 2540 1967 2600 haben
2005 2540 2065 2600 (und

2114 2534 2162 2594 der
2186 2537 2210 2597 in
2235 2538 2317 2598 mehr
2342 2538 2380 2598 als
2405 2540 2482 2600 einer
2507 2541 2671 2601 Beziehung
2696 2543 2875 2603 bezeichnend
2900 2545 2948 2605 ist:

363 2561 549 2621 Libertiner,
569 2564 750 2624 Verführer,
774 2569 941 2629 weichlicher
970 2573 1198 2633 Genußmensch.

1247 2573 1342 2633 heute,
1365 2576 1618 2636 mißverstanden,
1641 2582 1663 2642 zu
1696 2579 1772 2639 Tode
1795 2583 1899 2643 gehetzt
1922 2584 1976 2644 und
2008 2584 2071 2644 ver¬

2121 2581 2160 2641 Er
2190 2581 2274 2641 jährt
2299 2583 2358 2643 nach
2393 2582 2516 2642 Berlin.
2561 2588 2684 2648 Passau.
2724 2588 2950 2648 Paßkontrolle.

364 2602 400 2662 Um
443 2607 466 2667 so
495 2608 608 2668 leichter
636 2611 716 2671 hatte
744 2611 772 2671 er
801 2611 828 2671 es
857 2614 899 2674 als
928 2614 1021 2674 Jude:
1045 2614 1073 2674 er
1107 2616 1190 2676 wuchs

1245 2617 1338 2677 kitscht
1362 2618 1390 2678 in
1418 2618 1469 2678 den
1497 2620 1609 2680 Hirnen
1642 2622 1688 2682 der
1717 2626 1991 2686 Tonsilmschreiber
2025 2629 2061 2689 ein

2118 2625 2175 2685 Der
2210 2625 2369 2685 bayerische
2394 2628 2519 2688 Beamte
2554 2629 2641 2689 prüft
2670 2630 2718 2690 das
2753 2631 2795 2691 ihm
2845 2632 2945 2692 darge¬

365 2653 425 2713 auf,
450 2653 551 2713 wurde
577 2655 637 2715 reif
658 2656 682 2716 in
718 2656 768 2716 der
799 2656 879 2716 Zeit,
900 2660 960 2720 die,
981 2660 1121 2720 historisch
1152 2660 1192 2720 ge¬

1246 2662 1408 2722 posthumes
1437 2665 1526 2725 Leben
1559 2665 1680 2725 führen,
1699 2668 1750 2728 das
1779 2668 1834 2728 kein
1868 2671 1951 2731 Leben
1985 2673 2063 2733 mehr

2121 2671 2221 2731 reichte
2250 2671 2427 2731 Dokument,
2451 2673 2541 2733 reicht
2566 2674 2594 2734 es
2628 2674 2742 2734 zurück,
2767 2677 2948 2737 respektvoll,

1567 2713 1626 2773 ist).
1687 2714 1875 2774 Aufzuzeigen
1916 2716 1995 2776 wäre
2025 2719 2074 2779 da,

2119 2713 2173 2773 und
2224 2716 2285 2776 sagt
2331 2719 2538 2779 schmetternd:
2584 2722 2679 2782 „Aha!
2721 2721 2836 2781 Glaube
2887 2722 2937 2782 und

1568 2755 1617 2815 wie
1653 2757 1698 2817 die
1723 2758 1903 2818 spielerische
1934 2762 2074 2822 Wehmut

1135 2757 1377 2817 r.1.X

2122 2758 2254 2818 Heimat!

1567 2799 1644 2859 einer
1673 2803 1832 2863 sterbenden
1861 2804 1991 2864 Schicht,
2020 2806 2063 2866 die

2166 2803 2254 2863 Darin
2289 2803 2352 2863 aber
2382 2806 2445 2866 sehe
2475 2806 2538 2866 man
2569 2806 2642 2866 nicht
2667 2806 2769 2866 einfach
2799 2807 2843 2867 die
2868 2808 2941 2868 Ent¬

1566 2844 1704 2904 Wehmut
1731 2846 1807 2906 eines
1838 2847 1937 2907 müden
1977 2847 2071 2907 Staa¬

2116 2847 2241 2907 gleisung
2271 2847 2318 2907 des
2348 2850 2487 2910 schlichten
2521 2850 2666 2910 Mannes.
2710 2853 2878 2913 Vielmehr:
2903 2853 2931 2913 an

1564 2886 1604 2946 tes
1640 2888 1694 2948 und
1735 2889 1774 2949 die
1811 2889 2066 2949 jahrtausendalte

2113 2889 2195 2949 diesem
2234 2892 2345 2952 Punkte
2370 2895 2583 2955 überschneiden
2612 2898 2655 2958 sich
2685 2897 2752 2957 zwei
2777 2897 2941 2957 Anonymi¬

364 2922 619 2982 Nalder
652 2900 747 2960 Rur
780 2886 1035 2946 hinennn,
1047 2880 1195 2940 idrite
1228 2877 1333 2937 ffuns
1356 2877 1408 2937 un

1567 2931 1704 2991 Wehmut
1728 2933 1774 2993 des
1806 2937 1986 2997 Judentums
2018 2939 2068 2999 zu¬

2116 2934 2214 2994 täten:
2229 2937 2270 2997 die
2290 2935 2336 2995 des
2360 2937 2431 2997 alten
2459 2940 2609 3000 Dichters,
2624 2940 2657 3000 um
2695 2940 2737 3000 den
2765 2940 2788 3000 es
2813 2941 2925 3001 langsam

713 2967 1238 3027 n

1567 2977 1830 3037 sammenströmten
1893 2982 1919 3042 zu
1973 2983 2049 3043 jenem

2121 2979 2209 3039 Abend
2243 2981 2312 3041 wird
2341 2982 2350 3042 -
2402 2983 2453 3043 und
2482 2982 2547 3042 jene
2576 2982 2697 3042 andere,
2722 2985 2857 3045 größere,
2876 2985 2941 3045 des¬

1565 3021 1719 3081 Dreiklang
1759 3022 1811 3082 von
1855 3024 1937 3084 Tod,
1972 3025 2067 3085 Liebe,

2118 3024 2201 3084 selben
2234 3026 2383 3086 Dichters,
2397 3027 2448 3087 der
2472 3027 2523 3087 sein
2556 3029 2653 3089 Werk,
2668 3029 2732 3089 aere
2761 3031 2942 3091 perennius,

368 3073 612 3133 Gnn
676 3062 922 3122 bynijug
958 3055 1162 3115 pelenng
1191 3051 1309 3111 tele
1345 3053 1436 3113 men

1567 3063 1746 3123 Landschaft,
1775 3065 1827 3125 der
1861 3065 1907 3125 den
1946 3068 2063 3128 Werken

2111 3068 2258 3128 geworden
2301 3070 2369 3130 sieht
2402 3071 2429 3131 zu
2467 3071 2628 3131 Volksgut,
2656 3073 2845 3133 untrennbar
2878 3074 2947 3134 ver¬

1567 3107 1734 3167 Schnitzlers
1767 3110 1809 3170 die
1842 3113 2061 3173 unvergeßliche

2116 3110 2219 3170 bunden
2259 3111 2313 3171 mit
2344 3113 2466 3173 anderem
2511 3116 2674 3176 Volksgut,
2694 3119 2743 3179 das
2778 3119 2847 3179 schon
2887 3121 2931 3181 des

1565 3152 1689 3212 Melodie
1714 3152 1790 3212 gibt.
1809 3155 1886 3215 Aber
1905 3157 2073 3217 nochmals:

375 3150 483 3210 h
560 3149 635 3209 de
686 3148 770 3208 uh
854 3156 1114 3216 heglet,
1123 3161 1257 3221 ide
1308 3162 1509 3222 bente,

2109 3158 2383 3218 Verfassernamens
2412 3161 2546 3221 entraten
2575 3163 2662 3223 kann.

1568 3194 1619 3254 das
1656 3194 1681 3254 im
1728 3195 1867 3255 einzeluen
1904 3200 2064 3260 darzustel¬

1400 3245 1508 3305 t

1562 3234 1625 3294 len,
1644 3236 1680 3296 ist
1704 3239 1795 3299 Sache
1824 3241 1873 3301 der
1902 3248 2071 3308 Literatur¬

1558 3278 1708 3338 geschichte.
1752 3283 1820 3343 Nur
1859 3287 1883 3347 so
1918 3290 1995 3350 viel:
2034 3293 2058 3353 in

703 3298 1072 3358 angt

1557 3322 1625 3382 zwei
1660 3323 1796 3383 Dichtern
1846 3331 1933 3391 klang
1983 3334 2060 3394 diese

1553 3364 1772 3424 österreichische
1832 3373 1983 3433 Melodie,
2032 3379 2056 3439 in

1560 3408 1668 3468 Arthur
1693 3413 1844 3473 Schnitzler
1869 3418 1925 3478 und
1950 3421 2039 3481 seinem

1562 3454 1712 3514 jüngeren,
1740 3457 1789 3517 vor
1827 3460 1872 3520 ihm
1927 3466 2054 3526 verstor¬

795 3452 1414 3512 e

344 3465 445 3525 Arthur
469 3466 628 3526 Schnitz'ers

1554 3494 1638 3554 benen
1670 3498 1803 3558 Freunde
1830 3504 1941 3564 Hugo
1977 3507 2048 3567 von

403 3504 580 3564 Handschrift

1550 3543 1892 3603 Hofmannsthal
1927 3549 1941 3609 —

361 3546 385 3606 (½
422 3546 607 3606 verkleinert)

1541 3582 1639 3642 beider
1667 3586 1765 3646 Ahnen
1803 3591 1939 3651 gehörten
1977 3598 2056 3658 nicht

1543 3627 1570 3687 zu
1607 3627 1658 3687 den
1695 3633 1894 3693 Nibelungen,
1922 3639 1963 3699 die
2000 3639 2046 3699 die

346 3626 439 3686 sehen,
458 3630 500 3690 als
528 3633 742 3693 „bürgerlicher
766 3642 999 3702 Liberalismus"
1023 3647 1106 3707 oder,
1125 3651 1152 3711 um

1219 3657 1354 3717 Ostmark
1374 3663 1542 3723 eroberten.
1580 3672 1650 3732 (Und
1674 3674 1763 3734 beide,
1782 3680 1918 3740 jüdisches
1946 3685 2049 3745 Schick¬

340 3669 381 3729 die
405 3672 550 3732 politische
574 3681 784 3741 Phraseologie
804 3684 855 3744 der
879 3688 1042 3748 Gegenseite
1071 3693 1094 3753 zu
1127 3693 1169 3753 be¬

1217 3701 1271 3761 sal,
1290 3704 1404 3764 wurden
1437 3706 1487 3766 vor
1515 3709 1564 3769 der
1588 3714 1651 3774 Zeit
1675 3719 1821 3779 gebrochen
1853 3724 1935 3784 durch
1963 3728 2045 3788 fami¬

335 3716 447 3776 nützen,
466 3719 508 3779 als
537 3724 889 3784 „Judenliberalismus"
914 3734 1073 3794 bezeichnet
1093 3737 1162 3797 wird

1217 3746 1310 3806 liäres
1334 3749 1413 3809 Leid:
1433 3755 1666 3815 Hofmannsthal
1686 3761 1755 3821 starb
1784 3764 1812 3824 am
1850 3768 1929 3828 Tode
1953 3773 2041 3833 seines

335 3752 349 3812 —
392 3758 416 3818 in
445 3761 526 3821 einer
551 3765 632 3825 Zeit,
647 3767 675 3827 da
705 3770 777 3830 (kaum
821 3773 897 3833 mehr
921 3778 1094 3838 vorstellbar
1119 3785 1161 3845 für

1220 3791 1334 3851 Sohnes
1365 3793 1380 3853 —
1430 3799 1586 3859 Schnitzler
1626 3805 1722 3865 wurde
1762 3809 1832 3869 über
1863 3815 1953 3875 Nacht
1994 3821 2033 3881 ein

335 3803 389 3863 uns
424 3807 586 3867 Heutige!)
611 3812 655 3872 die
690 3818 886 3878 Bezeichnung
926 3822 1083 3882 Antisemit
1118 3828 1162 3888 als

1216 3835 1324 3895 Greis,
1341 3838 1383 3898 als
1406 3842 1481 3902 seine
1504 3845 1622 3905 Tochter
1644 3850 1693 3910 von
1721 3852 1763 3912 ihm
1797 3858 1893 3918 ging.)

332 3850 547 3910 Schimpfwyrt
576 3857 643 3917 galt
673 3859 725 3919 und
759 3863 835 3923 Adel
865 3866 922 3926 und
956 3871 1157 3931 eingesessenes

1267 3881 1386 3941 Dichter
1416 3886 1496 3946 einer
1526 3890 1684 3950 sterbenden
1723 3900 1842 3960 Schicht.
1881 3902 1948 3962 Mit
1977 3905 2020 3965 dem

333 3897 583 3957 Großbürgertum
621 3902 702 3962 darin
728 3906 940 3966 wetteiferten,
960 3911 1003 3971 sich
1029 3914 1084 3974 mit
1104 3918 1160 3978 Ju¬

1213 3925 1334 3985 Sterben
1367 3930 1456 3990 dieser
1483 3936 1588 3996 Schicht
1610 3937 1641 3997 ist
1663 3940 1688 4000 es
1715 3943 1746 4003 um
1779 3946 1900 4006 unseren
1932 3951 2037 4011 Toten,

2849 1356 2944 1416 513
