3344 4384
285 361 864 421 Schnitzlers
936 360 1164 420 Deatl

1393 355 1516 415 box
1596 357 1829 417 43/20

2176 430 2348 490 Bladet:

2292 524 2604 584 Flensborg
2644 542 2775 602 Avis

2155 722 2293 782 skriver
2323 731 2380 791 den

2423 843 2522 903 30.
2543 849 2672 909 0KT.
2683 855 2792 915 1931

2078 987 2349 1047 ARTHUR
2403 984 2833 1044 SCHNITZLER

2111 1094 2317 1154 rteriiés
2364 1094 2500 1154 boromte
2548 1090 2741 1150 dramattske
2788 1088 2878 1148 For.

2071 1154 2184 1214 fatter,
2224 1154 2336 1214 Lægen
2381 1151 2562 1211 Arthur
2587 1148 2876 1208 Schnitzlor,

2070 1212 2146 1272 dode
2177 1211 2226 1271 som
2272 1208 2378 1268 nwvnt
2406 1208 2463 1268 den
2495 1208 2544 1268 21.
2571 1205 2727 1265 Oktober,
2746 1205 2781 1265 69
2813 1205 2875 1265 Aar

2070 1269 2218 1329 gammel.
2261 1265 2328 1325 Han
2362 1265 2461 1325 havdo
2491 1264 2543 1324 som
2586 1262 2753 1322 sædvanlig
2792 1262 2873 1322 fore¬

2075 1327 2162 1387 taget
2188 1324 2229 1384 sin
2260 1324 2461 1384 Spaserotur.
2497 1323 2584 1383 Efter
2611 1321 2641 1381 at
2667 1321 2744 1381 vore
2770 1319 2867 1379 vendt

2073 1384 2165 1444 bjem,
2187 1383 2321 1443 klagode
2353 1381 2409 1441 tan
2446 1381 2524 1441 over
2550 1378 2747 1438 Hovedpine;
2773 1378 2871 1438 nogot

2072 1441 2179 1501 senere
2207 1441 2281 1501 brod
2315 1441 2370 1501 han
2404 1438 2552 1498 pludselig
2580 1438 2739 1498 sammen;
2763 1435 2864 1495 Doden

2078 1497 2126 1557 var
2159 1497 2338 1557 indtraadt.
2382 1497 2425 1557 En
2464 1495 2729 1555 Mjorneblodning
2768 1494 2871 1554 havde

2071 1554 2192 1614 hidfort
2217 1557 2294 1617 den.

2148 1614 2204 1674 Der
2262 1612 2318 1672 har
2371 1611 2474 1671 staaet
2526 1611 2671 1671 adskillig
2708 1611 2785 1671 Strid
2822 1611 2852 1671 om

2075 1671 2256 1731 Schnitzlors
2283 1671 2386 1731 Navn.
2424 1671 2465 1731 Da
2491 1671 2548 1731 han
2575 1671 2590 1731 1
2611 1671 2678 1731 1892
2704 1668 2870 1728 indledede

2075 1732 2109 1792 sin
2145 1730 2404 1790 Forfatterbane,
2426 1729 2481 1789 var
2507 1730 2562 1790 han
2598 1729 2648 1789 ung
2685 1727 2715 1787 og
2746 1728 2877 1788 dristig;

2075 1787 2172 1847 sine
2199 1787 2307 1847 senere
2333 1787 2394 1847 Aar
2421 1786 2487 1846 blov
2514 1787 2565 1847 han
2596 1787 2689 1847 onsom
2726 1787 2761 1847 og
2793 1787 2864 1847 tung

2072 1844 2082 1904 1
2109 1844 2203 1904 Sind.
2246 1846 2309 1906 Man
2347 1844 2404 1904 har
2431 1844 2520 1904 kaldt
2547 1844 2721 1904 Schnitzler
2753 1844 2800 1904 for
2833 1844 2864 1904 en

2073 1905 2232 1965 Kyniker,
2245 1904 2279 1964 og
2305 1904 2357 1964 der
2381 1904 2434 1964 har
2458 1904 2547 1964 været
2571 1905 2695 1965 Forlag,
2713 1905 2760 1965 som
2796 1904 2872 1964 ikke

2082 1960 2157 2020 vilde
2186 1962 2250 2022 fare
2279 1960 2354 2020 hans
2384 1963 2499 2023 Bogor.

2148 2017 2323 2077 Schnitzler
2357 2020 2454 2080 havde
2488 2020 2521 2080 en
2556 2020 2612 2080 dyb
2647 2020 2686 2080 og
2721 2020 2873 2080 Indiræn¬

2074 2080 2176 2140 gonde
2202 2077 2406 2137 p,kologlek
2439 2077 2534 2137 Sans.
2573 2079 2637 2139 lian
2669 2077 2713 2137 lod

2074 2138 2130 2198 gaa
2162 2137 2394 2197 undorsogende
2427 2137 2451 2197 ti
2484 2137 2602 2197 Bunds,
2623 2136 2684 2196 mon

2075 2193 2156 2253 detto
2185 2193 2403 2253 forstaaonde,
2425 2195 2458 2255 og
2493 2193 2547 2253 han
2582 2193 2678 2253 havde
2713 2193 2739 2253 en
2774 2194 2869 2254 seilig

2082 2250 2173 2310 Glod.
2209 2253 2277 2313 Han
2307 2253 2376 2313 blev
2405 2253 2456 2313 don
2492 2250 2647 2310 fuldendte
2683 2253 2809 2313 Mester,
2832 2256 2866 2316 og

2077 2310 2128 2370 det
2160 2310 2190 2370 er
2222 2310 2252 2370 en
2290 2311 2356 2371 lang
2393 2310 2507 2370 Rakke
2539 2310 2792 2370 Mesterværker,
2818 2313 2870 2373 han

2076 2368 2132 2428 bar
2158 2370 2309 2430 efterladt
2335 2370 2397 2430 sig.

2135 2426 2235 2486 Megon
2263 2426 2497 2486 Anerkendelse
2519 2428 2577 2488 har
2599 2427 2630 2487 nu
2658 2426 2710 2486 ved
2737 2426 2881 2486 Sehnitz¬

2076 2483 2140 2543 lors
2160 2483 2218 2543 Dod
2245 2483 2297 2543 fun
2337 2483 2356 2543 t
2376 2483 2415 2543 eit
2435 2486 2571 2546 Udtryk.
2598 2486 2644 2546 Af
2664 2486 2696 2546 on
2723 2486 2872 2546 Artikol!

2088 2543 2238 2603 »Berliner
2274 2543 2459 2603 Tageblatte
2489 2543 2529 2603 al
2559 2546 2675 2606 Arnold
2716 2546 2878 2606 Hooll¬

2081 2602 2236 2662 riegel
2263 2600 2334 2660 skal
2361 2602 2413 2662 her
2440 2602 2595 2662 gengivee
2622 2605 2713 2665 nogle
2746 2602 2876 2662 Eukelt¬

2077 2659 2192 2719 heder.

2157 2716 2263 2776 Forste
2287 2716 2393 2776 Gang,
2411 2716 2524 2776 hedder
2548 2720 2612 2780 det,
2631 2722 2677 2782 jeg
2708 2721 2778 2781 talte
2808 2722 2867 2782 mod

2078 2773 2196 2833 Arthur
2220 2773 2414 2833 Schnitzler,
2439 2776 2497 2836 var
2527 2776 2621 2836 under
2651 2776 2763 2836 Frigon
2799 2777 2816 2837 1
2840 2779 2869 2839 on

2079 2830 2245 2890 overkyldt
2269 2832 2447 2892 Sporvogn.
2489 2835 2530 2895 Vi
2555 2835 2619 2895 steg
2655 2835 2691 2895 ud
2721 2835 2886 2895 samtiuig.

2081 2889 2113 2949 da
2152 2889 2205 2949 min
2244 2891 2330 2951 Bolig
2363 2891 2418 2951 var
2445 2892 2461 2952 i
2483 2892 2651 2952 Narheden
2711 2893 2749 2953 af
2798 2895 2879 2955 hans

2087 2946 2173 3006 Villa.
2213 2948 2255 3008 Vi
2278 2949 2397 3009 fulgtes
2419 2949 2452 3009 ac
2485 2950 2572 3010 nogle
2599 2952 2729 3012 skridt,
2746 2954 2778 3014 og
2812 2952 2887 3012 alo¬

2079 3006 2150 3066 rode
2184 3007 2216 3067 da
2250 3009 2349 3069 sagde
2377 3009 2432 3069 hau
2465 3009 2499 3069 ot
2527 3012 2587 3072 Par
2615 3012 2786 3072 oplysende
2814 3009 2874 3069 Ord

2080 3064 2112 3124 om
2159 3064 2204 3124 sig
2238 3065 2315 3125 elv.

2157 3122 2292 3182 Digter?
2334 3123 2392 3183 Jeg
2428 3126 2456 3186 er
2487 3125 2534 3185 for
2564 3125 2616 3185 det
2646 3127 2757 3187 forste,
2781 3125 2881 3185 andot

2078 3182 2112 3242 og
2143 3182 2243 3242 trodje
2269 3182 2374 3242 Lage.
2410 3184 2465 3244 Jeg
2496 3185 2576 3245 foler
2602 3185 2656 3245 mig
2687 3185 2773 3245 langt
2798 3185 2878 3245 more

2088 3239 2129 3299 som
2172 3239 2256 3299 Læge
2287 3239 2341 3299 end
2372 3241 2420 3301 som
2457 3242 2632 3302 Forfatter.
2651 3245 2729 3305 Mine
2754 3245 2880 3305 Værker

2077 3295 2115 3355 or
2139 3295 2359 3355 udelukkende
2388 3298 2579 3358 Dlagnoser.

2156 3354 2243 3414 Efter
2275 3355 2383 3415 mange
2420 3358 2497 3418 Aars
2530 3358 2716 3418 Samkvem,
2742 3358 2799 3418 der
2830 3359 2881 3419 for

2083 3413 2137 3473 mig
2170 3412 2256 3472 betod
2283 3415 2407 3475 Lykke,
2424 3417 2472 3477 saa
2500 3418 2548 3478 jeg
2576 3418 2629 3478 ham
2668 3418 2764 3478 sidsto
2792 3418 2872 3478 Cang

2082 3471 2126 3531 tre
2161 3471 2243 3531 Dago
2278 3471 2326 3531 for
2352 3471 2405 3531 han
2440 3473 2537 3533 dodo.
2577 3474 2640 3534 Han
2675 3474 2723 3534 saa
2758 3474 2870 3534 daarlig

2082 3528 2132 3588 ud,
2158 3528 2213 3588 det
2239 3528 2345 3588 havde
2376 3531 2431 3591 huu
2472 3532 2558 3592 gjort
2584 3531 2639 3591 den
2676 3532 2771 3592 sidste
2808 3533 2883 3593 Tid;

2083 3585 2147 3645 men
2179 3586 2211 3646 nu
2243 3588 2303 3648 var
2326 3588 2380 3648 han
2408 3588 2481 3648 udon
2514 3591 2568 3651 den
2596 3591 2682 3651 Aand
2716 3591 2747 3651 og
2780 3591 2893 3651 Liden-

2086 3645 2171 3705 skab,
2197 3645 2252 3705 der
2283 3645 2378 3705 ellers
2404 3648 2505 3708 livede
2541 3651 2576 3711 op
2612 3651 2626 3711 1
2657 3651 2732 3711 hans
2763 3649 2874 3709 gustne

2079 3701 2219 3761 Ansigt.

2160 3759 2219 3819 Han
2254 3761 2332 3821 talte
2367 3761 2425 3821 med
2460 3764 2524 3824 mig
2559 3764 2592 3824 om
2637 3764 2676 3824 sin
2716 3767 2878 3827 logemlige

2086 3818 2238 3878 Tilstand,
2258 3821 2292 3881 og
2321 3821 2373 3881 han
2402 3821 2550 3881 bekendte
2579 3822 2617 3882 sig
2646 3821 2790 3881 smilonde
2819 3824 2866 3884 som

2081 3878 2116 3938 en
2174 3878 2329 3938 ulyksalig
2392 3878 2547 3938 Blanding
2604 3881 2640 3941 af
2693 3882 2786 3942 Læge
2843 3885 2878 3945 og

2082 3933 2289 3993 Hypokondor
2333 3935 2367 3995 og
2415 3935 2535 3995 stillede
2579 3937 2647 3997 selv
2691 3940 2888 4000 Dlagnosen.

2086 3994 2196 4054 Noglos
2220 3994 2267 4054 lod
2297 3994 2353 4054 paa
2378 3996 2411 4056 en
2440 3994 2550 4054 nervos
2579 3996 2794 4056 Mavelidelse,
2813 4000 2875 4060 men

2086 4051 2135 4111 der
2170 4051 2224 4111 var
2259 4052 2347 4112 dem,
2373 4054 2421 4114 som
2471 4054 2515 4114 lod
2556 4054 2698 4114 formodo
2733 4056 2802 4116 det,
2827 4057 2886 4117 der

2088 4108 2138 4168 var
2173 4110 2291 4170 verre.
2337 4111 2405 4171 Kun
2439 4111 2580 4171 Hjertet,
2609 4111 2705 4171 sagde
2740 4114 2818 4174 han,
2847 4114 2880 4174 er

2088 4164 2314 4224 overraskendo
2348 4167 2453 4227 sundt.
2498 4167 2536 4227 Et
2564 4169 2624 4229 Par
2653 4169 2747 4229 Dusin
2781 4170 2879 4230 Timor

2083 4221 2186 4281 senere
2212 4224 2383 4284 s'ansede
2410 4224 2492 4284 dette
2524 4227 2643 4287 Hjerte;
2670 4228 2752 4288 ingen
2789 4227 2819 4287 af
2841 4227 2876 4287 do
