3392 4352
593 134 746 194 rend
779 133 843 193 der
868 136 1061 196 muziek.

1466 139 1494 199 te
1524 136 1597 196 doen
1632 139 1686 199 had
1720 139 1771 199 dan
1804 141 1860 201 zijn
1893 139 2014 199 passies
2044 139 2070 199 te
2100 139 2247 199 beleven,
2269 142 2320 202 den

1468 174 1602 234 ouderen
1638 177 1964 237 levenskunstenaar,
1986 177 2017 237 de
2050 177 2326 237 hartstochtelijke

1469 213 1593 273 vrouw,
1638 213 1672 273 en
1706 214 1844 274 bovenal
1872 215 1923 275 het
1951 214 2185 274 zoogenaamde
2217 216 2330 276 „Susse

785 234 852 294 Hij
872 235 1020 295 beeldde
1044 235 1145 295 typen
1174 237 1241 297 uit,
1261 236 1308 296 die
1337 234 1433 294 reeds

1473 252 1610 312 Mädel",
1625 252 1678 312 dat
1697 253 1762 313 ooit
1781 253 1864 313 moet
1884 252 1998 312 hebben
2025 252 2173 312 bestaan.

752 284 830 344 lang
857 285 919 345 zijn
950 285 1179 345 uitgestorven
1223 285 1258 345 of
1294 285 1443 345 heenge¬

1510 291 1564 351 Hij
1590 291 1675 351 heeft
1704 291 1756 351 ook
1789 292 1950 352 trotsche,
1969 294 2046 354 rijpe
2080 291 2245 351 menschen
2278 290 2333 350 ge¬

1468 330 1647 390 schilderd,
1688 330 1794 390 zooals
1823 330 1984 390 professor
2014 330 2197 390 Bernhardi
2220 330 2252 390 en
2286 331 2329 391 hij

753 334 855 394 gaan,
886 333 983 393 typen
1027 334 1082 394 uit
1103 333 1163 393 het
1185 334 1269 394 oude
1296 335 1440 395 Oosten¬

1472 367 1559 427 heeft
1582 368 1607 428 in
1638 368 1670 428 de
1693 368 1837 428 tragedie
1863 368 1914 428 van
1944 370 1995 430 den
2025 371 2135 431 jongen
2165 371 2335 431 Medardus

747 380 835 440 rijk.

1467 407 1527 467 zijn
1552 404 1698 464 geheelen
1726 407 1779 467 tijd
1805 404 1854 464 een
1883 406 1957 466 eeuw
1989 407 2138 467 vroeger,
2153 407 2199 467 als
2224 407 2245 467 in
2274 407 2323 467 een

1471 443 1593 503 spiegel
1611 443 1818 503 weerkaatst.
1837 446 1922 506 Maar
1944 446 1989 506 hij
2007 446 2033 506 is
2055 447 2140 507 altijd
2170 446 2248 506 weer
2270 446 2325 506 van

622 461 802 521 WEENEN,
815 464 885 524 Oct.
898 464 906 524 —
953 466 1011 526 Zijn
1037 464 1289 524 landgenooten,
1306 464 1335 524 de
1356 464 1443 524 men¬

1471 484 1508 544 de
1530 482 1658 542 helden,
1677 485 1720 545 die
1743 485 1790 545 hij
1809 485 1871 545 met
1890 485 1996 545 eenige
2022 485 2117 545 ironie
2143 485 2337 545 uitbeeldde,

625 501 690 561 hen,
713 501 760 561 die
790 503 878 563 reeds
907 503 1006 563 onder
1036 503 1068 563 de
1098 505 1259 565 suggestie
1293 503 1344 563 van
1377 506 1435 566 zijn

1467 521 1545 581 naar
1595 521 1627 581 de
1656 521 1820 581 omgeving
1853 523 2077 583 teruggekeerd
2109 524 2155 584 die
2185 524 2238 584 hem
2281 524 2334 584 het

573 539 651 599 naam
694 542 905 602 opgroeiden,
930 542 1051 602 kunnen
1087 542 1137 602 het
1166 542 1226 602 zich
1259 542 1327 602 niet
1352 541 1444 601 voor¬

1473 559 1575 619 meest
1622 559 1713 619 nabij
1739 559 1820 619 was:
1849 559 1923 619 naar
1956 561 1987 621 de
2016 562 2161 622 literaten
2194 562 2240 622 die
2272 562 2328 622 hun

575 577 685 637 stellen
732 578 789 638 dat
809 580 870 640 hun
901 580 1023 640 dichter
1050 580 1114 640 niet
1138 580 1222 640 meer
1249 582 1291 642 is;
1318 583 1375 643 hij,
1395 580 1440 640 die

1477 595 1558 655 leven
1586 598 1650 658 met
1671 598 1802 658 allerlei
1820 598 1922 658 frasen
1951 601 2174 661 vervalschen,
2195 601 2269 661 naar
2298 599 2329 659 de

576 613 627 673 een
660 616 807 676 kenmerk
837 616 893 676 van
926 619 955 679 de
985 619 1051 679 stad
1085 619 1214 679 Weenen
1244 619 1277 679 en
1307 619 1361 679 vun
1391 619 1443 679 het

1473 636 1649 696 resolutere
1682 637 1823 697 vrouwen
1859 637 1905 697 die
1933 638 2103 698 tegenover
2132 640 2188 700 hen
2221 640 2245 700 in
2281 640 2334 700 het

574 655 650 715 oude
684 655 864 715 Oostenrijk
898 658 1034 718 scheen,
1061 658 1094 718 en
1127 658 1197 718 niet
1223 658 1275 718 een
1312 658 1437 718 mensch

1474 676 1562 736 recht
1584 676 1704 736 waren,
1722 676 1750 736 en
1778 676 1852 736 naar
1877 676 1906 736 de
1931 676 2044 736 musici
2062 678 2093 738 en
2118 679 2337 739 muzikanten.

574 691 621 751 die
647 694 702 754 het
725 694 817 754 recht
839 697 894 757 had
928 697 983 757 oud
1013 697 1038 757 te
1072 697 1211 757 worden.
1234 697 1271 757 Al
1297 697 1348 757 wil
1371 697 1433 757 men

1505 715 1685 775 Schnitzler
1708 715 1760 775 zou
1786 715 1856 775 geen
1886 713 2011 773 Weener
2038 715 2174 775 geweest
2197 718 2270 778 zijn,
2289 716 2333 776 in¬

571 733 633 793 het
659 733 721 793 zich
755 733 810 793 ook
843 736 908 796 niet
938 736 1099 796 bekennen
1133 736 1165 796 en
1202 736 1290 796 liefde
1324 736 1437 796 gaarne

1474 753 1540 813 dien
1570 753 1602 813 de
1632 753 1749 813 muziek
1778 753 1804 813 in
1833 753 1888 813 zijn
1922 753 2031 813 wereld
2061 756 2115 816 had
2145 756 2335 816 ontbroken.

577 772 643 832 met
662 771 761 831 ironie
783 774 974 834 bestrijden,
992 774 1054 834 men
1084 774 1168 834 heeft
1191 774 1256 834 hier
1279 774 1327 834 een
1353 774 1437 834 sterk

1472 792 1548 852 Laat
1600 792 1655 852 ons
1685 792 1803 852 denken
1840 792 1895 852 aan
1929 792 1980 852 den
2013 795 2153 855 musicus
2186 795 2337 855 Weiring,

577 812 996 872 saamhoorigheidsgevoel
1055 813 1117 873 met
1147 813 1206 873 zijn
1243 813 1441 873 representa¬

1471 831 1626 891 orkestlid
1662 831 1715 891 van
1755 831 1804 891 een
1843 831 2133 891 voorstadstheater
2169 832 2201 892 en
2240 834 2331 894 vader

572 849 655 909 tieve
702 851 862 911 dichters.
881 852 923 912 En
954 852 1022 912 toen
1057 852 1247 912 Altenberg,
1267 852 1332 912 toen
1366 850 1446 910 Hof¬

1477 872 1529 932 van
1556 870 1609 930 het
1628 870 1791 930 geofferde
1814 871 1924 931 meisje
1947 873 1969 933 in
2000 871 2189 931 „Liebelei",
2205 871 2253 931 een
2284 870 2333 930 ge¬

573 888 762 948 manusthal
788 891 944 951 stierven,
969 891 1034 951 was
1066 891 1098 951 de
1127 891 1312 951 algemeene
1341 891 1437 951 schok

1472 909 1585 969 stalte,
1631 909 1680 969 die
1733 909 1790 969 nog
1825 910 1870 970 uit
1897 909 1927 969 de
1958 911 2052 971 dagen
2087 911 2140 971 van
2174 912 2333 972 Schubert

576 927 724 987 duidelijk
751 930 774 990 te
797 930 984 990 bemerken.
1000 930 1080 990 Doch
1107 930 1171 990 niet
1190 930 1240 990 zoo
1263 930 1438 990 smartelijk

1474 948 1594 1008 schijnt
1619 948 1644 1008 te
1670 948 1843 1008 stammen.
1865 948 1939 1008 Laat
1964 948 2017 1008 ons
2043 950 2159 1010 denken
2192 950 2245 1010 aan
2277 950 2330 1010 zijn

574 965 621 1025 als
658 965 768 1025 thans,
787 968 831 1028 bij
849 968 905 1028 den
931 968 982 1028 zoo
1008 966 1251 1026 onverwachten
1281 968 1354 1028 dood
1384 968 1435 1028 van

1475 986 1676 1046 Wergenthin
1700 986 1723 1046 in
1751 986 1802 1046 den
1826 989 1932 1049 roman
1960 987 2035 1047 „Der
2059 986 2125 1046 Weg
2149 988 2196 1048 ins
2216 986 2342 1046 Freie",

570 1004 692 1064 Arthur
744 1007 944 1067 Schnitzler,
970 1006 1070 1066 wiens
1100 1007 1300 1067 aanstaande
1334 1007 1422 1067 zeven

1477 1028 1529 1088 den
1560 1028 1674 1088 jongen
1705 1025 1845 1085 musicus
1875 1025 1928 1085 van
1959 1027 2012 1087 het
2035 1026 2103 1086 type
2133 1028 2186 1088 dat
2213 1028 2258 1088 hij
2282 1028 2330 1088 zoo

572 1044 671 1104 tigste
713 1046 904 1106 verjaardag
934 1046 1076 1106 waarlijk
1107 1046 1171 1106 niet
1198 1046 1270 1106 door
1297 1046 1328 1106 de
1359 1045 1446 1105 thea¬

1474 1065 1551 1125 vaak
1580 1065 1771 1125 ontmoette,
1792 1064 1955 1124 aarzelend
1987 1064 2132 1124 tusschen
2164 1067 2220 1127 zijn
2252 1067 2337 1127 com¬

570 1085 640 1145 ters
663 1085 763 1145 alleen
790 1085 841 1145 zou
872 1085 994 1145 gevierd
1028 1085 1169 1145 worden.

1476 1104 1773 1164 ponisten-roeping
1799 1104 1832 1164 en
1862 1103 1891 1163 de
1917 1104 2287 1164 dirigentenwenschen.

614 1124 678 1184 Het
721 1124 831 1184 groote
861 1123 1105 1183 theatereffect,
1124 1124 1177 1184 dat
1204 1122 1264 1182 was
1295 1124 1360 1184 het,
1383 1124 1443 1184 wat

1510 1143 1574 1203 Ook
1609 1142 1691 1202 waar
1719 1142 1764 1202 hij
1791 1142 1855 1202 niet
1882 1142 2094 1202 rechtstreeks
2124 1142 2181 1202 van
2212 1142 2333 1202 muziek

574 1161 756 1221 Schnitzler
780 1161 855 1221 voor
879 1161 935 1221 had
966 1162 996 1222 op
1027 1162 1076 1222 zoo
1103 1162 1206 1222 menig
1237 1162 1331 1222 ander
1359 1162 1442 1222 dich¬

1473 1182 1507 1242 en
1542 1180 1739 1240 muzikanten
1774 1180 1918 1240 spreekt,
1941 1180 2043 1240 klinkt
2070 1180 2188 1240 muziek
2219 1180 2245 1240 in
2276 1182 2333 1242 zijn

575 1201 634 1261 ter.
653 1201 741 1261 Maar
764 1201 808 1261 hij
830 1201 893 1261 was
919 1201 993 1261 voor
1020 1201 1074 1261 ons
1101 1201 1164 1261 niet
1186 1201 1285 1261 alleen
1316 1201 1349 1261 de
1375 1201 1441 1261 dra¬

1474 1219 1617 1279 woorden
1643 1219 1676 1279 en
1702 1219 1830 1279 verzen.
1845 1219 1900 1279 Hij
1919 1219 1977 1279 was
2000 1219 2062 1279 zelł
2080 1219 2132 1279 een
2158 1219 2341 1279 hartstoch-

574 1240 726 1300 maticus,
765 1240 810 1300 die
838 1240 952 1300 overal
972 1240 1029 1300 zijn
1063 1240 1185 1300 publiek
1217 1240 1293 1300 vond
1324 1240 1354 1300 en
1385 1240 1438 1300 ook

1468 1259 1558 1319 telijk
1590 1258 1911 1318 muzlekliefhebber,
1927 1258 1981 1318 zijn
2009 1258 2102 1318 vrouw
2139 1258 2201 1318 was
2225 1259 2338 1319 zange-

574 1277 638 1337 niet
662 1279 757 1339 enkel
777 1279 807 1339 de
834 1279 1052 1339 meesterlijke
1079 1279 1228 1339 verteller
1255 1279 1346 1339 wiens
1374 1278 1446 1338 boe¬

1466 1298 1541 1358 res,
1553 1300 1610 1360 zijn
1637 1298 1731 1358 zoon,
1747 1298 1789 1358 die
1812 1297 1903 1357 thans
1926 1297 2161 1357 tooneelspeler
2184 1297 2215 1357 en
2242 1299 2340 1359 regis¬

574 1316 629 1376 ken
661 1318 724 1378 zich
760 1318 810 1378 ver
842 1319 948 1379 buiten
980 1318 1036 1378 het
1064 1318 1170 1378 gebied
1206 1318 1256 1378 der
1288 1318 1442 1378 Duitsche

1472 1338 1547 1398 seur
1570 1338 1611 1398 is,
1635 1336 1721 1396 wilde
1748 1336 1831 1396 eerst
1854 1336 1990 1396 dirigent
2017 1336 2157 1396 worden.
2176 1336 2240 1396 Men
2271 1338 2338 1398 out¬

579 1357 647 1417 taal
667 1357 910 1417 verspreidden.
926 1356 1105 1416 Schnitzler
1128 1356 1189 1416 was
1216 1356 1265 1416 een
1288 1356 1357 1416 stuk
1388 1356 1440 1416 van

1476 1374 1590 1434 moette
1619 1375 1670 1435 den
1704 1375 1828 1435 dichter
1855 1374 1927 1434 vaak
1961 1374 1993 1434 op
2023 1374 2210 1434 concerten,
2233 1377 2262 1437 en
2295 1379 2342 1439 hij

573 1395 627 1455 ons
650 1395 754 1455 leven,
769 1398 800 1458 de
823 1398 938 1458 laatste
962 1398 1027 1458 zuil
1043 1395 1096 1455 van
1119 1396 1177 1456 ons
1200 1398 1438 1458 Oostenrijksch

1475 1413 1539 1473 was
1574 1414 1626 1474 een
1672 1416 1873 1476 geestdriftig
1904 1416 2086 1476 aanhanger
2120 1414 2173 1474 van
2207 1416 2344 1476 Mahler,

581 1434 745 1494 verleden.
785 1435 847 1495 Met
894 1437 949 1497 hem
988 1437 1015 1497 is
1043 1435 1093 1495 een
1125 1434 1273 1494 Weensch
1305 1437 1438 1497 tijdperk

1469 1452 1541 1512 toen
1566 1455 1634 1515 deze
1659 1455 1711 1515 nog
1736 1457 1792 1517 zijn
1813 1456 1901 1516 strijd
1927 1455 1971 1515 als
1987 1455 2263 1515 opera-directeur
2283 1455 2335 1515 had

579 1473 720 1533 voorbij,
740 1477 771 1537 of
799 1476 885 1536 beter
913 1476 990 1536 nog,
1011 1476 1065 1536 het
1089 1476 1112 1536 is
1144 1476 1363 1536 geschiedenis
1395 1476 1446 1536 ge¬

1472 1491 1553 1551 door
1577 1494 1603 1554 te
1631 1494 1762 1554 maken.

579 1513 735 1573 worden.

1510 1532 1570 1592 Een
1609 1533 1840 1593 merkwaardig
1875 1533 2038 1593 fanaticus
2069 1533 2126 1593 van
2164 1533 2194 1593 de
2229 1533 2338 1593 plano¬

621 1550 683 1610 Wij
700 1553 820 1613 hebben
850 1553 916 1613 hier
942 1553 1016 1613 heel
1038 1552 1108 1612 veel
1129 1553 1171 1613 zin
1204 1553 1275 1613 voor
1300 1553 1445 1613 geschie¬

1476 1571 1710 1631 paedagogiek,
1726 1571 1758 1631 de
1783 1571 1851 1631 zeer
1876 1571 2026 1631 begaafde
2051 1571 2111 1631 Van
2140 1572 2236 1632 Jung,
2253 1571 2341 1631 heeft

581 1591 686 1651 denis,
730 1592 761 1652 en
796 1592 847 1652 wij
871 1592 988 1652 hadden
1024 1592 1078 1652 het
1102 1592 1227 1652 onszelf
1255 1592 1340 1652 reeds
1372 1593 1438 1653 lang

1476 1610 1657 1670 Schnitzler
1682 1610 1766 1670 sterk
1799 1610 1960 1670 beinvloed
1989 1610 2057 1670 toen
2090 1610 2134 1670 hij
2159 1611 2215 1671 zijn
2247 1611 2336 1671 „Weg

583 1631 700 1691 moeten
727 1632 841 1692 zeggen
868 1631 924 1691 dat
944 1631 1015 1691 deze
1038 1631 1163 1691 periode
1190 1631 1304 1691 geheel
1323 1631 1448 1691 voorbij

1477 1651 1522 1711 ins
1556 1650 1658 1710 Freie"
1693 1649 1840 1709 schreef;
1867 1649 1901 1709 en
1936 1649 1988 1709 ook
2023 1650 2056 1710 de
2087 1651 2333 1711 redevoeringen

579 1668 661 1728 was,
709 1670 768 1730 ook
803 1670 878 1730 voor
910 1670 1031 1730 Arthur
1063 1671 1259 1731 Schnitzler.
1283 1671 1373 1731 Maar
1405 1674 1452 1734 hij

1475 1689 1549 1749 over
1573 1691 1604 1751 de
1632 1691 1803 1751 bevrijding
1831 1691 1882 1751 der
1902 1691 2015 1751 Joden,
2035 1691 2078 1751 die
2102 1691 2164 1751 men
2192 1691 2215 1751 in
2242 1691 2332 1751 dezen

583 1709 763 1769 doorleefde
787 1709 865 1769 haar
889 1710 990 1770 steeds
1015 1711 1179 1771 opnieuw,
1195 1712 1222 1772 in
1246 1712 1300 1772 zijn
1333 1712 1446 1772 laatste

1475 1730 1584 1790 roman
1613 1730 1710 1790 vindt,
1726 1730 1801 1790 gaan
1825 1730 1911 1790 terug
1935 1730 1970 1790 op
1990 1730 2143 1790 inzichten
2174 1730 2225 1790 van
2249 1730 2351 1790 Jung.

581 1747 703 1807 werken
735 1750 805 1810 deed
837 1750 880 1810 zij
904 1750 994 1810 reeds
1023 1748 1231 1808 spookachtig
1263 1750 1338 1810 aan,
1362 1750 1448 1810 maar

1510 1770 1553 1830 Al
1589 1768 1660 1828 deze
1699 1768 1869 1828 menschen
1916 1768 1959 1828 uit
1999 1768 2030 1828 de
2070 1769 2240 1829 omgeving
2283 1768 2338 1828 van

583 1789 626 1849 zij
646 1786 720 1846 dééd
748 1788 802 1848 ons
830 1789 903 1849 jets.
927 1789 966 1849 En
994 1789 1049 1849 het
1073 1789 1123 1849 zal
1147 1789 1178 1849 de
1206 1789 1276 1849 taak
1307 1789 1358 1849 van
1390 1789 1440 1849 een

1476 1807 1659 1867 Schnitzler
1680 1808 1734 1868 zijn
1759 1807 1992 1867 uitgestorven,
2009 1808 2271 1868 weggetrokken,
2288 1808 2334 1868 ten

575 1828 656 1888 goed
685 1825 879 1885 psycholoog
909 1828 985 1888 zijn,
1004 1828 1036 1888 om
1077 1827 1110 1887 de
1139 1828 1238 1888 eerste
1267 1828 1439 1888 indrukker

1474 1848 1594 1908 gronde
1630 1846 1768 1906 gegaan.
1797 1846 1860 1906 Met
1889 1845 1938 1905 een
1978 1843 2215 1903 monomaniscu
2251 1843 2343 1903 fana¬

585 1865 636 1925 van
667 1867 722 1927 den
754 1865 875 1925 dichter
902 1867 1083 1927 Schnitzler
1110 1865 1141 1925 en
1173 1867 1231 1927 hun
1259 1867 1443 1927 nawerking

1476 1885 1571 1945 tisme
1601 1885 1663 1945 riep
1693 1885 1742 1945 hij
1763 1885 1888 1945 telkens
1918 1885 1942 1945 in
1976 1883 2096 1943 nieuwe
2130 1885 2271 1945 werken,
2292 1884 2338 1944 die

580 1905 609 1965 te
638 1906 879 1966 onderzoeken.

613 1942 677 2002 Zijn
739 1944 927 2004 problemen
989 1944 1209 2004 veranderden
1247 1944 1454 2004 nauwelijks.

583 1983 700 2043 slechts
731 1983 787 2043 hun
818 1983 981 2043 oplossing
1012 1983 1053 2043 is,
1076 1983 1103 2043 in
1133 1983 1300 2043 oneindige
1327 1983 1448 2043 menig¬

584 2024 785 2084 vuldigheid,
802 2022 902 2082 rijker
927 2022 1113 2082 geworden.
1133 2022 1205 2082 Wij,
1226 2023 1258 2083 de
1283 2022 1448 2082 bewonde¬

581 2063 672 2123 raars
699 2064 744 2124 uit
764 2062 820 2122 zijn
852 2061 1030 2121 nabijheid,
1050 2061 1148 2121 waren
1179 2061 1213 2121 de
1237 2061 1373 2121 laatsten
1400 2062 1434 2122 om

587 2103 638 2163 dat
689 2100 716 2160 te
752 2103 928 2163 erkennen.
952 2101 1069 2161 Zeker,
1093 2100 1144 2160 het
1176 2102 1273 2162 waren
1309 2100 1446 2160 eeuwige

587 2141 787 2201 problemen,
803 2141 889 2201 maar
913 2141 944 2201 de
972 2139 1054 2199 wijze
1082 2139 1203 2199 waarop
1227 2141 1274 2201 hyj
1291 2141 1349 2201 zich
1377 2141 1447 2201 deze

582 2180 699 2240 stelde,
720 2180 801 2240 werd
830 2180 902 2240 door
927 2182 984 2242 zijn
1013 2182 1065 2242 tijd
1094 2180 1244 2240 bepaald.

619 2335 804 2395 Schnitzler
849 2333 937 2393 kwam
978 2335 1047 2395 niet
1067 2335 1111 2395 los
1140 2335 1192 2395 van
1225 2335 1277 2395 den
1306 2335 1438 2395 afschuw

590 2375 660 2435 voor
688 2374 742 2434 den
770 2374 868 2434 dood,
888 2374 919 2434 en
950 2374 1024 2434 geen
1056 2372 1271 2432 overweging,
1291 2374 1392 2434 troost
1420 2375 1451 2435 of

583 2413 800 2473 overwinning
847 2413 904 2473 kon
935 2413 988 2473 hem
1031 2413 1103 2473 over
1127 2413 1218 2473 dezen
1249 2413 1447 2473 zinneloozen

579 2454 717 2514 afschuw
772 2452 851 2512 heen
903 2454 1037 2514 helpen.
1057 2452 1119 2512 Zijn
1151 2452 1384 2512 levensdrang,
1404 2454 1451 2514 die

581 2491 612 2551 te
632 2494 750 2554 midden
774 2494 829 2554 van
853 2492 904 2552 een
928 2492 951 2552 in
979 2494 1034 2554 zijn
1058 2493 1238 2553 jeugdjaren
1263 2494 1309 2554 zoo
1329 2492 1451 2552 levens¬

581 2532 695 2592 lustige
757 2532 830 2592 stad
865 2532 952 2592 tegen
995 2532 1087 2592 dezen
1126 2532 1221 2592 angst
1252 2532 1279 2592 in
1317 2532 1451 2592 opstand

590 2571 704 2631 kwam,
724 2571 818 2631 zocht
842 2571 920 2631 naar
944 2571 999 2631 het
1023 2572 1132 2632 groote
1160 2572 1455 2632 verdoovingsmid-

587 2611 656 2671 del:
682 2610 808 2670 Liefde.

626 2649 705 2709 Voor
739 2649 793 2709 wie
827 2649 923 2709 liefde
952 2649 1044 2709 kent,
1070 2651 1191 2711 schijnt
1220 2649 1254 2709 de
1284 2649 1337 2709 zon
1371 2651 1454 2711 nog;

590 2689 664 2749 voor
712 2691 746 2751 de
774 2688 891 2748 dooden
927 2691 989 2751 niet
1017 2691 1115 2751 meer.
1139 2689 1185 2749 „Ik
1221 2688 1271 2748 ken
1303 2689 1385 2749 niets
1413 2691 1447 2751 op

588 2729 678 2789 aarde
710 2729 765 2789 dat
789 2729 942 2789 zekerder
970 2728 1024 2788 is.“
1056 2727 1107 2787 Dit
1135 2727 1225 2787 besef
1253 2728 1367 2788 verliet
1395 2729 1445 2789 den

581 2768 642 2828 arts
670 2768 850 2828 Schnitzler
873 2768 977 2828 nooit,
996 2766 1042 2826 die
1066 2765 1234 2825 overigens
1262 2765 1311 2825 een
1342 2767 1453 2827 uitste¬

587 2810 664 2870 kend
693 2807 833 2867 medicus
867 2807 944 2867 was,
967 2807 996 2867 en
1029 2807 1099 2867 zeer
1125 2807 1243 2867 geacht
1270 2805 1347 2865 werd
1380 2807 1454 2867 door

581 2845 640 2905 zijn
672 2848 842 2908 collega’s.
862 2846 976 2906 Sedert
1004 2848 1170 2908 tientallen
1202 2846 1289 2906 jaren
1321 2847 1451 2907 oefende

585 2889 640 2949 hij
679 2888 753 2948 geen
785 2888 921 2948 praktijk
953 2885 1039 2945 meer
1066 2887 1125 2947 uit,
1145 2885 1234 2945 maar
1258 2885 1305 2945 hij
1329 2886 1449 2946 verloor

585 2927 659 2987 toch
699 2927 761 2987 niet
785 2927 835 2987 den
859 2927 1039 2987 treurigen,
1055 2927 1285 2987 goedaardigen
1313 2927 1367 2987 blik
1395 2927 1445 2987 van

585 2965 648 3025 den
676 2965 759 3025 arts.

629 3004 747 3064 Leven,
763 3004 853 3064 liefde
877 3004 908 3064 en
932 3004 1089 3064 dood....
1109 3004 1160 3064 dat
1180 3004 1258 3064 alles
1278 3004 1357 3064 werd
1381 3004 1455 3064 voor

587 3046 645 3106 den
677 3043 958 3103 Oostenrijkschen
990 3043 1115 3103 dichter
1159 3043 1233 3103 spel
1257 3043 1287 3103 en
1319 3043 1444 3103 theater

586 3082 726 3142 Evenals
751 3082 1005 3142 Hofmannsthal
1031 3082 1107 3142 werd
1132 3082 1175 3142 hij
1196 3082 1354 3142 bevangen
1382 3082 1450 3142 door

1731 3100 1858 3160 Arthur
1886 3097 2101 3157 Schnitzler.

588 3124 706 3184 twijfel
730 3124 788 3184 aan
824 3124 855 3184 de
891 3122 1149 3182 werkelijkheid,
1173 3122 1247 3182 door
1279 3122 1314 3182 de
1346 3124 1436 3184 zeker

592 3162 659 3222 heid
686 3162 741 3222 dat
765 3162 796 3222 de
828 3162 949 3222 mensch
985 3160 1071 3220 ieder
1099 3162 1263 3222 oogenblik
1295 3161 1346 3221 het
1370 3161 1452 3221 offer

1485 3180 1549 3240 toch
1592 3180 1782 3240 nauwelijks
1821 3177 1950 3237 bleeker
1976 3177 2118 3237 werden,
2140 3180 2200 3240 hun
2234 3181 2346 3241 wereld

592 3201 648 3261 van
679 3201 732 3261 een
763 3202 933 3262 toevallige
964 3201 1176 3261 ontmoeting,
1203 3201 1252 3261 een
1283 3201 1453 3261 toevallige

1484 3219 1621 3279 opnieuw
1657 3219 1711 3279 op.
1735 3218 1797 3278 Het
1825 3217 1903 3277 werd
1931 3217 2001 3277 zeer
2029 3218 2161 3278 eenzaam
2217 3219 2240 3279 in
2283 3222 2341 3282 zijn

592 3240 760 3300 opwelling
784 3241 838 3301 kan
866 3241 940 3301 zijn.
960 3241 1050 3301 Alsof
1067 3241 1125 3301 zijn
1149 3240 1278 3300 bestaan
1302 3240 1376 3300 door
1400 3241 1450 3301 een

1485 3260 1621 3320 familie.
1638 3258 1678 3318 De
1703 3257 1824 3317 dichter
1844 3255 1945 3315 leefde
1965 3258 2086 3318 alleen,
2099 3258 2155 3318 zijn
2184 3258 2252 3318 zoon
2285 3258 2345 3318 was

586 3279 687 3339 droom
725 3281 826 3341 geleid
856 3281 969 3341 wordt.

1480 3299 1564 3359 naar
1593 3298 1705 3358 Berlijn
1738 3297 1932 3357 getrokken,
1953 3297 2009 3357 zijn
2042 3296 2171 3356 dochter
2203 3297 2259 3357 had
2288 3297 2340 3357 een

629 3321 982 3381 Literatuur-historici
1002 3321 1101 3381 zullen
1128 3321 1188 3381 met
1212 3319 1318 3379 weinig
1341 3321 1451 3381 moeite

1489 3338 1722 3398 Italiaanschen
1755 3335 1876 3395 officier
1904 3335 2034 3395 gehuwd
2062 3334 2094 3394 en
2127 3333 2187 3393 was
2216 3338 2344 3398 spoedig

596 3356 705 3416 vooral
736 3359 762 3419 in
797 3359 857 3419 zijn
895 3359 1008 3419 oudere
1047 3356 1167 3416 werken
1210 3356 1277 3416 veel
1308 3359 1448 3419 plaatser

1485 3377 1601 3437 daarop
1630 3375 1658 3435 te
1686 3375 1811 3435 Venetié
1840 3374 2029 3434 gestorven;
2050 3374 2211 3434 sindsdien
2244 3376 2268 3436 is
2296 3377 2348 3437 het

587 3398 704 3458 vinden
732 3398 814 3458 waar
838 3398 959 3458 toeval,
975 3398 1057 3458 spel,
1073 3398 1190 3458 twijfel
1210 3398 1304 3458 leiden
1332 3398 1378 3458 tot
1398 3398 1449 3458 een

1487 3416 1551 3476 met
1577 3416 1757 3476 Schnitzler
1792 3414 1882 3474 nooit
1912 3416 1993 3476 meer
2029 3413 2101 3473 goed
2140 3416 2260 3476 gesteld
2295 3416 2350 3476 ge¬

592 3437 835 3497 verloochening
859 3437 914 3497 van
942 3437 993 3497 het
1013 3437 1064 3497 1k.
1076 3437 1205 3497 evenals
1229 3437 1280 3497 dat
1296 3435 1453 3495 ongeveer

1489 3453 1605 3513 weest.

592 3476 781 3536 gelijktüdig
806 3478 849 3538 bij
866 3477 918 3537 den
943 3477 1225 3537 Oostenrijkschen
1250 3476 1395 3536 physicus
1420 3476 1447 3536 en

1526 3496 1564 3556 De
1591 3494 1684 3554 tijden
1715 3493 1818 3553 waren
1848 3491 1985 3551 voorbij,
2003 3494 2054 3554 dat
2076 3494 2131 3554 zijn
2162 3494 2354 3554 vaderland,

582 3515 755 3575 philosoof
775 3517 872 3577 Ernst
893 3518 973 3578 Mach
1002 3518 1054 3578 het
1075 3516 1167 3576 geval
1184 3518 1265 3578 was.
1277 3518 1333 3578 Ten
1362 3518 1450 3578 slotte

1487 3535 1540 3595 het
1574 3532 1733 3592 officieele
1771 3530 1971 3590 Oostenrijk,
1992 3531 2054 3591 zich
2088 3532 2225 3592 vijandig
2255 3532 2342 3592 tegen

592 3555 668 3615 vond
691 3556 950 3616 Hofmannsthal
970 3555 1041 3615 voor
1065 3556 1095 3616 al
1115 3556 1183 3616 deze
1210 3556 1369 3616 raadselen
1397 3556 1449 3616 van

1482 3572 1542 3632 hem
1578 3572 1708 3632 toonde.
1728 3571 1792 3631 Men
1821 3571 1893 3631 wist
1915 3569 2003 3629 reeds
2032 3571 2096 3631 lang
2128 3571 2181 3631 wie
2206 3571 2254 3631 hij
2274 3572 2354 3632 was,

594 3597 624 3657 de
655 3595 1011 3655 verschijningswereld
1042 3598 1098 3658 zijn
1129 3596 1288 3656 oplossing
1319 3598 1352 3658 en
1383 3595 1455 3655 syn-

1489 3613 1573 3673 maar
1594 3613 1646 3673 het
1662 3613 1714 3673 kon
1743 3610 1803 3670 niet
1824 3609 2005 3669 uitblijven,
2017 3610 2069 3670 dat
2086 3610 2130 3670 hij
2147 3610 2348 3670 vervreemd¬

592 3634 696 3694 these.
712 3634 899 3694 Schnitzler
922 3637 1000 3697 niet.

1488 3649 1519 3709 de
1551 3652 1601 3712 van
1629 3652 1683 3712 cen
1711 3652 1840 3712 jongere
1868 3649 2043 3709 generatie,
2063 3649 2184 3709 zoowel
2208 3652 2274 3712 hier
2298 3652 2345 3712 als

627 3673 674 3733 Er
725 3674 787 3734 was
843 3673 894 3733 een
929 3675 999 3735 type
1031 3676 1078 3736 uit
1106 3675 1160 3735 zijn
1196 3674 1380 3734 omgeving,
1404 3676 1459 3736 dat

1487 3690 1611 3750 eldere.

586 3712 769 3772 Schnitzler
831 3709 857 3769 in
895 3713 1078 3773 bijzondere
1114 3715 1197 3775 mate
1232 3715 1388 3775 aantrok:
1419 3715 1453 3775 de

1526 3729 1610 3789 Maar
1639 3729 1703 3789 niet
1728 3729 1780 3789 van
1809 3729 1885 3789 ons:
1910 3726 1970 3786 Wij
1991 3726 2185 3786 bespeurden
2217 3729 2274 3789 nog
2302 3728 2350 3788 tot

591 3753 734 3813 officier,
756 3752 800 3812 die
826 3752 1006 3812 toenmaals
1036 3750 1120 3810 meer
1146 3751 1200 3811 dan
1230 3753 1289 3813 alle
1315 3753 1450 3813 anderen

1488 3769 1540 3829 het
1560 3768 1745 3828 allerlaatst
1769 3768 1799 3828 de
1826 3768 1981 3828 nabijheid
2008 3766 2038 3826 en
2069 3767 2103 3827 de
2130 3768 2266 3828 zwaarte
2293 3768 2342 3828 van

596 3792 627 3852 de
654 3792 859 3852 beminnende
881 3792 912 3852 en
939 3792 1081 3852 beminde
1108 3792 1170 3852 man
1202 3791 1276 3851 was,
1292 3790 1307 3850 —
1345 3791 1376 3851 en
1403 3796 1449 3856 die
1477 3807 1524 3867 al
1540 3809 1671 3869 datgene
1698 3807 1756 3867 wat
1778 3807 1809 3867 de
1830 3807 1946 3867 dichter
1967 3807 1998 3867 op
2025 3807 2083 3867 zich
2115 3807 2262 3867 genomen
2289 3807 2341 3867 had

593 3831 654 3891 toch
689 3831 742 3891 ook
777 3831 869 3891 altijd
900 3831 949 3891 ten
984 3831 1083 3891 doode
1115 3831 1217 3891 bereid
1252 3831 1355 3891 moest
1386 3834 1439 3894 zijn

1485 3846 1512 3906 te
1541 3847 1674 3907 zeggen.
1694 3846 1755 3906 Wij
1775 3846 1953 3906 bemerkten
1986 3846 2054 3906 zeer
2078 3846 2247 3906 duidelijk,
2268 3846 2340 3906 welk

597 3870 638 3930 De
677 3870 813 3930 dikwijls
855 3870 1079 3930 lichtzinnige,
1110 3872 1197 3932 maar
1235 3873 1372 3933 meestal
1406 3870 1455 3930 be¬

1484 3885 1536 3945 een
1563 3888 1771 3948 kunstenaar,
1786 3885 1858 3945 welk
1885 3885 1930 3945 een
1957 3885 2179 3945 zielenkenner
2199 3886 2259 3946 met
2278 3885 2330 3945 hem

1488 3926 1660 3986 heenging.
1676 3923 1754 3983 Vóór
1778 3924 1855 3984 alles
1875 3923 2001 3983 echter:
2025 3921 2075 3981 wij
2095 3923 2259 3983 vereerden
2291 3924 2341 3984 den

1486 3965 1658 4025 goedigen,
1670 3965 1857 4025 voornamen
1885 3962 2026 4022 mensch,
2042 3962 2084 4022 die
2108 3962 2158 4022 ver
2175 3964 2264 4024 stond
2288 3962 2338 4022 van

1478 4004 1550 4064 alie
1570 4004 1812 4064 drukdoenerij,
1829 4003 1877 4063 den
1905 4001 1953 4061 ver
1974 4001 2026 4061 van
2051 4001 2103 4061 het
2123 4004 2341 4064 alledaagsche

1485 4045 1713 4105 verwijderden
1750 4043 1886 4103 dichter,
1905 4043 1950 4103 die
1978 4042 2023 4102 hij
2046 4040 2123 4100 was.

2045 4078 2144 4138 PAUL
2178 4082 2353 4142 STEFAN.

1527 4113 1655 4173 (Nadruk
1688 4112 1868 4172 verboden).
