3248 4384
240 375 315 435 2.
374 381 966 441 Schnitzler's
1034 382 1262 442 Death

1483 381 1613 441 box
1692 385 1876 445 43/5

1651 892 2366 952 OBSERVER

1732 951 1754 1011 I.
1768 954 1890 1014 österr.
1904 954 2052 1014 behördl.
2067 960 2373 1020 konzessioniertes

1688 992 1924 1052 Unternehmen
1956 996 2004 1056 für
2027 1000 2415 1060 Zeitungs-Ausschnitte

1744 1051 1892 1111 WIEN,
1920 1056 1966 1116 I.,
1994 1061 2277 1121 WOLLZEILE
2318 1067 2364 1127 11

1832 1106 2053 1166 TELEPHON
2089 1109 2264 1169 R-23-0-43

1634 1243 1860 1303 Ausschnitt
1882 1247 1973 1307 aus:

1641 1518 1956 1578 Ausschnitt
1993 1524 2065 1584 aus

1677 1700 1874 1760 Pfälzische
1914 1689 2127 1749 Rundschau
2167 1680 2435 1740 Ludwigchafen

1642 1807 1732 1867 Nr.
1875 1814 2015 1874 hvom.

2164 1826 2521 1886 193

1601 1948 1705 2008 Wissen
1761 1948 1794 2008 um
1839 1948 1888 2008 den
1927 1948 2004 2008 Tod.
2044 1945 2142 2005 Ueber
2171 1945 2214 2005 all
2237 1948 2319 2008 dem,
2359 1946 2419 2006 was
2453 1946 2480 2006 er

1602 1984 1720 2044 schrieb,
1737 1987 1855 2047 könnten
1882 1987 1928 2047 des
1954 1987 2031 2047 alten
2063 1987 2255 2047 ontane
2281 1984 2358 2044 müde
2385 1984 2487 2044 Worte

1601 2023 1720 2083 stehen:

1679 2071 1859 2131 „Frühling.
1881 2068 2034 2128 Sommer.
2051 2068 2156 2128 Herbst
2184 2066 2236 2126 und
2263 2066 2395 2126 Winter,

1674 2116 1744 2176 Ach.
1770 2116 1795 2176 es
1831 2116 1861 2176 ist
1887 2116 1963 2176 nicht
1994 2116 2055 2176 viel
2080 2114 2237 2174 dahinter.

1634 2158 1713 2218 Man
1748 2159 1801 2219 hat
1831 2160 1984 2220 Schnitzler
2019 2160 2063 2220 oft
2089 2160 2295 2220 angegriffen.

2331 2160 2398 2220 man
2432 2160 2488 2220 hat

1604 2196 1646 2256 ihm
1690 2197 1766 2257 einen
1801 2196 1882 2256 bösen
1916 2196 2079 2256 Zynismus
2108 2196 2132 2256 in
2166 2196 2237 2256 allen
2272 2196 2482 2256 Liebesdingen

1603 2233 1825 2293 vorgeworfen,
1839 2235 1894 2295 sein
1926 2234 2067 2294 „Reigen“
2095 2232 2126 2292 ist
2149 2232 2199 2292 der
2223 2232 2313 2292 Anlaß
2345 2232 2368 2292 zu
2396 2232 2477 2292 einem

682 2236 749 2296 Zum
801 2233 894 2293 Lode
929 2234 988 2294 von
1031 2234 1167 2294 Arthur
1202 2232 1405 2292 Schnitzler:

1601 2271 1705 2331 großen
1739 2271 1849 2331 Prozeß
1878 2271 2021 2331 gewesen.
2060 2268 2140 2328 Aber
2170 2271 2198 2331 im
2242 2271 2360 2331 Grunde
2390 2271 2484 2331 seines

1602 2308 1733 2368 Herzens
1764 2307 1824 2367 war
1856 2307 1886 2367 er
1911 2307 1982 2367 nie
2008 2307 2175 2367 zynisch.

828 2327 910 2387 Der
942 2330 1055 2390 letzte
1098 2327 1419 2387 Besterreicher

1643 2361 1681 2421 Er
1714 2363 1774 2423 war
1809 2363 1853 2423 ein
1892 2364 2058 2424 Skeptiker,
2080 2363 2135 2423 und
2170 2364 2246 2424 diese
2280 2364 2391 2424 Skepsis
2424 2360 2490 2420 ent¬

715 2390 790 2450 Man
818 2392 909 2452 kennt
932 2388 985 2448 sein
1013 2390 1110 2450 Bild:
1132 2390 1175 2450 ein
1203 2390 1295 2450 etwas
1328 2390 1571 2450 melancholischer

1603 2399 1729 2459 stammte
1757 2398 1847 2458 seinem
1889 2399 2038 2459 Arzttum.
2057 2399 2097 2459 Er
2125 2398 2174 2458 hat
2197 2398 2269 2458 diese
2292 2399 2487 2459 Vergangen¬

678 2428 756 2488 Herr
781 2429 840 2489 mit
865 2429 1036 2489 rotblondem
1076 2427 1228 2487 Spitzbart
1258 2427 1311 2487 und
1341 2426 1424 2486 einer
1449 2426 1562 2486 schönen

1604 2435 1664 2495 heit
1688 2435 1734 2495 nie
1763 2435 1936 2495 verleugnen
1970 2435 2095 2495 können.
2133 2435 2180 2495 So
2209 2435 2264 2495 wie
2288 2435 2316 2495 er
2345 2435 2368 2495 in
2401 2435 2494 2495 seiner

681 2465 776 2525 Locke,
798 2465 839 2525 die
882 2465 977 2525 kokett
1004 2465 1029 2525 in
1062 2465 1103 2525 die
1130 2465 1220 2525 Stirn
1247 2465 1336 2525 fällt.
1368 2462 1426 2522 Die
1453 2463 1568 2523 schwer¬

1603 2471 1689 2531 ersten
1721 2471 1848 2531 Novelle
1880 2471 2043 2531 „Sterben“
2080 2471 2134 2531 mit
2162 2471 2211 2531 dem
2257 2473 2484 2533 unerbittlichen

662 2501 797 2561 mütigen
826 2501 947 2561 Augen,
962 2501 1005 2561 die
1030 2501 1199 2561 manchmar
1214 2501 1305 2561 einen
1330 2501 1402 2561 recht
1422 2501 1562 2561 zynischen

1597 2507 1711 2567 Messer
1736 2507 1783 2567 des
1807 2508 1979 2568 erfahrenen
2009 2507 2171 2567 Chirurgen
2201 2509 2248 2569 die
2268 2510 2363 2570 letzten
2392 2507 2492 2567 Stun¬

680 2537 830 2597 Ausdruck
852 2539 1008 2599 annehmen
1041 2537 1186 2597 konnten,
1203 2539 1299 2599 haben
1332 2538 1396 2598 ihre
1418 2537 1558 2597 Wirkung
1591 2542 1655 2602 den
1699 2544 1779 2604 eines
1812 2546 1962 2606 Menschen
2000 2546 2113 2606 seziert,
2141 2546 2237 2606 genau
2270 2546 2296 2606 so
2329 2546 2490 2606 betrachtet

675 2576 730 2636 auf
759 2576 801 2636 die
829 2576 945 2636 Frauen
979 2573 1029 2633 nie
1058 2575 1198 2635 verfehlt.
1240 2574 1305 2634 Erst
1334 2573 1357 2633 in
1390 2574 1436 2634 den
1474 2576 1562 2636 letzten

1605 2582 1631 2642 er
1662 2582 1719 2642 mit
1745 2582 1789 2642 dem
1855 2582 2031 2642 forschenden
2085 2582 2141 2642 und
2177 2585 2296 2645 zugleich
2332 2582 2481 2642 wissenden

679 2611 809 2671 Jahren,
829 2611 875 2671 als
899 2611 922 2671 er
946 2610 988 2670 die
1011 2608 1123 2668 Sechzig
1152 2611 1221 2671 schon
1250 2612 1347 2672 längst
1367 2611 1562 2671 überschritten

1605 2617 1698 2677 Blicke
1722 2616 1772 2676 des
1801 2617 1954 2677 Klinikers
1983 2617 2028 2677 die
2057 2617 2215 2677 Probleme
2243 2617 2290 2677 der
2318 2619 2401 2679 Liebe
2430 2617 2485 2677 und

675 2647 777 2707 hatte,
793 2647 926 2707 tauchten
958 2647 1003 2707 die
1030 2647 1137 2707 weißen
1169 2647 1323 2707 Strähnen
1354 2649 1415 2709 auf,
1437 2647 1492 2707 und
1519 2649 1564 2709 die
1601 2652 1657 2712 der
1678 2653 1755 2713 Ehe.
1791 2653 1832 2713 Es
1863 2653 1899 2713 ist
1921 2655 1971 2715 fast
1998 2656 2038 2716 ein
2070 2656 2306 2716 physiologisches
2332 2653 2496 2713 Interesse,

680 2686 853 2746 Koketterie
883 2683 1084 2743 verschwand.

1605 2687 1655 2747 das
1692 2689 1723 2749 er
1751 2689 1846 2749 diesen
1883 2692 1997 2752 Dingen
2034 2692 2303 2752 entgegenbringt;
2331 2693 2363 2753 er
2391 2692 2495 2752 spricht

719 2730 877 2790 „Flucht
906 2730 945 2790 in
985 2728 1048 2788 die
1082 2729 1347 2789 Finsternis“

1609 2725 1655 2785 von
1696 2728 1742 2788 der
1779 2728 1881 2788 Liebe,
1908 2728 1979 2788 aber
2011 2728 2067 2788 wie
2099 2730 2201 2790 einer,
2227 2731 2273 2791 der
2305 2731 2340 2791 sie
2377 2731 2423 2791 nie
2454 2730 2484 2790 in

1392 2730 1474 2790 heißt
1504 2731 1562 2791 sein

1597 2762 1760 2822 Wahrheit
1785 2764 1913 2824 erfahren
1948 2765 2011 2825 hat.

681 2767 776 2827 letztes
806 2764 907 2824 Werk.
953 2767 1017 2827 Nun
1058 2766 1108 2826 hat
1139 2765 1173 2825 er
1199 2767 1284 2827 selbst
1315 2767 1360 2827 die
1391 2767 1496 2827 Flucht
1527 2765 1571 2825 er¬

680 2803 802 2863 griffen.
842 2803 886 2863 Er
911 2803 1009 2863 stard,
1029 2803 1082 2863 wie
1112 2803 1141 2863 er
1166 2803 1195 2863 es
1230 2803 1269 2863 sich
1304 2806 1382 2866 wohl
1407 2803 1569 2863 gewünscht

1642 2807 1710 2867 Wie
1738 2809 1763 2869 so
1796 2809 1875 2869 viele
1902 2811 2023 2871 Aerzte,
2045 2809 2124 2869 besaß
2162 2810 2193 2870 er
2226 2810 2262 2870 ein
2295 2811 2400 2871 starkes
2432 2809 2495 2869 Ge¬

677 2838 767 2898 haben
822 2838 904 2898 mag:
945 2838 1013 2898 nach
1063 2838 1140 2898 einem
1186 2841 1390 2901 Spaziergang
1440 2840 1562 2900 zwischen

1605 2844 1669 2904 fühl
1700 2844 1745 2904 für
1781 2844 1936 2904 Musik.
1977 2846 2037 2906 Die
2069 2845 2204 2905 Melodie
2240 2847 2330 2907 seiner
2361 2847 2496 2907 Heimat,

679 2877 872 2937 Kahlenberg
904 2874 956 2934 und
983 2876 1257 2936 Hermannskogel.
1279 2877 1381 2937 mitten
1412 2877 1486 2937 durch
1518 2877 1566 2937 den

1604 2880 1675 2940 diese
1709 2883 1844 2943 seltsame
1873 2881 2022 2941 Mischung
2076 2883 2205 2943 zwischen
2244 2883 2398 2943 Leichtsinn
2437 2883 2494 2943 und

678 2913 835 2973 herrlichen
860 2913 962 2973 Herbst
982 2912 1031 2972 des
1056 2913 1179 2973 Wiener
1204 2913 1346 2973 Waldes,
1361 2916 1405 2976 der
1430 2915 1483 2975 sein
1508 2913 1571 2973 letz¬

1606 2919 1772 2979 Dekadenz,
1812 2919 1891 2979 diese
1936 2919 1964 2979 so
2014 2921 2117 2981 ganz
2167 2921 2491 2981 österreichische

678 2949 727 3009 ter
752 2949 836 3009 Trost
861 2949 1014 3009 geblieben
1049 2949 1127 3009 war.

1605 2957 1880 3017 Atmosphäre
1908 2955 1959 3015 hat
1978 2955 2006 3015 er
2029 2955 2169 3015 getroffen
2202 2958 2252 3018 wie
2281 2958 2336 3018 kein
2365 2958 2495 3018 zweiter.

1604 2991 1662 3051 Der
1693 2993 1883 3053 Junggeselle
1913 2991 2030 3051 Anatol
2056 2994 2109 3054 und
2144 2994 2192 3054 das
2222 2994 2315 3054 süße
2345 2994 2492 3054 Mädel

712 2995 787 3055 Sein
820 2994 879 3054 Tod
907 2994 939 3054 ist
961 2994 1010 3054 von
1043 2994 1091 3054 der
1114 2994 1232 3054 gleichen
1266 2997 1374 3057 Tragik
1396 2997 1575 3057 umwittert,

1672 3027 1705 3087 es
1742 3027 1798 3087 sind
1836 3029 1985 3089 eigentlich
2028 3029 2130 3089 immer
2182 3029 2326 3089 dieselben
2369 3029 2494 3089 Wiener

682 3032 726 3092 die
754 3032 840 3092 diesen
872 3032 1017 3092 graziösen
1054 3030 1176 3090 Wiener
1204 3032 1354 3092 Kavalier
1381 3032 1481 3092 immer
1508 3032 1558 3092 zum

1604 3065 1771 3125 Gestalten,
1813 3065 1859 3125 die
1893 3065 1915 3125 in
1953 3065 2027 3125 allen
2065 3065 2157 3125 seinen
2195 3065 2311 3125 Werken
2368 3065 2493 3125 wieder¬

680 3068 1019 3128 Melancholiker
1068 3068 1234 3128 stempelte.
1278 3070 1407 3130 Wenige
1441 3068 1570 3128 Monate

1608 3099 1721 3159 kehren,
1749 3102 1771 3162 in
1809 3101 1932 3161 anderer
1965 3101 2184 3161 Verkleidung,
2207 3104 2234 3164 in
2266 3104 2394 3164 anderer
2427 3103 2499 3163 Um¬

682 3102 731 3162 vor
759 3104 853 3164 seinem
895 3105 1053 3165 siebzigsten
1086 3104 1290 3164 Geburtstag,
1327 3107 1376 3167 der
1422 3107 1467 3167 ihn
1517 3104 1571 3164 mit

1608 3137 1739 3197 gebung,
1780 3137 1807 3197 in
1844 3138 1971 3198 anderer
2003 3140 2185 3200 Handlung.
2231 3140 2313 3200 Aber
2345 3140 2390 3200 ihr
2418 3140 2495 3200 Herz

682 3142 806 3202 reichsten
841 3142 999 3202 Ehrungen
1038 3142 1210 3202 erwartete,
1235 3143 1335 3203 mußte
1360 3143 1393 3203 er
1422 3142 1475 3202 aus
1509 3141 1551 3201 dem

1609 3173 1642 3233 ist
1666 3174 1713 3234 das
1743 3173 1866 3233 gleiche:
1891 3173 1919 3233 es
1953 3175 1986 3235 ist
2010 3173 2058 3233 das
2087 3176 2163 3236 Herz
2187 3177 2235 3237 des
2269 3177 2345 3237 alten
2374 3178 2498 3238 Oester¬

679 3179 772 3239 Leben
810 3179 916 3239 gehen.
959 3179 1103 3239 Freilich.
1141 3179 1257 3239 Arthur
1290 3179 1443 3239 Schnitzler
1490 3179 1569 3239 wäre

1604 3210 1690 3270 reich,
1710 3212 1885 3272 Schnitzlers
1914 3212 2030 3272 eigenes
2059 3212 2146 3272 Herz.

683 3215 730 3275 dem
774 3215 922 3275 offiziellen
956 3215 1061 3275 Prunk
1085 3215 1171 3275 dieser
1196 3215 1334 3275 Maitage
1364 3218 1425 3278 auch
1450 3216 1473 3276 so
1502 3214 1574 3274 aus¬

679 3250 837 3310 gewichen,
856 3252 888 3312 er
911 3250 974 3310 war
997 3250 1042 3310 ein
1070 3250 1174 3310 stiller,
1197 3253 1351 3313 einsamer,
1370 3253 1447 3313 alter
1470 3253 1565 3313 Mann

1633 3256 1697 3316 Die
1728 3257 1818 3317 junge
1849 3256 2030 3316 Generation
2066 3256 2121 3316 hat
2147 3256 2191 3316 sich
2227 3259 2372 3319 anderen,
2398 3259 2483 3319 neuen

679 3289 856 3349 geworden,
879 3286 951 3346 aber
979 3286 1056 3346 diese
1088 3289 1283 3349 Bestätigung
1320 3289 1411 3349 seines
1443 3289 1570 3349 Daseins

1611 3292 1724 3352 Göttern
1761 3292 1951 3352 zugewandt.
1993 3293 2056 3353 Für
2088 3294 2120 3354 sie
2152 3295 2338 3355 verkörperte
2371 3296 2493 3356 Schnitz¬

683 3328 741 3388 und
772 3325 865 3385 seiner
890 3325 993 3385 Werke
1023 3325 1107 3385 hätte
1137 3325 1181 3385 ihn
1216 3325 1275 3385 doch
1310 3325 1432 3385 erfreut.

1607 3328 1647 3388 ler
1674 3328 1740 3388 eine
1771 3328 1993 3388 aussterbende,
2015 3331 2174 3391 dekadente
2201 3331 2401 3391 Generation.
2423 3334 2498 3394 Ver¬

1604 3366 1790 3426 ständnislos
1842 3367 1917 3427 steht
1941 3366 1977 3426 sie
2007 3367 2095 3427 diesem
2142 3370 2371 3430 sentimentalen
2405 3370 2497 3430 Spiel

721 3372 762 3432 Im
798 3370 932 3430 Schaffen
970 3370 1145 3430 Schnitzlers
1172 3373 1228 3433 gab
1260 3373 1290 3433 es
1322 3373 1394 3433 zwei
1420 3373 1508 3433 Pole,
1529 3370 1575 3430 die

682 3409 728 3469 ihn
762 3409 812 3469 mit
841 3409 919 3469 einer
948 3409 1096 3469 seltsamen
1130 3408 1282 3468 magischen
1316 3409 1441 3469 Gewalt
1464 3409 1492 3469 im
1516 3407 1571 3467 ner
1604 3403 1646 3463 um
1693 3401 1781 3461 Liebe
1832 3400 1892 3460 und
1925 3401 1985 3461 Tod
2023 3403 2204 3463 gegenüber,
2251 3406 2339 3466 dieser
2372 3406 2493 3466 inneren

1609 3439 1886 3499 Ausgeglichenheit
1911 3439 1967 3499 und
1997 3440 2173 3500 Harmonie,
2217 3442 2260 3502 die
2289 3442 2365 3502 seine
2389 3445 2494 3505 Werke

683 3445 792 3505 wieder
816 3445 969 3505 anzogen:
1008 3445 1193 3505 Sterben
1242 3445 1318 3505 und
1362 3445 1576 3505 Liebelei.

1608 3474 1631 3534 so
1660 3474 1720 3534 klar
1748 3474 1803 3534 und
1832 3474 1934 3534 einfach
1962 3477 2148 3537 gestalteten.
2191 3477 2232 3537 Er
2260 3480 2320 3540 war
2349 3480 2404 3540 kein
2433 3480 2493 3540 Re¬

686 3482 779 3542 „Gibt
803 3480 830 3540 es
864 3480 942 3540 einen
980 3480 1170 3540 anständigen
1204 3480 1375 3540 Menschen.
1395 3483 1445 3543 der
1474 3483 1496 3543 in
1534 3480 1571 3540 ir¬

1608 3510 1798 3570 volutionär,
1844 3510 1875 3570 er
1908 3510 1971 3570 war
2003 3510 2043 3570 ein
2076 3513 2253 3573 Einsamer,
2294 3515 2339 3575 ein
2376 3516 2493 3576 Einzel¬

682 3519 754 3579 gend
787 3516 863 3576 einer
891 3517 972 3577 guten
1009 3516 1127 3576 Stunde
1155 3519 1181 3579 in
1214 3519 1322 3579 tiefster
1350 3518 1440 3578 Seele
1468 3516 1499 3576 an
1531 3516 1572 3576 et¬

1603 3549 1735 3609 ganger,
1758 3547 1806 3607 dem
1846 3546 1898 3606 das
1925 3549 2039 3609 private
2071 3549 2207 3609 Schicksal
2234 3552 2313 3612 mehr
2340 3552 2489 3612 bedeutete

682 3552 745 3612 was
773 3552 899 3612 anderes
927 3552 1014 3612 denkt
1037 3552 1082 3612 als
1110 3555 1146 3615 an
1178 3555 1232 3615 das
1260 3553 1455 3613 Sterben?“.
1474 3555 1569 3615 schrieb

1608 3584 1652 3644 als
1689 3582 1738 3642 das
1775 3585 1966 3645 allgemeine.
2012 3585 2093 3645 Aber
2126 3587 2275 3647 vielleicht
2321 3588 2357 3648 ist
2389 3591 2493 3651 gerade

678 3591 711 3651 er
735 3591 864 3651 einmal.
893 3591 998 3651 Dieser
1022 3591 1194 3651 anständige
1218 3591 1332 3651 Mensch
1357 3591 1433 3651 hatte
1457 3591 1571 3651 viele

1606 3618 1656 3678 das
1685 3621 1731 3681 der
1755 3621 1858 3681 tiefere
1882 3621 1986 3681 Grund
2010 3621 2112 3681 dafür,
2131 3624 2178 3684 daß
2212 3624 2272 3684 man
2301 3624 2375 3684 seine
2399 3625 2497 3685 Stücke

682 3627 776 3687 gute
813 3626 1003 3686 Stunden
1045 3627 1067 3687 in
1099 3627 1199 3687 seinem
1245 3627 1353 3687 Leben.
1395 3627 1471 3687 Eine
1504 3626 1571 3686 leise

1609 3657 1672 3717 noch
1707 3657 1814 3717 immer
1844 3660 1947 3720 spielt,
1972 3661 2020 3721 daß
2055 3660 2089 3720 sie
2119 3660 2177 3720 uns
2217 3663 2319 3723 immer
2354 3665 2412 3725 noch
2447 3663 2491 3723 er¬

677 3663 877 3723 Resignation
911 3663 985 3723 liegt
1018 3663 1087 3723 über
1116 3663 1157 3723 all
1186 3663 1278 3723 seinen
1316 3666 1488 3726 Romanen,
1512 3662 1572 3722 No¬

1610 3692 1740 3752 greifen.

686 3698 774 3758 vellen
812 3698 868 3758 und
896 3699 1152 3759 Theaterstücken;
1199 3701 1352 3761 Menschen
1385 3701 1440 3761 und
1473 3701 1571 3761 Dinge

683 3737 737 3797 sind
772 3735 821 3795 von
856 3735 934 3795 einem
979 3737 1215 3797 eigentümlichen
1250 3737 1427 3797 herbstlichen
1463 3737 1571 3797 Hauche

1644 3742 1687 3802 In
1720 3740 1773 3800 den
1806 3740 1903 3800 letzten
1937 3741 2050 3801 Jahren
2088 3740 2125 3800 ist
2153 3741 2179 3801 es
2212 3743 2304 3803 stiller
2337 3746 2488 3806 geworden

668 3773 830 3833 umweht,
868 3776 911 3836 sie
937 3776 1044 3836 leben,
1082 3776 1157 3836 aber
1182 3777 1276 3837 dieses
1308 3778 1402 3838 Leben
1459 3779 1496 3839 ist
1522 3779 1565 3839 ein
1603 3779 1646 3839 um
1691 3781 1866 3841 Schnitzler,
1892 3780 1948 3840 und
1980 3781 2048 3841 auch
2080 3782 2130 3842 der
2163 3782 2287 3842 Dichter
2319 3783 2400 3843 selbst
2426 3786 2463 3846 tu
