3392 4384
715 297 802 357 1928

286 579 497 639 Muur
552 583 883 643 Sehattzle

543 757 678 817 UOU.

266 1655 369 1715 WIEN
410 1657 462 1717 den
489 1659 528 1719 21
555 1661 627 1721 okt.
667 1665 731 1725 (T.
746 1666 804 1726 T.)
844 1668 975 1728 Arthur

223 1707 408 1767 Schnitzler
445 1710 531 1770 avled
569 1713 630 1773 här
668 1713 710 1773 vid
748 1715 889 1775 sjutiden
933 1721 969 1781 pä

218 1757 528 1817 onsdagsaftonen.
591 1760 657 1820 När
689 1766 895 1826 författaren
932 1769 968 1829 pä

223 1806 479 1866 eftermiddagen
514 1810 691 1870 ätervände
726 1816 799 1876 från
829 1818 864 1878 en
898 1820 976 1880 pro-

222 1856 354 1916 menad,
391 1859 576 1919 drabbades
624 1862 682 1922 han
719 1865 756 1925 av
789 1868 978 1928 slaganfall

217 1905 274 1965 och
308 1907 393 1967 avled
428 1910 499 1970 utan
534 1912 581 1972 att
611 1913 644 1973 ha
673 1914 817 1974 äterfått
841 1919 970 1979 medva-

215 1954 347 2014 tandet.
392 1959 579 2019 Schnitzler
610 1963 707 2023 skulle
738 1966 752 2026 i
777 1966 846 2026 maj
871 1969 964 2029 nästa

222 2008 253 2068 år
286 2006 318 2066 ha
351 2008 440 2068 blivit
467 2011 499 2071 70
532 2012 564 2072 år
590 2014 745 2074 gammal.

268 2107 392 2167 Arthur
437 2113 632 2173 Schnitzler
677 2113 739 2173 var
766 2115 818 2175 son
856 2118 917 2178 till
935 2119 970 2179 en

215 2157 297 2217 känd
349 2159 468 2219 läkare
515 2157 530 2217 i
556 2161 639 2221 Wien
670 2163 726 2223 och
758 2166 825 2226 blev
857 2166 908 2226 till
929 2170 964 2230 en

218 2207 329 2267 början
364 2208 451 2268 själv
476 2211 592 2271 läkare
617 2212 631 2272 i
656 2214 752 2274 denna
787 2217 879 2277 stad,
904 2219 976 2279 vars

215 2256 297 2316 lätta
339 2260 473 2320 tyskhet
505 2262 520 2322 i
552 2262 686 2322 mycket
717 2267 852 2327 präglat
883 2268 966 2328 hans

214 2307 490 2367 författarskap.
555 2313 658 2373 Sedan
703 2314 762 2374 han
802 2316 870 2376 med
910 2318 973 2378 sitt

215 2358 396 2418 skädespel
428 2361 547 2421 Alskog
584 2364 687 2424 slagit
713 2364 827 2424 igenom
880 2370 973 2430 längt

212 2405 350 2465 utanför
380 2408 434 2468 sitt
459 2411 626 2471 hemlands
652 2414 804 2474 gränser,
824 2417 883 2477 har
908 2419 962 2479 han

213 2457 422 2517 uteslutande
455 2459 541 2519 varit
569 2462 774 2522 författaren
811 2465 865 2525 och
898 2467 957 2527 som

211 2507 311 2567 sådan
347 2510 528 2570 ådagalagt
554 2513 625 2573 stor
651 2516 908 2576 produktivitet.

256 2558 364 2618 Sedan
403 2561 500 2621 1895,
528 2561 565 2621 då
604 2564 685 2624 hans
718 2566 865 2626 Liebelei
898 2566 968 2626 (Al¬

208 2608 308 2668 skog)
339 2611 522 2671 uppfördes
548 2611 562 2671 i
589 2614 797 2674 Stockholm,
818 2617 853 2677 ha
889 2617 959 2677 verk

207 2656 247 2716 av
279 2658 360 2718 hans
388 2662 556 2722 eleganta,
579 2662 719 2722 sensibla
747 2666 805 2726 och
838 2665 960 2725 tempe¬

210 2708 440 2768 ramentsfulla
469 2712 569 2772 penna
604 2713 671 2773 ofta
700 2716 757 2776 nog
787 2717 863 2777 gätt
887 2718 959 2778 över

211 2758 265 2818 den
293 2758 433 2818 svenska
465 2761 601 2821 scenen.
642 2764 701 2824 För
729 2766 778 2826 att
801 2767 878 2827 bara
910 2769 960 2829 yt-

209 2808 363 2868 terligare
396 2811 512 2871 nämna
546 2811 648 2871 några
677 2815 816 2875 svenska
854 2818 966 2878 dram-

208 2859 325 2919 titlar:
356 2861 497 2921 Anatol,
527 2863 744 2923 Paracelsus,
774 2867 817 2927 Pä
857 2868 955 2928 gröna

208 2910 414 2970 papegojan,
443 2913 563 2973 Damen
602 2913 668 2973 med
707 2916 836 2976 dolken,
870 2919 956 2979 Sista

205 2957 443 3017 maskeraden,
472 2961 677 3021 Släktingar,
701 2967 958 3027 tragikomedien

209 3006 269 3066 Det
303 3007 372 3067 vida
406 3012 523 3072 landet
551 3011 607 3071 och
646 3013 823 3073 Professor
857 3016 964 3076 Bern-

205 3056 317 3116 hardi,
332 3059 434 3119 jämte
463 3062 542 3122 ännu
570 3062 617 3122 ett
636 3062 696 3122 par
721 3065 875 3125 stycken,
889 3068 945 3128 som

206 3107 275 3167 ofta
318 3107 383 3167 med
421 3110 594 3170 framgång
632 3113 731 3173 givits
764 3116 801 3176 på
839 3116 955 3176 svensk

199 3158 297 3218 scen.
342 3161 682 3221 Göteborgspubliken
713 3164 771 3224 har
801 3164 875 3224 haft
905 3166 958 3226 fle¬

203 3206 235 3266 ra
277 3209 477 3269 oförgätliga
515 3212 618 3272 möten
661 3212 721 3272 med
763 3214 865 3274 honom
917 3217 954 3277 pä

204 3259 586 3319 Lorensbergsteatern.

243 3307 348 3367 Bland
382 3310 588 3370 Schnitzlers
622 3313 689 3373 ofta
719 3313 732 3373 i
762 3316 944 3376 dialogform

200 3358 335 3418 skrivna
372 3358 512 3418 noveller
545 3361 635 3421 torde
668 3361 703 3421 de
735 3364 817 3424 mest
845 3365 953 3425 kända

202 3406 277 3466 vara
310 3409 590 3469 Drämmerseelen
623 3411 679 3471 och
712 3412 772 3472 Der
806 3414 875 3474 Weg
909 3415 955 3475 in3

200 3454 290 3514 Freie
321 3460 442 3520 (Vägen
473 3460 503 3520 ut
524 3463 579 3523 till
595 3460 706 3520 livet).
737 3463 848 3523 Genom
884 3466 954 3526 dia-

199 3507 357 3567 logserien
391 3510 510 3570 Reigen
544 3511 659 3571 gjorde
688 3511 750 3571 han
784 3513 837 3573 för
871 3516 952 3576 sista

196 3558 323 3618 gängen
351 3558 409 3618 sitt
428 3561 518 3621 namn
550 3562 686 3622 aktuellt
705 3561 781 3621 över
809 3564 958 3624 världen.

201 3606 263 3666 Till
292 3609 392 3669 denna
431 3609 512 3669 serie
550 3612 689 3672 anknöts
723 3611 756 3671 en
795 3616 948 3676 vidlyftig

194 3659 572 3719 sedlighetsdiskussion
609 3663 622 3723 i
645 3660 777 3720 pressen
809 3663 868 3723 och
905 3663 950 3723 vid

196 3707 232 3767 de
261 3708 357 3768 tyska
390 3710 638 3770 domstolarna.

243 3757 401 3817 Realism,
439 3758 547 3818 ibland
599 3759 673 3819 över
707 3760 767 3820 alla
805 3761 959 3821 gränser,

194 3807 248 3867 som
289 3809 470 3869 intelligent
498 3809 552 3869 och
585 3809 662 3869 även
690 3812 826 3872 lyriskt,
844 3813 948 3873 stäm-

199 3857 376 3917 ningsfullt
415 3860 548 3920 mildras
592 3860 647 3920 och
687 3860 872 3920 nyanceras
915 3862 954 3922 av

192 3905 229 3965 en
281 3906 351 3966 dels
404 3908 597 3968 lättsinnig,
631 3910 696 3970 dels
734 3910 946 3970 melankolisk

196 3955 396 4015 gentlemans
458 3960 682 4020 distinguerat
739 3962 948 4022 resignerade

197 4004 254 4064 och
293 4006 436 4066 ironiska
471 4008 590 4068 väsen,
619 4009 652 4069 sä
687 4010 744 4070 kan
783 4011 835 4071 väl
864 4012 945 4072 hans

197 4057 447 4117 författarskap
472 4059 486 4119 i
507 4058 555 4118 det
580 4060 668 4120 stora
693 4060 761 4120 hela
792 4060 948 4120 karakte-

193 4105 332 4165 riseras.
369 4108 456 4168 Nära
482 4108 533 4168 det
555 4108 750 4168 spirituella,
767 4111 828 4171 men
854 4112 947 4172 fjär-

185 4159 248 4219 ran
275 4158 348 4218 från
380 4158 432 4218 det
454 4161 543 4221 naiva
575 4161 627 4221 och
654 4161 854 4221 omedelbart
876 4158 944 4218 gri¬

192 4209 322 4269 pande.

1342 778 2045 838 OBSERVER

1430 832 1450 892 I.
1463 832 1585 892 österr.
1594 832 1745 892 behördl.
1759 829 2057 889 konzessioniertes

1383 870 1620 930 Unternehmen
1646 870 1697 930 für
1719 870 2107 930 Zeitungs-Ausschnitte

1688 930 1966 990 WOLLZEILE
2011 930 2056 990 11

1431 931 1584 991 WIEN,

1524 983 1743 1043 TELEPHON
1780 981 1957 1041 R-23-0-43

1334 1124 1554 1184 Ausschnitt
1581 1124 1669 1184 aus:

1458 1324 1608 1384 Bladet:

1591 1384 1913 1444 Aftonblado

1490 1617 1631 1677 skriver
1645 1611 1714 1671 den
1775 1633 1870 1693 22
1907 1634 2048 1694 OKT.
2061 1628 2167 1688 1931

1450 1883 1662 1943 Arthur
1714 1889 2059 1949 Schnitzier

2143 1966 2360 2026 Champagne
2390 1969 2439 2029 fra
2469 1969 2498 2029 et
2523 1972 2636 2032 væltet
2661 1975 2740 2035 Glas
2765 1978 2804 2038 ...
2829 1980 2863 2040 og

1437 2004 1858 2064 Ndod.

2193 2017 2458 2077 Wiener-Lægen
2508 2023 2635 2083 Arthur
2670 2026 2861 2086 Schnitzelr

2150 2065 2238 2125 fandt
2261 2064 2315 2124 det
2338 2068 2365 2128 en
2394 2070 2432 2130 af
2449 2071 2515 2131 sine
2544 2073 2765 2133 betydeligste
2788 2077 2865 2137 For¬

2144 2115 2419 2175 grundsfigurer.

2178 2160 2245 2220 Han
2281 2162 2353 2222 blev
2385 2166 2679 2226 verdensberemt,
2700 2172 2736 2232 og
2772 2172 2860 2232 hans

2149 2207 2278 2267 Værker
2314 2211 2376 2271 har
2418 2213 2526 2273 endnu
2568 2216 2651 2276 Liv:
2687 2220 2852 2280 Elisabeth

2141 2256 2427 2316 Bergner-Filmen
2467 2262 2610 2322 „Frøken
2650 2264 2763 2324 Else",
2788 2270 2842 2330 som

2140 2304 2230 2364 netop
2265 2304 2307 2364 nu
2343 2305 2372 2365 er
2403 2309 2458 2369 saa
2493 2310 2613 2370 stærkt
2640 2314 2799 2374 fremme,
2825 2314 2859 2374 er

2136 2354 2259 2414 bygget
2284 2355 2357 2415 over
2383 2355 2412 2415 en
2447 2357 2481 2417 af
2501 2358 2585 2418 hans
2610 2364 2865 2424 Fortællinger,

2135 2402 2170 2462 og
2197 2402 2258 2462 Det
2279 2402 2351 2462 kgl.
2367 2405 2485 2465 Teater
2507 2408 2635 2468 opfører
2661 2408 2702 2468 til
2723 2411 2857 2471 Decem¬

2134 2447 2188 2507 ber
2218 2450 2325 2510 paany
2355 2453 2438 2513 hans
2468 2456 2625 2516 Skuespil
2645 2456 2728 2516 „Den
2763 2459 2851 2519 store

2134 2497 2274 2557 Scene".
2315 2498 2385 2558 Men
2426 2501 2581 2561 alligevel
2612 2507 2752 2567 tilhører
2783 2509 2843 2569 han

2135 2544 2184 2604 som
2228 2549 2317 2609 Type
2342 2549 2371 2609 en
2396 2549 2543 2609 svunden
2573 2555 2652 2615 Tid,
2662 2555 2676 2615 —
2721 2555 2775 2615 det
2795 2557 2853 2617 ele¬

2131 2596 2249 2656 gante,
2275 2596 2332 2656 det
2358 2596 2503 2656 sorglose
2539 2599 2652 2659 Wien,
2673 2602 2751 2662 hvis
2782 2605 2849 2665 Rus

2133 2641 2189 2701 han
2226 2644 2413 2704 skildrede,
2455 2647 2490 2707 og
2522 2648 2599 2708 hvis
2632 2650 2714 2710 bitre
2746 2653 2859 2713 Efter-

2129 2692 2219 2752 smag
2250 2692 2309 2752 han
2340 2694 2400 2754 gav
2426 2694 2496 2754 med
2527 2695 2557 2755 en
2588 2698 2774 2758 Realisme,
2794 2701 2849 2761 der

2130 2740 2192 2800 ofte
2226 2743 2379 2803 betegnes
2408 2743 2465 2803 som
2509 2746 2647 2806 Lægens
2676 2749 2853 2809 Kynisme.

2132 2786 2195 2846 Med
2228 2791 2423 2851 blændende
2455 2794 2761 2854 Stilbeherskethed
2804 2800 2841 2860 og

2126 2835 2253 2895 sikkert
2288 2839 2530 2899 Herredømme
2584 2841 2662 2901 over
2698 2845 2845 2905 Ordenes

2127 2883 2224 2943 Armé
2251 2886 2457 2946 behandiede
2478 2889 2534 2949 han
2566 2889 2580 2949 i
2597 2889 2663 2949 sine
2689 2892 2844 2952 Noveller

2124 2931 2161 2991 og
2189 2934 2259 2994 sine
2286 2934 2427 2994 Stykker
2455 2937 2508 2997 det
2530 2940 2693 3000 Sjæleliv,
2715 2941 2768 3001 der
2796 2944 2844 3004 for

2126 2980 2208 3040 hans
2237 2985 2514 3045 Jævnaldrende,
2560 2988 2614 3048 den
2654 2991 2759 3051 anden
2792 2991 2853 3051 be¬

2126 3032 2230 3092 romte
2256 3032 2481 3092 Wiener-Jøde
2508 3038 2703 3098 Sigismund
2733 3038 2838 3098 Freud

2120 3077 2193 3137 blev
2226 3080 2405 3140 Materiale
2437 3083 2479 3143 til
2512 3086 2686 3146 dybsindig
2723 3089 2850 3149 Filiso¬

2126 3125 2207 3185 feren
2240 3129 2316 3189 over
2338 3131 2538 3191 Sjælelivets
2566 3134 2713 3194 Afkroge
2735 3139 2772 3199 og
2800 3137 2848 3197 Ir¬

1403 3158 1445 3218 En
1472 3161 1568 3221 Mand
1601 3164 1643 3224 fra
1671 3164 1799 3224 forrige
1821 3170 2088 3230 Aarhundredes

2120 3176 2248 3236 gange.

1367 3209 1524 3269 Slutning
1578 3212 1611 3272 er
1654 3215 1759 3275 gaaet
1798 3218 1874 3278 bort
1899 3221 1936 3281 ...
1961 3221 2090 3281 Arthur

2156 3225 2225 3285 Hos
2252 3230 2443 3290 Schnitzler
2476 3230 2544 3290 blev
2577 3233 2704 3293 Snittet
2731 3236 2837 3296 aldrig

1367 3258 1560 3318 Schnitzler
1590 3258 1623 3318 er
1653 3262 1735 3322 død.

2115 3271 2186 3331 fort
2211 3274 2263 3334 saa
2298 3276 2393 3336 dybt,
2432 3277 2489 3337 det
2514 3277 2580 3337 blev
2615 3280 2682 3340 fort
2706 3280 2720 3340 i
2744 3280 2845 3340 Over¬

1399 3307 1534 3367 Saadan
1569 3309 1637 3369 maa
1673 3313 1746 3373 man
1781 3313 1833 3373 vel
1877 3317 1985 3377 forme
2037 3319 2093 3379 det

2117 3319 2224 3379 fladen
2257 3322 2270 3382 —
2317 3324 2387 3384 men
2421 3325 2476 3385 det
2500 3325 2569 3385 blev
2598 3327 2668 3387 fort
2692 3330 2845 3390 elegant,

1365 3356 1627 3416 Dødsbudskab,
1671 3361 1728 3421 der
1757 3361 1771 3421 i
1795 3364 1861 3424 Nat
1886 3366 1995 3426 indlob
2029 3367 2081 3427 fra
2115 3370 2191 3430 blev
2220 3370 2291 3430 ført
2316 3372 2382 3432 med
2416 3373 2640 3433 Mesterskab.

1365 3403 1479 3463 Wien,
1499 3408 1508 3468 —
1557 3407 1604 3467 for
1633 3409 1758 3469 Arthur
1787 3412 1973 3472 Schnitzler
1993 3415 2074 3475 over

2153 3418 2322 3478 Desværre
2351 3420 2414 3480 har
2443 3423 2476 3483 vi
2497 3424 2573 3484 ikke
2603 3425 2651 3485 set
2676 3427 2777 3487 nogle
2802 3427 2840 3487 af

1362 3454 1459 3514 skred
1492 3457 1646 3517 aandelig
1698 3460 1767 3520 talt
1791 3461 1898 3521 aldrig
1931 3463 2066 3523 Aarhun

2110 3466 2175 3526 han
2203 3468 2338 3528 maaske
2362 3468 2445 3528 mest
2469 3471 2665 3531 værdifulde
2689 3474 2842 3534 Værker,

1364 3501 1495 3561 dredets
1528 3506 1686 3566 Tarskel.
1710 3507 1780 3567 Han
1813 3510 1948 3570 vedblev
1977 3513 2084 3573 baade

2112 3513 2138 3573 f.
2160 3515 2239 3575 Eks.
2256 3516 2341 3576 „Der
2368 3516 2441 3576 Weg
2469 3519 2522 3579 ins
2543 3519 2660 3579 Freie"
2682 3525 2719 3585 og
2751 3525 2835 3585 „Das

1359 3552 1373 3612 i
1397 3552 1579 3612 Emnevalg
1608 3555 1646 3615 og
1675 3555 1746 3615 Stil
1766 3558 1799 3618 at
1824 3558 1890 3618 staa
1924 3558 1972 3618 som
2020 3561 2077 3621 den

2112 3561 2206 3621 weite
2234 3564 2347 3624 Land"
2375 3564 2433 3624 paa
2465 3567 2569 3627 nogen
2601 3570 2728 3630 danske
2755 3570 2836 3630 Sce¬

1357 3600 1446 3660 store
1477 3602 1736 3662 Repræsentant
1763 3606 1812 3666 for
1844 3606 1901 3666 den
1933 3609 2075 3669 Periode

2112 3612 2165 3672 ne,
2202 3612 2243 3672 og
2294 3612 2407 3672 derfor
2435 3614 2499 3674 har
2526 3613 2562 3673 vi
2585 3617 2644 3677 nok
2668 3619 2777 3679 -faaet
2805 3620 2836 3680 et

1355 3645 1395 3705 vi
1426 3648 1585 3708 nærmest
1634 3652 1699 3712 kan
1740 3654 1987 3714 karakterisere
2023 3657 2080 3717 hel

2112 3660 2210 3720 noget
2229 3660 2429 3720 forskubbet
2449 3663 2570 3723 Billede
2594 3665 2631 3725 af
2645 3666 2743 3726 ham,
2758 3669 2827 3729 hvis

1360 3695 1412 3755 ved
1444 3695 1496 3755 det
1519 3698 1571 3758 ene
1599 3698 1713 3758 Navn:
1731 3700 1824 3760 Peter
1846 3704 2000 3764 Nansen,
2014 3704 2076 3764 sely

2110 3707 2145 3767 vi
2172 3707 2233 3767 kun
2269 3707 2392 3767 kender
2424 3708 2485 3768 ham
2534 3712 2582 3772 fra
2623 3713 2759 3773 Teatret
2786 3716 2821 3776 og

1358 3745 1390 3805 om
1437 3745 1529 3805 deres
1558 3748 1767 3808 Produktion
1814 3750 1888 3810 blev
1921 3751 1991 3811 vidt
2015 3754 2084 3814 for-
2108 3755 2186 3815 ikke
2215 3755 2271 3815 har
2299 3757 2457 3817 fordybet
2476 3758 2513 3818 os
2537 3759 2550 3819 i
2569 3760 2657 3820 hans
2686 3763 2834 3823 Værker,

1359 3794 1492 3854 skellig.
1506 3794 1572 3854 Med
1600 3797 1697 3857 Paris
1720 3797 1768 3857 som
1809 3800 1950 3860 Centrum
1991 3803 2084 3863 bred¬

2110 3803 2228 3863 hvoraf
2273 3805 2307 3865 de
2357 3811 2579 3871 væsentligste
2609 3815 2791 3875 foreligger
2821 3818 2830 3878 i

1347 3844 1383 3904 te
1415 3843 1505 3903 dette
1533 3846 1696 3906 litterere
1728 3851 1891 3911 Tidspræg
1928 3854 1973 3914 sig
2005 3854 2059 3914 som
2114 3854 2213 3914 dansk
2255 3857 2485 3917 Oversættels¬
