3344 4352
472 115 1196 175 e.

458 170 499 230 die
530 164 619 224 nicht
646 158 769 218 gestôrt
797 154 858 214 sein
893 149 1015 209 wollen,
1040 145 1063 205 in
1094 142 1148 202 das
1176 137 1272 197 kleine

464 201 703 261 Maschinenohr
750 193 878 253 flistern
911 188 940 248 zu
976 183 1117 243 müssen.
1151 177 1160 237 —
1220 174 1275 234 Der

460 243 605 303 Schwank
643 237 722 297 „Der
754 230 929 290 ungetreue
964 221 1140 281 Eckehart“
1175 213 1281 273 unter¬

464 285 538 345 hielt
566 279 641 339 uns,
680 275 712 335 es
744 271 790 331 sei
819 267 915 327 gleich
954 259 1163 319 festgestellt,
1203 252 1280 312 ganz

460 323 573 383 famos.
591 318 641 378 Die
670 312 836 372 Handlung
865 304 971 364 leistet
993 300 1053 360 sich
1085 296 1128 356 die
1156 293 1277 353 tollsten

465 358 776 418 Unmöglichkeiten,
795 348 868 408 aber
895 345 935 405 sie
961 341 1085 401 kämpft
1107 334 1202 394 gegen
1232 330 1283 390 das

467 400 598 460 logische
623 392 779 452 Gewissen
808 386 860 446 mit
883 382 967 442 einer
989 375 1205 435 treffsicheren
1230 371 1287 431 Ar¬

468 440 555 500 mada
589 435 643 495 von
680 429 885 489 Gelächtern.
930 419 1039 479 Einige
1073 413 1182 473 Stellen
1219 410 1281 470 sind

468 478 650 538 hinreißend
688 470 779 530 lustig
817 464 866 524 bei
893 461 969 521 aller
1003 454 1193 514 Kurtosität.
1227 449 1287 509 Das

445 542 550 602 kosten
576 542 639 602 bei,
654 544 689 604 um
728 545 830 605 seinem
870 545 994 605 Pariser
1019 545 1153 605 Erstling
1178 546 1259 606 einen

443 583 553 643 glatten
605 585 793 645 Stapellauf
834 583 867 643 zu
915 586 1147 646 ermöglichen.
1206 589 1265 649 Das

438 625 530 685 Stüek
566 625 669 685 wurde
702 625 744 685 ein
784 625 1045 685 Bombenerfolg.
1088 626 1266 686 Meyerbeer

445 666 523 726 war,
537 667 593 727 was
619 667 647 727 er
665 667 792 727 gewollt
814 667 920 727 hatte:
938 670 1274 730 Publikumsliebling.

484 707 544 767 Für
575 709 915 769 l'ublikumslieblinge
946 709 1003 769 hat
1031 709 1084 769 der
1115 712 1271 772 Theater-

450 751 570 811 kassier
615 751 772 811 natürlich
827 751 941 811 immer
970 751 1032 811 viel
1058 751 1164 811 übrig.
1201 753 1259 813 Und

445 789 760 849 selbstverständlich
802 792 879 852 auch
917 792 983 852 jede
1021 792 1273 852 Theaterdirek-

449 832 527 892 tion,
541 831 630 891 deren
659 831 747 891 Liebe
772 832 825 892 zum
865 831 964 891 Autor
986 832 1078 892 durch
1103 832 1149 892 die
1167 834 1262 894 Kassa

445 873 536 933 geht.
559 873 628 933 Man
665 873 764 933 wollte
798 874 864 934 also
894 873 949 933 den
982 873 1129 933 goldenen
1167 876 1276 936 Vogel,

444 914 485 974 als
534 914 668 974 welcher
716 915 778 975 sich
830 915 885 975 der
913 915 1178 975 ausgezeichnete
1209 915 1263 975 und

441 956 631 1016 großzügige
660 956 929 1016 Selbstmanager
958 956 1141 1016 Meyerbeer
1170 956 1269 1016 plötz-

446 995 501 1055 lich
549 995 600 1055 für
648 995 695 1055 die
725 998 1023 1058 kapitaldürstende
1053 995 1155 1055 Große
1185 998 1265 1058 Oper

441 1037 596 1097 entpuppt
626 1037 729 1097 hatte,
763 1037 855 1097 nicht
882 1037 1107 1097 davonfliegen
1152 1039 1270 1099 lassen,

443 1079 571 1139 sondern
597 1079 676 1139 band
701 1079 747 1139 ihn
773 1079 869 1139 durch
895 1079 962 1139 eine
984 1079 1167 1139 geschickte
1192 1079 1270 1139 kon¬

445 1121 615 1181 traktliche
650 1120 824 1180 Fußfessel
867 1121 942 1181 auch
977 1121 1026 1181 für
1057 1121 1102 1181 die
1137 1121 1265 1181 nächste

445 1159 510 1219 Zeit
536 1159 613 1219 fest.
639 1161 741 1221 Eugen
775 1159 863 1219 Sribe
892 1162 980 1222 hatte
1010 1162 1123 1222 bereits
1152 1162 1266 1222 wieder

441 1200 529 1260 einen
558 1201 803 1261 sensationellen
832 1201 935 1261 Stoff,
953 1201 1006 1261 den
1035 1201 1067 1261 er
1092 1202 1180 1262 schon
1213 1204 1269 1264 mit

447 1240 586 1300 Hinblick
615 1240 670 1300 auf
693 1240 876 1300 Meyerbeer
898 1242 1078 1302 bearbeitet
1100 1243 1206 1303 hatte:
1221 1243 1265 1303 die

441 1282 580 1342 blutigen
610 1282 727 1342 Greuel
749 1282 804 1342 der
830 1285 1181 1345 Bartholomäusnacht
1207 1284 1258 1344 von

442 1324 521 1384 1572.
548 1322 620 1382 Eine
654 1321 779 1381 Novelle
814 1324 950 1384 Prosper
980 1324 1147 1384 Merimées
1178 1326 1261 1386 hatte

435 1362 480 1422 die
523 1362 704 1422 Grundlage
754 1363 910 1423 gegeben.
953 1362 992 1422 Es
1039 1362 1138 1422 waren
1188 1365 1258 1425 eben

438 1403 548 1463 unsere
600 1403 710 1463 später
758 1401 791 1461 so
843 1404 1023 1464 benannten
1078 1405 1269 1465 „Hugenot-

435 1443 521 1503 ten“.
580 1443 646 1503 Und
714 1444 815 1504 dieses
882 1443 972 1503 Werk
1043 1446 1262 1506 verpflichtete

433 1485 497 1545 sich
546 1482 743 1542 Meyerbeer,
782 1485 835 1545 bei
877 1485 964 1545 einer
1010 1486 1264 1546 Konventional¬

435 1524 533 1584 strafe
565 1524 621 1584 von
656 1524 754 1584 30.000
789 1526 930 1586 Franken
968 1524 1013 1584 bis
1044 1527 1097 1587 zum
1143 1527 1264 1587 Herbst

438 1565 505 1625 1834
544 1565 599 1625 für
643 1565 690 1625 die
738 1565 844 1625 Große
892 1565 974 1625 Oper
1018 1564 1053 1624 zu
1105 1565 1270 1625 vertonen.

446 1606 485 1666 Er
509 1604 657 1664 arbeitete
685 1604 798 1664 kräftig
826 1605 943 1665 darauf
963 1604 1021 1664 los,
1041 1606 1096 1666 bat
1116 1604 1189 1664 aber
1213 1606 1248 1666 um

444 1646 748 1706 Terminaufschub,
767 1646 800 1706 da
829 1646 859 1706 er
885 1646 943 1706 mit
962 1646 1064 1706 seiner
1090 1649 1266 1709 lungenlei¬

445 1688 558 1748 denden
596 1687 672 1747 Frau
706 1688 782 1748 nach
816 1688 869 1748 dem
934 1688 1032 1748 Süden
1086 1690 1176 1750 fuhr.
1207 1688 1259 1748 Die

442 1730 543 1790 Große
571 1728 653 1788 Oper
677 1730 810 1790 bestand
841 1728 896 1788 wie
924 1730 1057 1790 Shylock
1088 1730 1143 1790 auf
1163 1730 1248 1790 ihrem

442 1771 574 1831 Schein.
597 1768 783 1828 Meyerbeer
833 1768 934 1828 zahlte
965 1771 1045 1831 ohne
1079 1770 1257 1830 Federlesen

442 1811 494 1871 das
521 1811 597 1871 hohe
620 1810 752 1870 Pönale,
768 1811 821 1871 zog
848 1810 931 1870 seine
958 1810 1037 1870 Oper
1064 1810 1174 1870 zurück
1204 1813 1257 1873 und

445 1856 508 1916 ging
539 1852 614 1912 nach
646 1852 775 1912 Italien.
799 1852 869 1912 Sein
901 1852 971 1912 Geld
1003 1854 1101 1914 zeigte
1129 1855 1183 1915 der
1211 1854 1266 1914 Di¬

442 1894 559 1954 rektion
590 1894 639 1954 den
670 1894 809 1954 Herren.
829 1894 1015 1954 Meyerbeer
1042 1894 1117 1954 blieb
1148 1897 1269 1957 Sieger,

442 1937 495 1997 der
518 1936 593 1996 neue
620 1936 768 1996 Direktor
792 1936 844 1996 der
868 1936 988 1996 Großen
1020 1936 1118 1996 Oper,
1134 1936 1175 1996 ein
1206 1936 1266 1996 Ge¬

442 1977 555 2037 schöpf
585 1977 636 2037 des
670 1977 875 2037 energischen
931 1977 1181 2037 Komponisten,
1207 1978 1258 2038 gul

445 2017 494 2077 de-
517 2017 573 2077 und
601 2018 768 2078 wehmütig
795 2019 847 2079 das
875 2018 988 2078 Pönale
1011 2018 1121 2078 zurück
1152 2017 1159 2077 —
1205 2019 1258 2079 und

442 2059 485 2119 die
513 2058 756 2118 „Hugenotten“
784 2059 839 2119 auf
863 2058 917 2118 den
945 2060 1122 2120 Spielplan.
1146 2060 1267 2120 Wieder

442 2100 570 2160 brachte
600 2100 652 2160 der
682 2100 980 2160 Theaterroutinier
1011 2100 1195 2160 Meyerbeer
1225 2100 1269 2160 die

443 2141 522 2201 Oper
553 2141 772 2201 buchstäblich
811 2141 954 2201 während
993 2139 1041 2199 der
1076 2140 1189 2200 Proben
1235 2144 1257 2204 In

442 2183 487 2243 die
518 2183 627 2243 letzte,
651 2183 703 2243 das
738 2183 844 2243 heißt:
894 2183 1152 2243 effektsicherste
1190 2183 1265 2243 Fas¬

442 2225 533 2285 sung.
552 2222 754 2282 Interessant
781 2224 839 2284 ist,
858 2225 913 2285 daß
947 2223 1060 2283 gerade
1090 2225 1142 2285 der
1168 2225 1263 2285 vierte

445 2264 518 2324 Akt,
533 2264 584 2324 der
611 2264 702 2324 heute
732 2265 765 2325 am
806 2267 964 2327 stärksten
998 2265 1104 2325 wirkt,
1123 2265 1189 2325 erst
1212 2267 1266 2327 auf

445 2306 576 2366 Anraten
606 2306 657 2366 des
679 2306 866 2366 berühmten
896 2306 1031 2366 Sängers
1057 2308 1203 2368 Nourrit,
1215 2308 1262 2368 der

440 2347 495 2407 den
528 2347 634 2407 Raoul
657 2349 752 2409 sang,
793 2349 821 2409 in
870 2347 957 2407 seine
987 2347 1112 2407 heutige
1142 2349 1266 2409 Gestalt

442 2389 696 2449 umgekrempelt
722 2389 841 2449 wurde.
863 2388 944 2448 Herr
969 2389 1093 2449 Seribe,
1115 2389 1164 2449 des
1193 2388 1267 2448 ewi¬

443 2433 491 2493 gen
525 2431 750 2491 Umarbeitens
777 2431 828 2491 des
854 2431 1013 2491 Librettos
1040 2431 1147 2491 müde,
1166 2431 1265 2491 wurde

443 2473 560 2533 wütend
594 2473 648 2533 und
682 2472 854 2532 störrisch.
895 2473 994 2533 Rasch
1042 2473 1258 2533 entschlossen

441 2515 592 2575 übertrug
625 2515 691 2575 man
724 2513 786 2573 also
816 2512 900 2572 diese
930 2514 985 2574 und
1018 2515 1131 2575 andere
1162 2517 1267 2577 Adap¬

442 2556 730 2616 tierungsarbeiten
787 2553 844 2613 dem
908 2553 1041 2613 Dichter
1075 2555 1272 2615 Deschamp,

442 2596 495 2656 der
526 2595 605 2655 seine
639 2595 738 2655 Sache
773 2595 829 2655 zur
856 2595 1099 2655 Zufriedenheit
1126 2595 1175 2655 der
1206 2596 1266 2656 Be¬

445 2637 578 2697 teiligten
616 2637 756 2697 machte.
787 2637 844 2697 Mit
875 2637 924 2697 dem
974 2637 1125 2697 frommen
1171 2637 1270 2697 Dreh,

441 2679 487 2739 die
512 2679 830 2739 Dekorationsmaler
856 2676 1025 2736 arbeiteten
1057 2679 1085 2739 so
1110 2679 1273 2739 langsam,

442 2719 666 2779 verschleierte
699 2720 769 2780 man
806 2719 861 2779 das
890 2718 1166 2778 Hinausschieben
1215 2720 1266 2780 der

447 2760 618 2820 Premiere.
645 2759 728 2819 Nach
767 2759 998 2819 vierwöchiger
1033 2761 1272 2821 Verzögerung,

447 2803 473 2863 am
519 2801 569 2861 29.
592 2801 736 2861 Februar
763 2801 850 2861 1836,
870 2801 961 2861 stand
996 2801 1049 2861 das
1084 2801 1171 2861 Werk
1213 2804 1247 2864 an

447 2843 696 2903 Theaterzettel.
737 2843 777 2903 Es
815 2843 876 2903 war
906 2843 1024 2903 wieder
1068 2843 1112 2903 oin
1149 2845 1270 2905 Erfolg.

445 2885 619 2945 Allerdings
671 2884 779 2944 regten
816 2885 875 2945 sich
917 2882 990 2942 auch
1032 2884 1180 2944 Stimmen
1217 2885 1269 2945 des

447 2927 624 2987 Bedenkens
657 2926 716 2986 und
750 2925 801 2985 des
838 2926 1071 2986 Einspruches.
1101 2927 1267 2987 Zunächst

445 2968 562 3028 einmal
592 2968 795 3028 hinsichtlich
836 2967 890 3027 der
924 2966 1115 3026 Stoffwahl,
1149 2968 1263 3028 welche

442 3007 733 3067 Religionskämpfe
763 3008 821 3068 auf
844 3008 891 3068 die
917 3007 1024 3067 Bühne
1054 3007 1182 3067 brachte
1205 3009 1260 3069 (die

445 3049 631 3109 historische
665 3049 848 3109 Grundlage
881 3049 936 3109 ist,
962 3049 1035 3109 kurz
1065 3049 1273 3109 geschildert,

443 3092 607 3152 folgende:
639 3091 692 3151 Die
729 3091 846 3151 Mutter
878 3091 928 3151 des
961 3091 1074 3151 jungen
1110 3091 1270 3151 frunzösi-

443 3132 531 3192 schen
565 3132 700 3192 Königs,
719 3132 895 3192 Katharina
929 3130 980 3190 von
1013 3132 1142 3192 Medici,
1164 3132 1263 3192 wollte

445 3175 496 3235 den
526 3172 820 3232 protestantischen
853 3171 1000 3231 Admiral
1023 3173 1184 3233 Colligny,
1214 3174 1265 3234 der

443 3215 493 3275 auf
518 3213 604 3273 ibren
633 3213 714 3273 Sohn
744 3214 862 3274 großen
891 3213 1015 3273 Elnfluß
1048 3213 1177 3273 gewann
1209 3216 1266 3276 und

441 3257 483 3317 die
509 3258 723 3318 Vermählung
752 3255 805 3315 von
838 3255 944 3315 dessen
973 3255 1155 3315 Schwester
1184 3257 1269 3317 Mar¬

438 3298 542 3358 garete
574 3296 606 3356 v.
636 3296 739 3356 Valois
776 3297 836 3357 mit
865 3297 919 3357 dem
970 3297 1260 3357 protestantischen

446 3338 587 3398 Heinrich
617 3338 674 3398 IV.
694 3338 746 3398 von
781 3338 922 3398 Navarra
956 3338 1142 3398 angebahnt
1170 3341 1272 3401 hatte,

441 3380 496 3440 aus
522 3380 573 3440 dem
614 3380 705 3440 Wege
732 3380 900 3440 schaffen;
926 3380 977 3440 der
1000 3380 1158 3440 Anschlag
1187 3380 1242 3440 miß

438 3422 527 3482 lang;
553 3422 609 3482 aus
643 3422 746 3482 Angst
795 3419 850 3479 vor
880 3421 936 3481 der
966 3422 1069 3482 Rache
1103 3422 1266 3482 Collignys

437 3463 492 3523 und
527 3461 578 3521 der
610 3461 903 3521 protestantischen
942 3461 1104 3521 Edelleute
1135 3461 1190 3521 kam
1235 3462 1266 3522 es

441 3503 516 3563 dann
547 3503 578 3563 zu
606 3503 694 3563 jenem
736 3503 828 3563 unter
853 3503 904 3563 dem
949 3504 1065 3564 Namen
1096 3505 1267 3565 Bartholo-

447 3544 636 3604 mäusnacht
682 3544 802 3604 traurig
856 3544 1007 3604 berühmt
1057 3544 1257 3604 gewordenen

442 3586 574 3646 Blutbad
604 3586 695 3646 unter
715 3586 765 3646 den
795 3586 1038 3646 Protestanten,
1053 3586 1097 3646 die
1123 3586 1182 3646 sich
1212 3586 1266 3646 an¬

445 3628 555 3688 läßlich
582 3626 634 3686 der
658 3626 840 3686 erwähnten
867 3627 1022 3687 Hochzeit
1045 3627 1068 3687 in
1095 3628 1182 3688 Paris
1202 3628 1243 3688 ein

442 3670 592 3730 fanden).
622 3667 691 3727 Man
729 3667 805 3727 hielt
835 3668 883 3728 die
916 3670 1118 3730 Veroperung
1163 3670 1265 3730 dieser

441 3711 674 3771 grauenhaften
711 3710 811 3770 Dinge
844 3709 896 3769 für
929 3709 1188 3769 geschmacklos,
1214 3711 1269 3771 zu¬

442 3750 507 3810 mal
534 3750 578 3810 sie
611 3750 666 3810 zur
696 3750 780 3810 Folie
832 3750 920 3810 einer
954 3752 1266 3812 Liebesintrigenge-

438 3795 576 3855 schichte
605 3795 746 3855 dienten.
767 3795 948 3855 Meyerbeer
972 3795 1043 3855 fand
1067 3795 1134 3855 hier
1158 3795 1265 3855 jeden¬

521 3986 1021 4046 Schaltungen
1091 3987 1224 4047 der

1328 551 1400 611 falls
1431 551 1568 611 stärkste
1596 551 1767 611 Kontraste
1794 551 1845 611 zur
1873 551 2051 611 Auslôsung
2082 551 2150 611 mu-

1333 589 1518 649 sikalischer
1549 589 1689 649 Effekte,
1706 589 1771 649 dies
1799 591 1874 651 auch
1902 590 1997 650 schon
2029 592 2052 652 in
2083 592 2134 652 dem

1333 631 1576 691 musikalischen
1614 631 1788 691 Gegensatz
1819 631 1976 691 zwischen
2011 631 2151 691 katholi-

1328 670 1413 730 scher
1437 670 1492 730 und
1523 670 1808 730 protestantischer
1832 673 1969 733 Sphâre.
2003 673 2147 733 Letztere

1325 711 1413 771 malte
1462 709 1492 769 er
1523 710 1722 770 musikalisch
1774 712 1866 772 durch
1918 712 1965 772 die
1997 712 2123 772 Verwen

1332 751 1410 811 dung
1438 751 1488 811 des
1513 751 1643 811 Chorals
1672 751 1714 811 (so
1740 751 1789 811 des
1814 751 2037 811 Luther'schen
2066 751 2151 811 Cho-

1333 792 1408 852 rales
1432 791 1528 851 „Eine
1552 789 1631 849 feste
1659 791 1737 851 Burg
1765 792 1805 852 ist
1826 791 1918 851 unser
1943 791 2035 851 dott"
2052 792 2144 852 schon

1333 834 1354 894 in
1386 832 1439 892 der
1471 831 1681 891 Ouvertüre).
1724 831 1812 891 Diese
1845 831 2065 891 Verwendung
2097 831 2150 891 des

1333 873 1521 933 kirchlichen
1575 873 1727 933 Chorales
1777 873 1930 933 zwischen
1969 874 2146 934 Kavatinen

1333 915 1388 975 und
1436 915 1569 975 Duetten
1617 913 1737 973 erregte
1781 915 1805 975 in
1853 915 2144 975 protestantischen

1334 956 1457 1016 Kreisen
1490 953 1628 1013 Anstoß.
1650 954 1727 1014 Auch
1760 953 1802 1013 ein
1835 956 2016 1016 Schumann
2048 956 2147 1016 zählte

1329 995 1360 1055 zu
1393 995 1446 1055 den
1482 995 1631 1055 Tadlern.
1670 995 1834 1055 Spontini,
1873 995 1926 1055 der
1955 995 2019 1055 sich
2051 995 2147 1055 durch

1333 1034 1514 1094 Meyerbeer
1542 1035 1675 1095 bedroht
1699 1037 1771 1097 sah,
1792 1037 1894 1097 wußte
1925 1037 1979 1097 vom
2024 1037 2150 1097 religiô-

1325 1076 1371 1136 sen
1405 1078 1528 1138 l'unkte
1558 1077 1614 1137 aus
1645 1077 1688 1137 die
1722 1077 1884 1137 Bedenken
1918 1076 2024 1136 seines
2058 1076 2154 1136 Brot-

1332 1118 1423 1178 geber
1459 1119 1615 1179 Friedrich
1654 1118 1782 1178 Wilhelm
1828 1121 1885 1181 11l.
1914 1121 1967 1181 von
2006 1121 2147 1181 Preußen

2208 548 2235 608 zu
2263 545 2404 605 wecken.
2425 545 2645 605 Mendelssohn
2673 545 2772 605 selbst
2793 544 2848 604 hat
2869 542 2931 602 sich
2959 541 3027 601 leb-

2213 586 2279 646 haft
2305 585 2492 645 verteidigt:
2522 583 2691 643 „Freilich,
2714 583 2798 643 wenn
2831 582 2886 642 der
2912 581 3033 641 Choral

2211 630 2259 690 zur
2283 625 2455 685 Opernarie
2483 625 2634 685 gemacht
2662 625 2783 685 würde,
2804 624 2834 684 so
2866 622 2945 682 wäre
2976 622 3027 682 das

2214 667 2341 727 wirklich
2370 667 2413 727 ein
2438 667 2594 727 Skandal.
2616 666 2708 726 Allein
2737 664 2822 724 wenn
2851 661 2965 721 gerade
2990 661 3011 721 im

2216 706 2377 766 Gegenteil
2401 706 2500 766 dieser
2528 706 2648 766 Choral
2686 706 2733 766 als
2761 705 2939 765 Gegensatz
2980 703 3031 763 der

2211 748 2378 808 weltlichen
2411 748 2510 808 Musik
2539 748 2617 808 stets
2646 748 2749 808 streng
2785 745 2838 805 und
2874 745 3023 805 kirchlich

2207 789 2378 849 behandelt
2399 789 2454 849 ist,
2468 788 2554 848 wenn
2582 786 2612 846 er
2634 787 2674 847 als
2699 786 2843 846 Anklang
2871 783 2925 843 aus
2946 783 3031 843 einer

2213 828 2352 888 besseren
2381 829 2473 889 Welt,
2488 830 2530 890 als
2555 828 2691 888 Symbol
2709 828 2759 888 des
2784 826 2944 886 Glaubens
2970 825 3026 885 und

2612 870 2719 930 immer
2749 868 2808 928 nur
2842 867 2864 927 im
2912 867 3026 927 Munde

2220 870 2350 930 Hoffens
2383 870 2488 930 ertönt

2212 912 2388 972 derjenigen
2421 909 2555 969 Person,
2577 909 2690 969 welche
2719 912 2764 972 als
2793 907 3033 967 Repräsentant

2210 950 2288 1010 eines
2314 953 2374 1013 ...
2393 950 2722 1010 unerschütterlichen
2751 950 2904 1010 frommen
2934 948 3033 1008 Glau-

2217 992 2301 1052 bens,
2324 994 2345 1054 ja
2379 994 2426 1054 als
2456 994 2614 1054 Märtyrer
2644 992 2831 1052 gezeichnet
2857 989 2901 1049 ist
2927 989 3034 1049 (Mar-

2216 1034 2289 1094 cel),
2304 1034 2333 1094 so
2360 1034 2414 1094 ist,
2430 1034 2529 1094 dûnkt
2551 1034 2650 1094 mich,
2665 1034 2727 1094 eine
2754 1031 2857 1091 solche
2883 1031 3033 1091 Behand-

2220 1075 2283 1135 lung
2312 1074 2386 1134 cher
2415 1076 2581 1136 Heiligung
2632 1073 2678 1133 als
2706 1075 2916 1135 Entweihung
2948 1073 3033 1133 eines

2219 1115 2496 1175 Kirchengesangs
2527 1116 2558 1176 zu
2593 1118 2741 1178 nennen."
