3392 4320
667 202 821 262 Neue
864 206 1026 266 Freie
1069 204 1272 264 Preste

2429 206 2501 266 Nr.
2519 206 2640 266 24104

1757 210 1817 270 22.
1840 207 1983 267 Oktober
2018 208 2106 268 1931

796 380 961 440 Der
1059 378 1235 438 Cod
1333 380 1701 440 Arthur

1811 380 2410 440 Icnitzlers.

1181 485 1265 545 Die
1317 487 2040 547 Testamentseröffnung.

563 560 655 620 Heute
707 560 880 620 vormittag
933 559 972 619 ist
1025 558 1076 618 der
1123 559 1278 619 Sohn
1337 559 1579 619 Arthur

1714 577 1963 637 Schnitzlers
2005 578 2120 638 letzte
2161 578 2662 638 Burgtheaterproben.

468 607 767 667 Schnitzlers,
790 603 999 663 Heinrich
1034 604 1294 664 Schnitzler,
1323 604 1373 664 der
1402 603 1430 663 in
1470 601 1577 661 Berlin

1955 629 2014 689 Von
2042 631 2148 691 Ebba
2176 633 2415 693 Johaunsen.

463 649 514 709 als
548 647 763 707 Schauspieler
797 649 854 709 und
894 649 1052 709 Regisseur
1087 649 1160 709 tätig
1194 649 1245 709 ist,
1274 648 1336 708 mit
1365 649 1460 709 seiner
1489 648 1573 708 Frau

1715 676 1775 736 Die
1798 681 2092 741 Hauptdarstellerin
2126 682 2175 742 des
2204 682 2298 742 letzten
2332 682 2576 742 Schnitzlerschen
2604 681 2748 741 Werkes,

468 694 489 754 in
521 694 610 754 Wien
644 694 860 754 eingetroffen.
882 696 929 756 Um
967 694 1014 754 die
1041 694 1242 754 Mittagszeit
1264 693 1369 753 wurde
1391 694 1417 754 im
1460 691 1576 751 Beisein

2653 727 2737 787 Ebba

1629 722 1680 782 das
1743 726 1779 786 am
1843 727 2051 787 Burgtheater
2115 728 2297 788 aufgeführt
2345 730 2465 790 wurde,
2517 727 2600 787 Frau

463 740 516 800 von
571 739 690 799 Hofrat
728 739 891 799 Professor
934 739 1005 799 Dr.
1043 742 1157 802 Julius
1206 739 1472 799 Schnitzler,
1516 739 1564 799 dem

1629 769 1921 829 Johannsen,
1942 774 2021 834 stellt
2048 773 2106 833 uns
2144 775 2350 835 nachstehende
2383 775 2553 835 Eindrücke
2585 774 2637 834 zur
2664 771 2749 831 Ver¬

470 786 590 846 Bruder
621 785 671 845 des
706 786 917 846 verstorbenen
958 786 1120 846 Dichters,
1150 784 1205 844 und
1241 783 1291 843 der
1327 783 1427 843 beiden
1473 783 1578 843 Söhne

1633 813 1784 873 fügung:

467 829 553 889 Hans
592 831 651 891 und
690 829 770 889 Karl
809 831 863 891 von
907 831 1145 891 Rechtsanwalt
1178 830 1249 890 Dr.
1276 828 1417 888 Norbert
1455 828 1585 888 Hoff¬

1718 859 1883 919 Schnitzler
1911 863 1971 923 war
1999 864 2066 924 über
2094 866 2154 926 alle
2182 866 2292 926 Maßen
2326 867 2464 927 geduldig
2498 864 2552 924 und
2586 864 2668 924 hatte
2697 864 2735 924 ein

467 876 597 936 mann
637 874 683 934 die
719 876 1288 936 Testamentseröffnung
1329 876 1585 936 vorgenommen.

1630 906 1806 966 unerhörtes
1840 908 2021 968 Feingefühl
2044 908 2093 968 für
2127 910 2176 970 den
2211 912 2343 972 Zustand
2377 911 2509 971 nervöser
2543 909 2747 969 Unsicherheit

558 921 626 981 Das
669 921 848 981 Testament
891 924 1012 984 enthält
1050 923 1144 983 neben
1187 924 1271 984 einer
1309 924 1456 984 Reihe
1493 920 1572 980 von

1637 951 1689 1011 und
1716 951 1874 1011 Ungeduld
1901 951 1948 1011 des
1975 954 2208 1014 Schauspielers
2235 957 2292 1017 auf
2309 957 2361 1017 den
2388 957 2477 1017 ersten
2504 954 2620 1014 Proben
2647 954 2657 1014 —
2705 955 2746 1015 so¬

461 966 557 1026 rein
603 966 891 1026 familiären
937 969 1305 1029 Bestimmungen
1357 966 1424 1026 auch
1470 963 1583 1023 Ver¬

1632 996 1719 1056 lange
1745 995 1776 1055 er
1802 997 1868 1057 noch
1900 998 1992 1058 sucht.
2024 1000 2075 1060 Ich
2117 1000 2199 1060 kann
2241 1000 2307 1060 mich
2339 1001 2369 1061 an
2406 1001 2508 1061 Worte
2540 1001 2617 1061 kaum
2664 1001 2746 1061 mehr

468 1013 702 1073 fügungen
733 1014 950 1074 betreffs
981 1013 1058 1073 des
1089 1013 1421 1073 literarischen
1458 1013 1584 1073 Nach¬

1629 1040 1789 1100 erinnern,
1825 1042 1869 1102 die
1906 1042 1940 1102 er
1976 1046 2081 1106 gesagt
2117 1046 2187 1106 hat.
2218 1047 2328 1107 Darum
2384 1046 2424 1106 um
2465 1046 2490 1106 so
2520 1049 2605 1109 mehr
2631 1049 2666 1109 an
2702 1047 2746 1107 die

464 1058 610 1118 lasses
645 1055 718 1115 des
747 1060 984 1120 Dichters,
1008 1057 1052 1117 die
1081 1059 1103 1119 in
1138 1059 1188 1119 den
1223 1058 1426 1118 wesentlichen
1455 1058 1584 1118 Einzel¬

1634 1086 1798 1146 rührende,
1830 1088 1902 1148 mich
1949 1091 2129 1151 manchmal
2166 1091 2227 1151 fast
2269 1091 2485 1151 erschütternde
2517 1094 2620 1154 Macht
2651 1094 2749 1154 seiner

466 1103 557 1163 heiten
585 1101 677 1161 jedoch
710 1103 763 1163 erst
785 1103 888 1163 später
916 1104 1138 1164 veröffentlicht
1160 1106 1268 1166 werden
1301 1103 1409 1163 sollen.

1629 1132 1717 1192 bloße
1740 1136 1967 1196 Anwesenheit.
1990 1136 2211 1196 Stundenlang
2245 1137 2289 1197 saß
2323 1138 2350 1198 er
2378 1139 2456 1199 ganz
2473 1139 2533 1199 still
2556 1139 2588 1199 da
2623 1139 2678 1199 und
2706 1137 2744 1197 ich

557 1146 611 1206 Ein
639 1148 783 1208 Nachsatz
806 1151 855 1211 zum
900 1151 1077 1211 Testament
1100 1151 1260 1211 behandelt
1288 1149 1332 1209 die
1355 1149 1576 1209 Verfügungen

1635 1176 1711 1236 hatte
1734 1178 1778 1238 oft
1795 1181 1849 1241 das
1878 1181 2070 1241 unheimliche
2099 1183 2225 1243 Gefühl,
2242 1183 2292 1243 als
2314 1183 2419 1243 gehöre
2441 1184 2468 1244 er
2491 1184 2546 1244 gar
2569 1184 2645 1244 nicht
2662 1184 2745 1244 mehr

463 1193 511 1253 des
533 1193 694 1253 Dichters,
711 1195 872 1255 betreffend
900 1195 953 1255 sein
981 1195 1294 1255 Leichenbegängnis,
1316 1196 1375 1256 doch
1397 1195 1510 1255 werden
1538 1194 1580 1254 die

1634 1227 1659 1287 zu
1690 1223 1736 1283 den
1773 1225 1948 1285 Lebenden,
1969 1225 2010 1285 sei
2031 1228 2222 1288 unmerkbar
2259 1228 2398 1288 erloschen
2445 1229 2501 1289 und
2543 1228 2640 1288 könne
2682 1231 2743 1291 noch

463 1238 657 1298 endgültigen
690 1240 921 1300 Dispositionen
954 1243 1002 1303 von
1035 1244 1083 1304 der
1106 1243 1240 1303 Familie
1262 1243 1321 1303 erst
1343 1243 1370 1303 im
1408 1240 1505 1300 Laufe
1532 1238 1575 1298 des

1632 1266 1705 1326 nicht
1733 1270 1790 1330 fort
1812 1270 1859 1330 von
1891 1271 1980 1331 seinem
2018 1273 2134 1333 Werk.
2150 1273 2208 1333 Nie
2230 1273 2324 1333 werde
2346 1273 2382 1333 ich
2409 1273 2451 1333 die
2478 1276 2747 1336 unveränderliche

461 1284 598 1344 heutigen
627 1285 843 1345 Nachmittags
877 1288 1020 1348 getroffen
1048 1288 1186 1348 werden.

1638 1313 1826 1373 Schwermut
1849 1313 1943 1373 dieses
1971 1315 2121 1375 Gesichtes
2154 1315 2315 1375 vergessen.

553 1328 616 1388 Die
648 1330 858 1390 Totenmaske
891 1332 995 1392 wurde
1028 1332 1080 1392 vom
1122 1332 1348 1392 akademischen
1386 1332 1491 1392 Maler
1523 1333 1575 1393 Leo

1717 1363 1781 1423 Für
1815 1361 1879 1421 mich
1912 1360 2015 1420 wurde
2048 1361 2096 1421 die
2124 1363 2243 1423 Freude
2271 1363 2308 1423 an
2341 1363 2389 1423 der
2417 1363 2650 1423 Probenarbeit
2678 1366 2726 1426 zum

460 1373 606 1433 Delitz
623 1375 709 1435 heute
726 1377 968 1437 abgenommen.
980 1378 1298 1438 Kondolenzschreiben
1326 1378 1385 1438 und
1407 1378 1574 1438 Depeschen

1638 1405 1736 1465 „Gang
1770 1407 1814 1467 zum
1853 1405 1996 1465 Weiher"
2025 1407 2112 1467 unter
2135 1407 2184 1467 der
2207 1408 2300 1468 Regie
2323 1407 2433 1467 Albert
2451 1410 2566 1470 Heines
2589 1410 2676 1470 durch
2705 1411 2743 1471 die

464 1423 521 1483 sind
550 1422 573 1482 in
603 1425 712 1485 großer
736 1425 817 1485 Zahl
840 1425 863 1485 im
905 1425 1118 1485 Trauerhause
1142 1423 1338 1483 eingelangt.

1630 1452 1835 1512 Anwesenheit
1863 1451 2046 1511 Schnitzlers
2079 1455 2224 1515 geradezu
2258 1453 2284 1513 in
2322 1455 2538 1515 unheimlicher
2566 1455 2668 1515 Weise
2696 1455 2744 1515 ge¬

1632 1497 1761 1557 steigert.
1783 1497 1825 1557 So
1853 1500 1955 1560 wurde
1983 1499 2031 1559 für
2059 1500 2129 1560 mich
2156 1500 2199 1560 die
2226 1500 2447 1560 Vorbereitung
2480 1503 2507 1563 zu
2540 1503 2631 1563 dieser
2659 1503 2745 1563 Rolle

1628 1552 1655 1612 zu
1689 1545 1766 1605 einem
1811 1546 1888 1606 ganz
1911 1546 2021 1606 großen
2055 1547 2282 1607 künstlerischen
2316 1548 2482 1608 Erlebnis.

459 1576 1098 1636 „SCMIMNER

1717 1593 1816 1653 Heute
1845 1593 1922 1653 kann
1956 1595 1994 1655 ich
2023 1594 2055 1654 es
2084 1596 2172 1656 sagen
2206 1590 2216 1650 —

2277 1595 2304 1655 da
2339 1595 2367 1655 er
2402 1596 2475 1656 nicht
2504 1596 2588 1656 mehr
2617 1595 2673 1655 lebt
2696 1591 2713 1651 -

567 1628 667 1688 Der
698 1634 833 1694 neue
873 1634 1108 1694 Strum.p!

1628 1637 1667 1697 ich
1690 1637 1769 1697 hatte
1793 1638 1871 1698 jeden
1900 1640 1962 1700 Tag
1990 1640 2102 1700 Angst,
2121 1641 2148 1701 er
2166 1640 2267 1700 würde
2290 1640 2324 1700 am
2358 1640 2493 1700 nächsten
2517 1643 2646 1703 Morgen
2675 1642 2748 1702 nicht

1632 1685 1707 1745 mehr
1734 1685 1890 1745 kommen.
1912 1686 1960 1746 Ich
1993 1688 2090 1748 wollte
2117 1688 2225 1748 immer
2247 1688 2365 1748 sagen:
2393 1688 2478 1748 „Eilt
2501 1688 2581 1748 euch,
2603 1688 2656 1748 eilt
2679 1688 2743 1748 euch

1147 1702 1205 1762 bel
1216 1696 1573 1756 ITTNERI

1634 1731 1686 1791 mit
1713 1731 1760 1791 den
1793 1733 1940 1793 Proben,
1963 1733 2015 1793 wir
2047 1733 2153 1793 müssen
2190 1733 2258 1793 bald
2291 1733 2417 1793 spielen,
2439 1733 2539 1793 damit
2566 1733 2592 1793 er
2620 1733 2651 1793 es
2683 1733 2746 1793 noch

454 1745 782 1805 Kärntnerstraße
817 1748 827 1808 /
847 1748 1127 1808 Splegelgasse
1157 1748 1171 1808 /
1186 1748 1574 1808 Margaratenstraße

1629 1779 1713 1839 sieht.
1748 1776 1792 1836 Er
1816 1778 1866 1838 hat
1889 1778 1946 1838 nur
1969 1780 2030 1840 ein-
2054 1779 2121 1839 oder
2150 1781 2285 1841 zweimal
2303 1781 2426 1841 längere
2450 1782 2518 1842 Zeit
2541 1781 2597 1841 mit
2620 1780 2676 1840 mir
2699 1776 2749 1836 ge¬

1634 1828 1786 1888 sprochen,
1809 1828 1859 1888 und
1888 1828 1927 1888 ich
1956 1828 2024 1888 war
2041 1828 2193 1888 unendlich
2216 1826 2373 1886 glücklich,
2397 1826 2442 1886 als
2459 1827 2487 1887 er
2505 1827 2566 1887 mir
2584 1825 2679 1885 sagte,
2691 1825 2741 1885 daß

521 1855 607 1915 Der
639 1855 914 1915 literarische
954 1858 1143 1918 Nachlaß
1183 1858 1253 1918 des
1294 1856 1521 1916 Dichters.

1629 1870 1670 1930 ich
1694 1871 1747 1931 das
1777 1872 1918 1932 Mädchen
1954 1873 2095 1933 Leonilda
2126 1874 2214 1934 genau
2244 1876 2273 1936 so
2297 1873 2403 1933 spiele,
2421 1873 2474 1933 wie
2498 1873 2527 1933 er
2551 1873 2580 1933 es
2604 1873 2657 1933 sich
2687 1871 2751 1931 vor¬

478 1915 548 1975 Ein
595 1917 987 1977 zurückgelassenes
1027 1918 1307 1978 Schauspiel:
1334 1920 1451 1980 „Zug
1491 1919 1562 1979 der

1628 1918 1751 1978 gestellt
1777 1918 1842 1978 hat.

893 1963 1137 2023 Schatten."

1642 1993 1882 2053 Schnitzlers
1920 1993 2085 2053 Werke
2125 1992 2169 2052 an
2215 1991 2290 2051 den
2328 1992 2508 2052 Wiener
2547 1990 2757 2050 Bühnen.

558 2016 596 2076 Im
641 2016 775 2076 Nachlaß
814 2017 934 2077 Arthur
967 2018 1248 2078 Schnitzlers
1281 2017 1414 2077 befindet
1447 2019 1497 2079 sich
1530 2016 1574 2076 ein

1725 2049 1771 2109 Im
1812 2049 2140 2109 Burgtheater
2175 2046 2233 2106 sind
2269 2046 2297 2106 in
2332 2046 2585 2106 chronologischer
2621 2045 2753 2105 Reihen¬

458 2062 749 2122 Schauspiel,
773 2062 895 2122 betitelt
931 2065 1041 2125 „Zug
1077 2064 1153 2124 der
1183 2064 1445 2124 Schatten“.
1469 2062 1515 2122 Ob
1550 2062 1579 2122 es

1641 2092 1716 2152 folge
1745 2094 1785 2154 die
1820 2094 2045 2154 nachstehenden
2087 2094 2196 2154 Werke
2232 2093 2347 2153 Arthur
2377 2091 2561 2151 Schnitzlers
2597 2093 2648 2153 zur
2678 2091 2758 2151 Auf¬

468 2111 544 2171 ganz
572 2106 726 2166 vollendet
754 2107 803 2167 ist,
832 2109 908 2169 steht
936 2109 1107 2169 allerdings
1141 2110 1223 2170 nicht
1251 2109 1317 2169 fest.
1345 2109 1493 2169 Daneben
1527 2109 1582 2169 hat

1641 2138 1767 2198 führung
1801 2141 1955 2201 gelangt:
1995 2139 2116 2199 1895:
2149 2139 2309 2199 „Liebelei
2359 2139 2591 2199 (Sonnenthal,
2625 2137 2757 2197 Mitter¬

467 2154 628 2214 Schnitzler
656 2154 682 2214 in
721 2154 769 2214 der
796 2154 893 2214 letzten
931 2156 1000 2216 Zeit
1028 2157 1119 2217 auch
1147 2157 1194 2217 an
1227 2154 1362 2214 einem
1405 2157 1572 2217 Roman

1629 2187 1764 2247 wurzer,
1783 2187 1971 2247 Sandrock),
1990 2186 2078 2246 „Das
2108 2184 2350 2244 Vermächtnis"
2380 2184 2557 2244 (Katharina
2588 2185 2752 2245 Schratt);

458 2202 752 2262 gearbeitet,
792 2202 870 2262 der
917 2203 1194 2263 vermutlich
1246 2205 1352 2265 aber
1399 2203 1489 2263 nur
1535 2202 1579 2262 in

1640 2231 1755 2291 1899:
1773 2232 1848 2292 „Die
1871 2231 2080 2291 Gefährtin",
2098 2231 2346 2291 „Paracelsus",
2359 2231 2445 2291 „Der
2468 2231 2561 2291 grüne
2579 2231 2757 2291 Kakadu,

464 2246 775 2306 Fragmenten
814 2248 969 2308 vorliegen
1009 2249 1125 2309 dürfte.

1640 2277 1751 2337 1905:
1782 2276 2053 2336 „Zwischenspiel“
2095 2277 2194 2337 (Josef
2219 2278 2336 2338 Kainz,
2366 2276 2448 2336 Lotte
2478 2276 2608 2336 Witt);
2638 2276 2755 2336 1910:

563 2294 719 2354 Hingegen
754 2294 841 2354 birgt
876 2295 928 2355 des
969 2295 1114 2355 Dichters
1149 2294 1288 2354 Nachlaß
1329 2297 1584 2357 zahlreiche

1640 2325 1724 2385 „Der
1748 2325 1831 2385 junge
1860 2323 2052 2383 Medardus"
2081 2322 2266 2382 (Bleibtreu,
2284 2323 2521 2383 Wohlgemuth,
2539 2324 2634 2384 Ernst
2657 2322 2752 2382 Hart¬

464 2342 894 2402 Aufzeichnungen,
935 2342 985 2402 die
1036 2343 1087 2403 sich
1138 2344 1172 2404 zu
1224 2342 1308 2402 einer
1360 2342 1586 2402 Autobio¬

1638 2368 1744 2428 mann,
1762 2369 1910 2429 Treßler,
1929 2369 2088 2429 Gerasch),
2112 2369 2201 2429 „Das
2225 2369 2313 2429 weite
2337 2369 2437 2429 Land"
2473 2369 2615 2429 (Korff);
2640 2369 2757 2429 1914:

462 2390 663 2450 graphie
696 2390 811 2450 werden
849 2390 1119 2450 zusammenfügen
1157 2390 1293 2450 können.

1640 2414 1822 2474 „Literatur
1883 2414 1937 2474 und
1972 2415 2059 2475 „Der
2104 2414 2231 2474 einsame
2275 2414 2374 2474 Weg“
2419 2415 2606 2475 (Bleibtreu,
2641 2414 2756 2474 Wohl¬

509 2449 602 2509 Dr.
625 2452 769 2512 Franz
799 2449 936 2509 Horch
973 2449 1270 2509 literarischer
1314 2452 1531 2512 Nachlaß¬

1634 2459 1777 2519 gemuth,
1794 2458 1943 2518 Walden,
1960 2460 2131 2520 Devrient,
2148 2461 2219 2521 Max
2248 2462 2424 2522 Paulsen);
2447 2461 2563 2521 1915:
2580 2461 2756 2521 „Komödie

1634 2503 1683 2563 der
1722 2504 1848 2564 Worte“
1893 2506 2080 2566 (Walden);
2130 2506 2246 2566 1920:
2291 2506 2379 2566 „Die
2413 2504 2622 2564 Schwestern,
2655 2506 2754 2566 oder;

894 2506 1166 2566 verwalter.

1638 2551 1790 2611 Casanova
1825 2550 1847 2610 in
1876 2550 1988 2610 Spaa"
2017 2553 2198 2613 (Marberg,
2221 2553 2334 2613 Retty,
2351 2551 2589 2611 Wohlgemuth,
2612 2554 2758 2614 Treßler,

557 2564 720 2624 Schnitzler
755 2565 805 2625 hat
840 2566 918 2626 schon
958 2566 1009 2626 vor
1043 2566 1161 2626 Jahren
1202 2566 1269 2626 Dr.
1298 2565 1399 2625 Franz
1433 2564 1585 2624 Horch,

1652 2596 1739 2656 päter
1778 2596 1982 2656 Romberg);
2033 2598 2154 2658 1924:
2198 2599 2380 2659 „Komödie
2431 2597 2485 2657 der
2525 2597 2728 2657 Verführung

463 2614 511 2674 den
566 2611 798 2671 Dramaturgen
852 2611 900 2671 der
950 2611 1095 2671 Berliner
1139 2609 1489 2669 Reinhardt=Bühnen,
1533 2608 1581 2668 der

1647 2643 1889 2703 Wohlgemuth,
1913 2643 2063 2703 Aslan);
2093 2645 2214 2705 1925:
2243 2644 2335 2704 „Der
2359 2643 2497 2703 Schleier
2521 2642 2566 2702 der
2591 2643 2752 2703 Beatrice“

465 2658 568 2718 früher
604 2658 632 2718 in
673 2658 800 2718 gleicher
835 2658 1037 2718 Eigenschaft
1073 2658 1101 2718 im
1148 2657 1286 2717 Theater
1327 2655 1350 2715 in
1397 2655 1448 2715 der
1483 2656 1587 2716 Josef¬

1642 2689 1839 2749 (Wagner);
1858 2689 1978 2749 1929:
2003 2691 2171 2751 „Komtesse
2196 2691 2328 2751 Mizzi",
2353 2692 2437 2752 „Der
2462 2690 2726 2750 Puppenspieler"

468 2707 541 2767 stadt
570 2706 643 2766 tätig
677 2706 762 2766 war,
785 2706 818 2766 zu
854 2706 949 2766 seinem
995 2705 1330 2765 literarischen
1364 2703 1585 2763 Nachlaß¬

1642 2736 1758 2796 1931:
1777 2736 1869 2796 „Der
1888 2737 1980 2797 Gang
2012 2739 2061 2799 zum
2105 2736 2246 2796 Weiher"
2278 2739 2493 2799 (Johannsen,
2513 2739 2635 2799 Balser,
2654 2739 2765 2799 Onno,

460 2754 716 2814 verwalter
744 2751 924 2811 bestimmt.

1643 2781 1770 2841 Heine).

554 2800 621 2860 Dr.
639 2800 735 2860 Horch
764 2799 797 2859 ist
826 2799 888 2859 noch
923 2799 1036 2859 gestern
1064 2799 1161 2859 abend
1190 2799 1245 2859 auf
1269 2796 1314 2856 die
1343 2796 1501 2856 Nachricht
1524 2796 1580 2856 von

1728 2826 1775 2886 Am
1823 2828 2076 2888 Deutschen
2124 2830 2483 2890 Volkstheater
2525 2830 2648 2890 wurden
2696 2829 2754 2889 seit

466 2847 515 2907 dem
555 2846 720 2906 plötzlichen
754 2844 836 2904 Tode
865 2843 920 2903 des
948 2846 1091 2906 Dichters
1120 2845 1175 2905 von
1209 2843 1313 2903 Berlin
1347 2841 1496 2901 abgereist
1524 2843 1579 2903 und

1635 2873 1684 2933 dem
1750 2875 1882 2935 Bestand
1938 2873 2037 2933 dieser
2082 2876 2197 2936 Bühne
2248 2876 2297 2936 die
2347 2876 2578 2936 nachfolgenden
2640 2874 2750 2934 Werke

465 2894 549 2954 trifft
578 2894 663 2954 heute
692 2891 759 2951 hier
788 2891 856 2951 ein,
885 2893 924 2953 um
970 2892 1020 2952 sich
1061 2892 1156 2952 sofort
1185 2891 1219 2951 an
1260 2889 1310 2949 die
1339 2888 1491 2948 Sichtung
1532 2888 1582 2948 des

1629 2923 1809 2983 Schnitzlers
1868 2923 1926 2983 zur
1985 2924 2188 2984 Aufführung
2252 2924 2426 2984 gebracht:
2480 2924 2566 2984 1893
2625 2924 2747 2984 „Das

465 2941 645 3001 Nachlasses
676 2939 706 2999 zu
745 2940 887 3000 machen.

1637 2970 1883 3030 Märchen",
1902 2969 1982 3029 1900
2014 2970 2291 3030 „Freiwild"
2316 2969 2489 3029 (Gastspiel
2508 2969 2581 3029 Otto
2607 2969 2760 3029 Brahm),

498 3002 608 3062 Eine
646 3002 977 3062 Trauerfahne
1014 3002 1102 3062 auf
1132 3002 1205 3062 dem
1265 2999 1434 3059 Giebel
1464 2997 1544 3057 des

1641 3015 1718 3075 1903
1755 3015 2042 3075 „Lebendige
2073 3017 2330 3077 Stunden",
2355 3017 2432 3077 1905
2475 3016 2745 3076 „Freiwild“

849 3058 1208 3118 Burgtheaters.

1641 3061 1767 3121 (eigenes
1818 3060 2005 3120 Ensemble)
2061 3061 2121 3121 und
2177 3064 2292 3124 „Der
2337 3061 2480 3121 grüne
2531 3061 2723 3121 Kakadu

1640 3106 1681 3166 (60
1741 3109 2017 3169 Aufführungen),
2065 3109 2147 3169 1909
2200 3108 2483 3168 „Liebelei",
2525 3109 2748 3169 „Anatol"

560 3117 911 3177 Burgtheaterdirektor
957 3115 1064 3175 Anton
1111 3115 1365 3175 Wildgans
1423 3114 1479 3174 hat
1525 3114 1587 3174 an¬

1641 3151 1682 3211 (46
1724 3157 2000 3217 Aufführungen),
2024 3157 2136 3217 „Ruf
2166 3154 2243 3214 des
2273 3156 2496 3216 Lebens",
2520 3157 2602 3217 1912
2638 3154 2749 3214 „Der

462 3166 620 3226 geordnet,
637 3164 694 3224 daß
723 3163 778 3223 auf
802 3164 852 3224 dem
892 3163 1442 3223 Burgtheatergebäude
1471 3160 1583 3220 anläß¬

1636 3202 2054 3262 Puppenspieler,
2097 3202 2182 3262 1917
2225 3202 2365 3262 „Fink
2414 3201 2499 3261 und
2542 3201 2760 3261 Flieder¬

464 3213 514 3273 lich
543 3212 593 3272 des
622 3211 723 3271 Todes
752 3210 808 3270 von
837 3210 960 3270 Arthur
984 3209 1152 3269 Schnitzler
1181 3209 1226 3269 die
1249 3207 1582 3267 Trauerfahne

1633 3247 1792 3307 busch",
1817 3247 1899 3307 1918
1935 3247 2213 3307 „Professor
2237 3247 2532 3307 Bernhardi“
2569 3244 2639 3304 (100
2675 3243 2757 3303 Auf¬

462 3260 626 3320 gehißt
661 3257 751 3317 wird,
786 3256 854 3316 eine
888 3258 1036 3318 Ehrung,
1070 3257 1115 3317 die
1155 3257 1235 3317 sonst
1269 3255 1331 3315 nur
1366 3252 1575 3312 verstorbenen

1636 3293 1856 3353 führungen);
1885 3289 1929 3349 die
1963 3291 2061 3351 letzten
2101 3291 2261 3351 Vertreter
2295 3293 2345 3353 der
2378 3292 2566 3352 Titelrolle:
2595 3289 2732 3349 Wilhelm

461 3303 872 3363 Burgtheatermitgliedern
907 3305 1003 3365 zuteil
1027 3303 1118 3363 wird.

1641 3342 1767 3402 Klitsch,
1808 3339 1895 3399 Fritz
1936 3342 2092 3402 Kortner,
2128 3342 2220 3402 Hans
2267 3342 2417 3402 Hinrich,
2458 3342 2538 3402 1922
2592 3341 2759 3401 „Para¬

637 3367 712 3427 Der
755 3366 934 3426 Mensch
969 3368 1051 3428 und
1101 3366 1169 3426 der
1211 3366 1404 3426 Dichter.

1638 3387 1822 3447 celsus",
1864 3388 1944 3448 1925
1985 3387 2100 3447 „Der
2135 3389 2343 3449 Schleier
2378 3387 2458 3447 der
2494 3385 2753 3445 Pierette",

779 3419 839 3479 Von
867 3420 1022 3480 Hebwiz
1056 3420 1271 3480 Bleibtreu.

1640 3434 1747 3494 „Das
1776 3432 1912 3492 weite
1936 3432 2083 3492 Land“
2112 3432 2243 3492 (Arnold
2272 3435 2397 3495 Korff),
2420 3432 2755 3492 „Dereinsame

554 3470 672 3530 Arthur
707 3470 877 3530 Schnitzler
912 3470 973 3530 war
1008 3470 1053 3530 ein
1093 3470 1212 3530 Mensch
1247 3470 1303 3530 von
1338 3471 1365 3531 so
1400 3470 1496 3530 hoher
1525 3466 1592 3526 In¬

1640 3476 1750 3536 Weg“
1795 3476 1922 3536 (Albert
1956 3476 2200 3536 Bassermann),
2234 3478 2317 3538 1929
2362 3480 2439 3540 „Im
2495 3476 2639 3536 Spiel
2673 3473 2749 3533 der

462 3518 599 3578 telligen,
626 3517 689 3577 auch
721 3515 747 3575 im
791 3517 848 3577 rein
886 3515 1214 3575 Schauspielerischen,
1236 3515 1284 3575 daß
1321 3515 1347 3575 er
1374 3515 1469 3575 seinen
1502 3511 1586 3571 Dar¬

1638 3524 1995 3584 Sommerlüfte"
2030 3524 2222 3584 (Alexander
2251 3527 2381 3587 Moissi,
2405 3525 2552 3585 Johanna
2593 3522 2751 3582 Terwin).

462 3563 572 3623 stellern
611 3562 694 3622 durch
733 3561 810 3621 seine
845 3563 1109 3623 Aufzeichnungen
1149 3561 1332 3621 wertvollste
1365 3560 1448 3620 Hilfe
1482 3558 1581 3618 leisten

472 3611 600 3671 konnte.
616 3611 662 3671 Er
683 3608 806 3668 gehörte
832 3608 858 3668 zu
884 3608 935 3668 den
966 3609 1197 3669 angenehmsten
1229 3608 1383 3668 Autoren.
1404 3607 1512 3667 Nichts
1538 3607 1584 3667 lag

1836 3626 1990 3686 Tiefer
2033 3626 2251 3686 Eindruck
2295 3626 2329 3686 in
2379 3626 2555 3686 Berlin.

462 3653 482 3713 im
531 3655 646 3715 ferner,
668 3655 710 3715 als
742 3653 826 3713 durch
864 3655 937 3715 allzu
975 3655 1117 3715 häufiges
1150 3653 1340 3713 Dreinreden
1372 3652 1440 3712 oder
1467 3651 1588 3711 Unter¬

1822 3678 2013 3738 Telegramm
2063 3679 2195 3739 unseres
2232 3676 2559 3736 Korrespondenten.

462 3700 575 3760 brechen
612 3700 658 3760 die
690 3698 877 3758 Stimmung
914 3702 944 3762 zu
981 3700 1147 3760 zerstören,
1173 3698 1219 3758 die
1252 3697 1469 3757 Entwicklung
1506 3696 1589 3756 einer

2335 3726 2494 3786 Berlin.
2515 3727 2561 3787 22.
2577 3726 2716 3786 Oktober.

467 3745 559 3805 Szene
592 3747 619 3807 zu
652 3745 804 3805 hemmen.
832 3745 896 3805 Von
936 3743 978 3803 ihm
1028 3745 1120 3805 bleibt
1148 3744 1202 3804 das
1235 3742 1310 3802 Bild
1338 3744 1420 3804 einer
1453 3740 1593 3800 Persön¬

1724 3776 1799 3836 Auch
1833 3777 1853 3837 in
1887 3777 1989 3837 Berlin
2023 3777 2076 3837 hat
2104 3778 2146 3838 die
2169 3778 2325 3838 Nachricht
2353 3776 2401 3836 von
2440 3775 2482 3835 dem
2527 3775 2602 3835 Tode
2630 3775 2748 3835 Arthur

469 3793 603 3853 lichkeit,
621 3792 669 3852 die
691 3789 733 3849 als
767 3790 880 3850 Mensch
913 3788 967 3848 wie
995 3788 1043 3848 als
1070 3789 1195 3849 Dichter
1217 3789 1303 3849 gleich
1336 3787 1499 3847 anziehend
1526 3786 1590 3846 war

1634 3823 1830 3883 Schnitzlers,
1857 3823 1911 3883 auf
1944 3825 1993 3885 die
2026 3823 2167 3883 niemand
2206 3825 2314 3885 gefaßt
2347 3824 2428 3884 war,
2456 3821 2499 3881 bei
2532 3820 2602 3880 allen
2646 3821 2738 3881 seinen

468 3836 524 3896 und
550 3837 596 3897 die
628 3835 731 3895 unsere
757 3835 1077 3895 Schauspielerpsyche
1108 3835 1299 3895 wundervoll
1320 3835 1495 3895 verstanden
1527 3833 1593 3893 hat.

1634 3870 1818 3930 Verehrern,
1856 3870 1914 3930 das
1957 3870 2057 3930 heißt,
2089 3870 2115 3930 im
2173 3871 2279 3931 ganzen
2333 3868 2639 3928 theaterbesuchenden
2692 3867 2744 3927 und

468 3882 573 3942 Meine
598 3879 668 3939 erste
694 3879 975 3939 Schnitzler=Rolle
1001 3879 1065 3939 war
1091 3878 1116 3938 in
1146 3878 1196 3938 dem
1237 3879 1357 3939 Drama
1393 3878 1478 3938 „Das
1508 3876 1588 3936 Ver¬

1634 3918 1866 3978 bücherlesenden
1915 3918 2109 3978 Publikum,
2143 3918 2364 3978 schmerzlichste
2402 3915 2580 3975 Bewegung
2624 3913 2748 3973 hervor¬

467 3929 640 3989 mächtnis“
672 3927 757 3987 neben
789 3927 841 3987 der
868 3926 1009 3986 Schratt.
1026 3925 1115 3985 Dann
1147 3925 1252 3985 spielte
1274 3924 1310 3984 ich
1343 3926 1390 3986 als
1417 3923 1579 3983 Partnerin

1641 3965 1772 4025 gerufen.
1800 3966 1868 4026 Alle
1900 3965 2043 4025 Berliner
2081 3966 2207 4026 Blätter
2240 3963 2393 4023 würdigen
2431 3960 2457 4020 in
2495 3960 2664 4020 Nachrufen
2706 3957 2753 4017 die

470 3975 686 4035 Sonnenthals
714 3972 741 4032 in
768 3970 952 4030 Schnitzlers
985 3969 1196 4029 „Gefährtin“
1229 3969 1282 4029 und
1315 3969 1412 4029 später
1440 3970 1466 4030 in
1505 3969 1586 4029 „Der

1636 4011 1809 4071 Redeutung
1836 4013 1884 4073 des
1912 4012 2048 4072 Dichters
2081 4011 2129 4071 für
2151 4011 2200 4071 die
2222 4009 2460 4069 österreichische,
2482 4005 2525 4065 für
2553 4006 2596 4066 die
2618 4008 2747 4068 deutsche

467 4020 602 4080 einsame
625 4019 744 4079 Weg",
773 4018 863 4078 „Das
892 4014 981 4074 weite
1005 4017 1117 4077 Land"
1146 4017 1202 4077 und
1237 4017 1282 4077 die
1305 4017 1383 4077 Frau
1418 4016 1525 4076 Klähr
1548 4012 1570 4072 im

1643 4059 1692 4119 und
1733 4062 1782 4122 für
1810 4062 1854 4122 die
1888 4062 2138 4122 Weltliteratur.

473 4065 618 4125 „Jungen
651 4065 845 4125 Medardus“
