3392 4320
221 272 298 332 2.

365 279 846 339 Schnitzler
913 279 950 339 s
1017 279 1252 339 Death

1460 267 1598 327 box
1677 270 1861 330 43/4

2065 139 2170 199 dants
2196 142 2280 202 dans
2306 140 2415 200 toutes
2442 141 2488 201 les
2514 141 2661 201 grandes
2687 141 2801 201 villes.

2072 270 2268 330 Journal:

2409 321 2528 381 Lekur

2296 406 2357 466 24
2403 385 2670 445 CUTUBKE
2708 369 2778 429 ISS

2150 698 2264 758 Zum
2324 700 2583 760 Hinschieb
2628 698 2713 758 von
2759 702 2829 762 A.
2860 706 3119 766 Schnitzler

2217 763 2360 823 Nachdem
2400 764 2460 824 nun
2488 766 2621 826 Arthur
2644 769 2814 829 Schnitzler
2837 774 2936 834 seinem
2981 778 3130 838 Freunde

2154 806 2243 866 Hugo
2276 806 2333 866 von
2366 810 2646 870 Hofmannsthal
2673 810 2699 870 im
2742 812 2831 872 Tode
2859 818 3064 878 nachgefolgt
3091 820 3144 880 ist,

2152 846 2294 906 verliert
2324 846 2383 906 das
2418 848 2486 908 alte
2516 855 2717 915 Oesterreich
2752 855 2805 915 den
2845 858 2952 918 letzten
2987 861 3139 921 dichteri¬

2161 892 2230 952 schen
2269 891 2463 951 Chronisten
2501 895 2592 955 alter
2625 897 2760 957 Pracht.
2788 898 2863 958 Mit
2890 903 3062 963 Schnitzler
3095 905 3133 965 ist

2152 933 2201 993 ein
2245 936 2505 996 liebenswerter
2540 939 2672 999 Dichter
2722 943 2918 1003 gestorben;
2963 945 3026 1005 mit
3066 947 3119 1007 ihm

2153 978 2268 1038 scheint
2295 979 2432 1039 zugleich
2464 981 2632 1041 endgültig
2670 983 2727 1043 das
2760 986 2827 1046 alte
2854 987 3049 1047 Oesterreich
3081 988 3139 1048 be¬

2151 1021 2294 1081 graben,
2326 1022 2388 1082 das
2427 1025 2696 1085 aristokratische,
2728 1028 2947 1088 leichtsinnige
2985 1033 3047 1093 und
3085 1033 3134 1093 re¬

2152 1066 2307 1126 signierte
2335 1065 2555 1125 Oesterreich.

2217 1109 2416 1169 Schnitzler,
2437 1109 2530 1169 Sohn
2570 1112 2663 1172 eines
2698 1116 2964 1176 wohlhabenden
2998 1120 3138 1180 Wiener

2148 1151 2285 1211 Arztes,
2314 1152 2347 1212 ist
2375 1153 2468 1213 selbst
2497 1156 2580 1216 Arzt
2608 1155 2746 1215 gewesen
2780 1157 2790 1217 —
2847 1160 2951 1220 zuerst
2980 1160 3140 1220 Militär¬

2145 1194 2235 1254 arzt,
2267 1195 2330 1255 und
2367 1195 2430 1255 hat
2462 1197 2536 1257 nach
2573 1198 2631 1258 der
2669 1201 2885 1261 Publikation
2933 1204 3038 1264 seiner
3070 1201 3138 1261 Ge¬

2148 1237 2269 1297 schichte
2296 1236 2490 1296 „Leutnant
2518 1239 2633 1299 Gustl“
2666 1241 2771 1301 seinen
2803 1246 2924 1306 Dienst
2951 1249 3125 1309 quittieren

2148 1279 2286 1339 müssen.
2308 1278 2446 1338 Seitdem
2489 1285 2576 1345 lebte
2607 1283 2638 1343 er
2664 1283 2694 1343 in
2731 1285 2824 1345 Wien
2861 1288 2922 1348 und
2954 1288 3061 1348 schrieb

2144 1323 2228 1383 ohne
2265 1321 2361 1381 Wien
2403 1321 2440 1381 ist
2473 1326 2652 1386 Schnitzler
2690 1329 2780 1389 nicht
2812 1330 2843 1390 zu
2881 1330 3024 1390 denken,
3051 1336 3135 1396 ohne

2148 1368 2248 1428 seinen
2286 1368 2471 1428 Arztberuf
2493 1369 2583 1429 seine
2615 1372 2779 1432 Novellen
2811 1375 2912 1435 nicht.
2934 1373 3002 1433 Von
3035 1377 3129 1437 Wien

2147 1408 2199 1468 hat
2237 1408 2268 1468 er
2307 1410 2359 1470 die
2397 1411 2583 1471 Weichheit
2620 1414 2726 1474 seiner
2769 1419 3141 1479 Seelenlandschaften,

2143 1452 2196 1512 die
2224 1452 2434 1512 Leichtigkeit
2456 1454 2509 1514 der
2537 1456 2698 1516 Sprache,
2721 1459 2768 1519 die
2796 1461 2968 1521 Zartheit,
2991 1461 3017 1521 ja
3045 1462 3136 1522 Gra¬

2144 1499 2185 1559 zie
2216 1497 2319 1557 seiner
2346 1497 2536 1557 Gestalten,
2558 1500 2620 1560 vom
2662 1503 2832 1563 ärztlichen
2869 1506 3055 1566 Handwerk
3082 1506 3133 1566 die

2143 1539 2322 1599 Exaktheit
2344 1540 2449 1600 seiner
2471 1545 2724 1605 Beobachtung,
2746 1548 2803 1608 das
2831 1548 2920 1608 kühle
2942 1548 3052 1608 Wissen
3079 1550 3115 1610 um

2152 1583 2310 1643 Gefühle.

2360 1578 2370 1638 —
2429 1585 2508 1645 1862
2546 1585 2587 1645 ist
2620 1587 2651 1647 er
2684 1590 2853 1650 geboren,
2880 1590 2959 1650 1893
2997 1593 3124 1653 erschien

2147 1625 2304 1685 „Anatol

2347 1616 2356 1676 —
2417 1626 2498 1686 diese
2529 1628 2640 1688 Reihe
2671 1630 2731 1690 von
2772 1634 2893 1694 kleinen
2929 1635 3055 1695 Szenen

2139 1669 2186 1729 die
2219 1668 2421 1728 Schnitzlers
2459 1671 2554 1731 Ruhm
2609 1675 2859 1735 begründeten.
2891 1678 3040 1738 „Anatol

2142 1710 2203 1770 das
2229 1712 2265 1772 ist
2291 1713 2352 1773 uns
2379 1714 2477 1774 heute
2503 1715 2549 1775 ein
2580 1718 2719 1778 Begriff
2740 1718 2915 1778 geworden
2947 1720 2957 1780 —
3009 1722 3044 1782 ist
3071 1724 3127 1784 das

2142 1754 2260 1814 Wort,
2276 1754 2337 1814 mit
2363 1755 2414 1815 dem
2456 1755 2517 1815 wir
2544 1757 2595 1817 die
2621 1763 2878 1823 melancholische
2905 1766 3131 1826 Nichtstuerei

2144 1798 2233 1858 eines
2269 1799 2389 1859 jungen
2435 1801 2590 1861 Mannes
2626 1804 2837 1864 bezeichnen,
2863 1805 2918 1865 der
2954 1808 3054 1868 nichts
3090 1810 3119 1870 zu

2142 1840 2257 1900 denken
2293 1843 2353 1903 hat
2384 1840 2444 1900 und
2480 1842 2575 1902 nichts
2611 1846 2641 1906 zu
2677 1847 2752 1907 tun,
2778 1849 2832 1909 als
2863 1849 2893 1909 zu
2924 1851 3029 1911 lieben
3065 1851 3130 1911 und

2142 1885 2322 1945 enttäuscht
2353 1887 2383 1947 zu
2420 1887 2574 1947 werden.
2621 1889 2775 1949 Anatol:
2807 1893 2863 1953 das
2899 1892 2935 1952 ist
2966 1894 3017 1954 der
3054 1894 3120 1954 Don

2144 1930 2256 1990 Juan,
2279 1930 2333 1990 der
2360 1930 2592 1990 unglückliche,
2609 1934 2821 1994 schwächliche
2848 1937 2918 1997 Don
2945 1939 3037 1999 Juan
3076 1939 3129 1999 des

2137 1973 2402 2033 österreichischen
2441 1973 2500 2033 Fin
2527 1975 2565 2035 de
2593 1978 2706 2038 siècle.
2729 1978 2787 2038 Die
2815 1979 3032 2039 Aufführung
3065 1984 3124 2044 von

2142 2017 2326 2077 „Liebelei“
2369 2015 2442 2075 1895
2485 2017 2558 2077 war
2590 2019 2648 2079 der
2680 2018 2759 2078 erste
2791 2022 2891 2082 große
2923 2025 3128 2085 Bühnener¬

2143 2058 2200 2118 folg
2233 2058 2449 2118 Schnitzlers,
2470 2058 2496 2118 in
2534 2060 2586 2120 der
2613 2061 2666 2121 die
2693 2064 2851 2124 Nuance,
2872 2066 2930 2126 der
2951 2067 3056 2127 Duft,
3078 2067 3125 2127 die

2142 2101 2362 2161 Atmosphäre
2410 2103 2507 2163 einer
2538 2106 2718 2166 traurigen
2770 2108 2893 2168 kleinen
2935 2110 3032 2170 Liebe
3069 2112 3125 2172 der

2139 2145 2251 2205 wahre
2268 2147 2398 2207 Inhalt
2415 2148 2468 2208 ist.
2490 2148 2570 2208 Hier
2603 2149 2717 2209 finden
2744 2150 2803 2210 wir
2820 2151 2960 2211 wieder,
2966 2154 3046 2214 einen
3074 2154 3127 2214 für

2135 2190 2280 2250 allemal
2311 2188 2477 2248 geformt,
2518 2193 2800 2253 unverlierbaren
2846 2196 2951 2256 Besitz
2992 2199 3127 2259 unserer

2139 2231 2339 2291 Phantasie,
2367 2231 2426 2291 das
2464 2231 2540 2291 Bild
2589 2235 2648 2295 des
2687 2237 2822 2297 „Süßen
2860 2240 3023 2300 Mädels“
3072 2240 3125 2300 der

2139 2275 2271 2335 Wiener
2298 2276 2462 2336 Vorstadt
2489 2277 2552 2337 und
2585 2279 2638 2339 den
2670 2280 2813 2340 Begriff
2840 2281 2892 2341 der
2925 2282 3131 2342 „Liebelei“.

2202 2319 2267 2379 Des
2295 2318 2417 2378 jungen
2451 2321 2644 2381 Schnitzlers
2672 2324 2838 2384 Themen,
2861 2324 2915 2384 das
2943 2326 3043 2386 Spiel
3066 2327 3126 2387 mit

2137 2361 2193 2421 der
2219 2363 2316 2423 Liebe
2343 2363 2446 2423 haben
2482 2364 2528 2424 die
2555 2366 2698 2426 Spießer
2730 2367 2786 2427 der
2808 2367 2942 2427 vorigen
2978 2372 3127 2432 Genera¬

2132 2403 2196 2463 tion
2241 2404 2305 2464 auf
2338 2403 2392 2463 den
2442 2407 2528 2467 Plan
2572 2410 2729 2470 gerufen.
2763 2412 2833 2472 Der
2871 2414 3044 2474 „Reigen“
3083 2414 3126 2474 ist

2131 2448 2233 2508 lange
2265 2448 2414 2508 verboten
2450 2449 2615 2509 gewesen.
2636 2452 2837 2512 Schnitzlers
2864 2455 3028 2515 Einakter
3054 2457 3116 2517 und

2140 2491 2240 2551 kleine
2278 2494 2426 2554 Dramen
2469 2493 2569 2553 haben
2612 2496 2680 2556 viel
2713 2497 2834 2557 Erfolg
2872 2500 3009 2560 gehabt,
3037 2499 3126 2559 trotz¬

2135 2534 2186 2594 dem
2233 2534 2289 2594 der
2315 2535 2449 2595 Einsatz
2476 2536 2526 2596 des
2558 2539 2794 2599 Dramatikers
2821 2542 2924 2602 diesem
2966 2545 3114 2605 lyrischen

2133 2580 2262 2640 Talent
2290 2579 2387 2639 fehlt.
2415 2580 2491 2640 Nur
2518 2581 2566 2641 die
2600 2584 2767 2644 Komödie
2801 2584 2985 2644 „Professor
3018 2587 3125 2647 Bern¬

2135 2620 2249 2680 hardi“
2285 2620 2345 2680 hat
2371 2620 2381 2680 —
2436 2623 2542 2683 wegen
2578 2626 2633 2686 des
2669 2626 2814 2686 Themas
2845 2629 2910 2689 aus
2940 2629 2996 2689 dem
3036 2629 3126 2689 ärzt¬

2132 2664 2226 2724 lichen
2264 2661 2374 2721 Beruf
2406 2659 2416 2719 —
2469 2666 2579 2726 Staub
2617 2668 2875 2728 aufgewirbelt.
2897 2673 2985 2733 „Der
3012 2673 3117 2733 grüne

2139 2709 2307 2769 Kakadu“,
2334 2708 2382 2768 ein
2414 2709 2577 2769 Einakter
2610 2711 2662 2771 vom
2711 2715 2842 2775 Beginn
2879 2715 2932 2775 der
2965 2717 3122 2777 französi¬

2134 2752 2207 2812 schen
2245 2748 2478 2808 Revolution,
2500 2753 2557 2813 hat
2584 2754 2817 2814 dramatischen
2855 2759 3035 2819 Schwung.
3056 2759 3119 2819 Die

2137 2794 2310 2854 ziselierten
2348 2796 2586 2856 Erzählungen
2624 2799 2824 2859 Schnitzlers
2858 2802 2981 2862 haben,
3009 2804 3122 2864 soweit

2133 2839 2169 2899 sie
2202 2838 2350 2898 populär
2382 2839 2551 2899 geworden
2590 2842 2679 2902 sind,
2701 2843 2786 2903 diese
2818 2843 3046 2903 Popularität
3079 2841 3126 2901 ei¬

2133 2880 2185 2940 nem
2228 2882 2524 2942 Mißverständnis
2551 2885 2582 2945 zu
2609 2885 2756 2945 danken,
2773 2886 2825 2946 dem
2868 2888 3116 2948 Mißverständ¬

2133 2925 2185 2985 nis
2217 2924 2328 2984 derer,
2350 2924 2402 2984 die
2429 2924 2486 2984 das
2519 2927 2640 2987 Thema
2672 2927 2724 2987 der
2757 2930 2915 2990 Novellen
2953 2932 3116 2992 wichtiger

2130 2966 2273 3026 nahmen
2315 2967 2366 3027 als
2403 2966 2454 3026 die
2485 2969 2609 3029 Form.
2630 2971 2717 3031 Eine
2754 2972 2846 3032 solche
2882 2974 3037 3034 berühmt
3063 2972 3119 3032 ge¬

2129 3009 2287 3069 wordene
2325 3008 2472 3068 Novelle
2510 3010 2546 3070 ist
2584 3011 2642 3071 das
2684 3016 2869 3076 „Fräulein
2912 3016 3022 3076 Else“,
3055 3016 3112 3076 das

2137 3052 2391 3112 Selbstgespräch
2425 3054 2511 3114 eines
2539 3055 2658 3115 jungen
2691 3058 2891 3118 Mädchens,
2908 3058 2966 3118 das
2995 3059 3037 3119 sich
3065 3058 3119 3118 für

2130 3094 2177 3154 die
2214 3096 2362 3156 Familie
2395 3095 2526 3155 opfert.
2548 3098 2749 3158 Schnitzlers
2786 3101 3119 3161 Lieblingsthemen:

2130 3139 2361 3199 Erzählungen
2397 3140 2452 3200 von
2488 3141 2583 3201 jenem
2624 3142 2750 3202 Leben,
2771 3142 2831 3202 das
2856 3143 2911 3203 nie
2937 3145 3017 3205 weit
3043 3145 3098 3205 vom

2130 3182 2196 3242 Tod
2223 3184 2274 3244 ist,
2295 3183 2356 3243 und
2383 3181 2439 3241 von
2470 3183 2563 3243 jenem
2605 3186 2692 3246 Tod,
2708 3185 2765 3245 der
2786 3187 3007 3247 wehmütiges
3034 3187 3116 3247 Ver¬

2132 3223 2284 3283 schweben
2322 3224 2374 3284 ist,
2412 3227 2649 3287 Erzählungen
2702 3228 2760 3288 vom
2808 3232 2913 3292 Leben
2966 3232 3108 3292 zwischen

2132 3267 2207 3327 Eein
2240 3268 2304 3328 und
2332 3268 2515 3328 Nichtsein,
2532 3270 2672 3330 zwischen
2705 3273 2817 3333 Traum
2861 3274 2920 3334 und
2948 3276 3093 3336 Wirklich

2133 3312 2206 3372 keit,
2228 3311 2286 3371 das
2324 3310 2360 3370 ist
2387 3312 2445 3372 der
2478 3314 2668 3374 eigentliche
2695 3315 2833 3375 Inhalt
2860 3316 2917 3376 der
2950 3318 3108 3378 Novellen

2135 3354 2341 3414 „Sierben“,
2368 3357 2493 3417 „Spiel
2526 3357 2553 3417 im
2603 3359 2928 3419 Morgengrauen",
2956 3363 3124 3423 „Traum¬

2129 3399 2294 3459 novelle“.
2315 3399 2471 3459 Populär
2501 3401 2627 3461 werden
2658 3402 2733 3462 kann
2769 3405 2844 3465 kaum
2890 3405 2915 3465 je
2945 3405 3000 3465 das
3031 3404 3116 3464 Ent¬

2130 3444 2227 3504 zücken
2260 3443 2292 3503 an
2330 3441 2383 3501 der
2411 3442 2643 3502 Künstlichkeit
2670 3445 2729 3505 und
2762 3447 2939 3507 Fäh'gkeit
2962 3447 3010 3507 des
3043 3447 3112 3507 An¬

2132 3485 2267 3545 deutens
2313 3485 2378 3545 und
2414 3487 2650 3547 Verweilens,
2686 3486 2726 3546 an
2782 3488 2837 3548 der
2868 3491 3029 3551 Zartheit
3060 3489 3114 3549 der

2126 3530 2273 3590 Sprache
2299 3528 2313 3588 —
2368 3530 2560 3590 verbunden
2600 3532 2659 3592 mit
2684 3530 2737 3590 der
2768 3533 2905 3593 Schärfe
2935 3533 2999 3593 und
3030 3532 3117 3592 ärzt¬

2127 3572 2219 3632 lichen
2257 3572 2364 3632 Kühle
2398 3570 2451 3630 des
2484 3572 2646 3632 Wissens.
2668 3575 2754 3635 „Der
2787 3576 2862 3636 Weg
2895 3576 2949 3636 ins
2982 3578 3116 3638 Freie“,

2127 3617 2180 3677 der
2207 3618 2328 3678 einzige
2350 3617 2450 3677 große
2477 3617 2604 3677 Roman
2637 3617 2859 3677 Schnitzlers,
2875 3618 2912 3678 ist
2934 3620 3018 3680 nicht
3040 3623 3108 3683 sehr

2127 3659 2252 3719 beliebt
2282 3660 2479 3720 geworden.
2505 3660 2701 3720 Schnitzlers
2737 3662 2842 3722 letztes
2878 3662 2994 3722 Werk,
3019 3663 3094 3723 kaum

2127 3701 2186 3761 vor
2212 3704 2257 3764 ein
2288 3703 2372 3763 paar
2398 3703 2508 3763 Tagen
2539 3703 2735 3763 erschienen,
2756 3705 2790 3765 ist
2816 3706 2951 3766 „Flucht
2972 3706 3022 3766 ins
3052 3706 3112 3766 Le¬

2127 3748 2227 3808 ben“,
2254 3748 2322 3808 eine
2354 3746 2512 3806 Novelle,
2539 3747 2591 3807 die
2618 3748 2681 3808 das
2713 3748 2865 3808 Schicksal
2898 3749 2987 3809 eines
3019 3748 3114 3808 Offi¬

2125 3793 2209 3853 ziers
2236 3792 2378 3852 erzählt,
2400 3790 2453 3850 dem
2496 3790 2548 3850 der
2575 3793 2755 3853 Wahnsinn
2788 3793 2898 3853 droht,
2920 3793 2973 3853 der
3000 3793 3100 3853 seinen

2124 3835 2262 3895 Bruder
2294 3836 2324 3896 im
2371 3835 2705 3895 Verfolgungswahn
2742 3835 2891 3895 erschießt
2922 3837 2983 3897 und
3020 3835 3112 3895 selbst

2129 3879 2294 3939 zugrunde
2320 3876 2410 3936 geht.
2431 3876 2516 3936 Eine
2537 3878 2693 3938 traurige
2719 3879 2889 3939 Geschichte
2915 3879 2975 3939 aus
3006 3879 3091 3939 einem

2127 3921 2267 3981 Gemüt,
2294 3920 2353 3980 das
2389 3918 2480 3978 durch
2516 3920 2571 3980 den
2612 3921 2677 3981 Tod
2713 3919 2773 3979 der
2805 3921 2935 3981 kranken
2982 3924 3112 3984 Tochter

2128 3966 2310 4026 verdüstert
2338 3963 2393 4023 ist.
2410 3963 2587 4023 Schnitzler
2621 3965 2720 4025 rührt
2743 3966 2770 4026 in
2809 3966 2864 4026 der
2892 3967 3102 4027 zufälligsten

2133 4008 2265 4068 Novelle
2303 4008 2440 4068 plötzlich
2477 4008 2514 4068 an
2557 4008 2764 4068 verborgene
2796 4008 2933 4068 Tiefen.
2960 4010 3034 4070 Und
3072 4011 3103 4071 es

2128 4050 2163 4110 ist
2189 4051 2251 4111 kein
2287 4050 2447 4110 unreiner
2473 4051 2540 4111 Ton
2572 4052 2602 4112 in
2633 4050 2736 4110 seiner
2763 4051 2922 4111 Dichtung
2954 4053 3113 4113 gewesen.

2128 4096 2210 4156 Man
2244 4095 2387 4155 begräbt
2415 4095 2504 4155 einen
2543 4094 2681 4154 wirklich
2714 4097 2930 4157 seelenvollen
2964 4097 3113 4157 Dichter.
