3344 4352
1298 189 1357 249 193

573 312 691 372 vom:

811 385 1125 445 Erinnerung
1169 383 1217 443 an
1261 383 1415 443 Artur
1453 383 1742 443 Schnitzler

346 440 402 500 Der
424 443 552 503 Dichter
573 443 625 503 bei
646 441 697 501 der
718 440 816 500 Probe
843 440 941 500 seines
967 439 1075 499 letzten
1107 436 1236 496 Stückes
1257 437 1344 497 Spiel
1366 437 1417 497 der
1438 437 1671 497 Sommerlüfte“
1697 437 1717 497 im
1754 437 1924 497 Deutschen
1961 437 2074 497 Volks¬

1163 482 1263 542 theate

367 1930 423 1990 Von
456 1928 532 1988 links
558 1927 628 1987 nach
661 1926 781 1986 rechts:
808 1923 948 1983 Johanua
975 1921 1345 1981 Terwin-Moissi,
1365 1921 1512 1981 Direktor
1544 1923 1601 1983 Dr.
1627 1924 1749 1984 Beer,
1775 1925 1864 1985 Luise
1890 1927 2081 1987 UlIrich,

860 1969 943 2029 Toni
958 1969 1098 2029 Riedl
1127 1968 1378 2028 Alexander
1408 1968 1575 2028 Moissl.

1229 2097 1564 2157 Schnitzlers
1612 2087 1770 2147 letzte
1817 2073 2059 2133 Lebens¬

1584 2164 1721 2224 jahre

1263 2232 1355 2292 Artur
1379 2228 1570 2288 Schnitzler,
1588 2225 1646 2285 der
1670 2224 1693 2284 in
1728 2219 1780 2279 den
1816 2215 1926 2275 letzten
1961 2209 2071 2269 Jahren

1230 2279 1314 2339 nicht
1335 2276 1415 2336 mehr
1436 2275 1491 2335 gut
1517 2271 1617 2331 hörte,
1638 2267 1712 2327 lebte
1744 2265 1763 2325 in
1794 2260 1894 2320 seiner
1920 2255 2075 2315 Wohnung

1228 2323 1250 2383 in
1291 2321 1341 2381 der
1373 2316 1667 2376 Sternwartestraße
1699 2308 1834 2368 ziemlich
1871 2300 1975 2360 einsam
2021 2297 2074 2357 und

1226 2362 1484 2422 abgeschlossen.
1503 2359 1539 2419 Er
1562 2357 1611 2417 sah
1639 2355 1689 2415 nur
1712 2352 1784 2412 dann
1812 2345 1866 2405 und
1893 2343 1975 2403 wann
2002 2338 2079 2398 seine

1227 2407 1308 2467 alten
1342 2406 1480 2466 Freunde
1514 2403 1566 2463 bei
1595 2399 1657 2459 sich
1696 2395 1748 2455 und
1782 2392 1882 2452 folgte
1911 2383 2087 2443 manchmal

1226 2452 1441 2512 Einladungen
1477 2446 1577 2506 dieser
1608 2441 1763 2501 Freunde.
1809 2439 1839 2499 In
1875 2432 1924 2492 den
1965 2428 2085 2488 Abend¬

1228 2496 1363 2556 stunden
1389 2494 1499 2554 pflegte
1530 2490 1560 2550 er
1586 2487 1691 2547 immer
1717 2484 1741 2544 in
1772 2480 1817 2540 die
1843 2476 1938 2536 Stadt
1964 2474 1999 2534 zu
2025 2470 2089 2530 fah¬

1231 2538 1280 2598 ren
1312 2538 1370 2598 und
1402 2535 1460 2595 sich
1502 2528 1864 2588 Theatervorstellungen
1901 2518 2094 2578 anzusehen.

1236 2585 1270 2645 Er
1300 2580 1383 2640 hatte
1418 2579 1447 2639 es
1478 2575 1580 2635 immer
1616 2571 1808 2631 vermieden,
1828 2564 2000 2624 Premieren
2035 2559 2098 2619 bei¬

1226 2625 1424 2685 zuwohnen.

1270 2681 1313 2741 Am
1357 2676 1601 2736 Sonntagabend
1639 2670 1698 2730 war
1732 2667 1758 2727 er
1797 2666 1867 2726 noch
1905 2662 1926 2722 im
1971 2658 2057 2718 Aka¬

1278 2721 1511 2781 demietheater,
1554 2718 1604 2778 sah
1656 2713 1716 2773 sich
1773 2709 1829 2769 den
1880 2704 2061 2764 „Leutnant

1277 2768 1427 2828 Komma“
1452 2764 1506 2824 an,
1525 2762 1584 2822 und
1609 2759 1645 2819 am
1683 2756 1827 2816 Dienstag
1858 2749 2003 2809 besuchte
2033 2750 2063 2810 er

1548 2804 1593 2864 die
1626 2801 1797 2861 Komödie.

1269 2863 1449 2923 Schnitzler
1495 2858 1580 2918 hatte
1637 2854 1697 2914 vor
1748 2848 1899 2908 ungefähr
1950 2843 2100 2903 fünfund¬

1236 2908 1376 2968 zwanzig
1425 2903 1539 2963 Jahren
1588 2899 1658 2959 eine
1702 2894 1876 2954 Wienerin,
1898 2891 1968 2951 Olga
2001 2885 2103 2945 Guß¬

1243 2952 1377 3012 mann,
1398 2946 1589 3006 geheiratet,
1610 2940 1700 3000 deren
1731 2934 1921 2994 Schwester,
1942 2927 2092 2987 Elisabeth

1240 2994 1423 3054 Gußmann,
1462 2991 1510 3051 die
1543 2986 1618 3046 Frau
1651 2982 1705 3042 des
1732 2979 1965 3039 Schauspielers
1993 2972 2100 3032 Albert

1240 3038 1481 3098 Steinrück
1536 3030 1615 3090 war.
1655 3025 1718 3085 Vor
1748 3022 1856 3082 Jahren
1891 3019 1990 3079 wurde
2020 3013 2098 3073 diese

1244 3082 1308 3142 Ehe
1341 3078 1546 3138 geschieden.
1574 3072 1665 3132 Artur
1698 3066 1871 3126 Schnitzler
1904 3061 1963 3121 war
1996 3059 2098 3119 keiner

1238 3121 1296 3181 der
1346 3118 1572 3178 betriebsamen
1607 3114 1744 3174 Dichter,
1788 3107 1837 3167 die
1868 3107 1896 3167 es
1926 3106 1960 3166 zu
1995 3104 2102 3164 Reich¬

1243 3165 1359 3225 tümern
1397 3161 1565 3221 brachten:
1587 3153 1867 3213 Charakteristisch
1905 3150 1962 3210 ist,
1984 3147 2036 3207 daß
2068 3144 2099 3204 ex

1251 3207 1300 3267 das
1328 3204 1533 3264 bescheidene
1561 3201 1643 3261 Haus
1672 3200 1694 3260 in
1722 3198 1776 3258 der
1805 3192 2109 3252 Sternwartestraße

1250 3249 1302 3309 von
1335 3250 1435 3310 seinem
1478 3246 1609 3306 Bruder,
1631 3243 1741 3303 Hofrat
1769 3239 1826 3299 Dr.
1848 3234 2043 3294 Schnitzller,
2065 3231 2117 3291 ge¬

1251 3295 1342 3355 kauft
1369 3294 1483 3354 erhielt
1521 3288 1694 3348 Schnitzler
1727 3284 1808 3344 hatte
1841 3281 1867 3341 in
1906 3279 2014 3339 Berlin
2052 3279 2106 3339 und

1259 3338 1335 3398 Wien
1362 3338 1418 3398 und
1445 3338 1464 3398 in
1491 3335 1568 3395 ganz
1589 3329 1795 3389 Deutschland
1827 3325 1888 3385 eine
1915 3322 2012 3382 Reihe
2039 3321 2110 3381 ganz

1252 3383 1362 3443 großer
1400 3376 1642 3436 künstlerischer
1674 3373 1816 3433 Erfolge.
1859 3366 1958 3426 Seine
1991 3362 2111 3422 Bücher

1252 3423 1421 3483 erreichten
1452 3420 1601 3480 immense
1632 3415 1802 3475 Auflagen.
1823 3408 1972 3468 Trotzdem
2014 3407 2054 3467 ist
2080 3407 2111 3467 er

1252 3469 1311 3529 mit
1332 3467 1560 3527 Glücksgütern
1595 3461 1681 3521 nicht
1702 3460 1858 3520 gesegnet
1884 3452 2045 3512 gewesen.

1312 3520 1385 3580 Elne
1418 3519 1699 3579 Schultzler-Feier
1731 3515 1789 3575 des
1822 3512 2065 3572 Burgtheaters.

1299 3571 1360 3631 Wie
1395 3571 1562 3631 verlautet,
1606 3568 1697 3628 plant
1726 3565 1778 3625 das
1813 3565 2023 3625 Burgtheater
2053 3565 2114 3625 eine

1261 3616 1549 3676 Schnitzler-Feier,
1570 3613 1621 3673 bei
1648 3612 1699 3672 der
1726 3610 1787 3670 man
1824 3609 1864 3669 ein
1901 3607 1993 3667 Stück
2025 3607 2117 3667 Artur

1255 3661 1541 3721 Schnitzlers
1571 3658 1595 3718 in
1630 3655 1763 3715 neuer
1793 3652 2117 3712 Inszenierung

1258 3706 1499 3766 herausbringen
1534 3703 1608 3763 will.
1633 3700 1672 3760 So
1697 3697 1870 3757 sonderbar
1895 3697 1924 3757 es
1954 3695 2067 3755 klingt,

1298 3756 1540 3816 augenblicklich
1578 3750 1717 3810 befindet
1746 3750 1806 3810 sich
1844 3747 1909 3807 kein
1947 3747 2077 3807 einziges

1293 3801 1389 3861 Stück
1438 3798 1531 3858 Artur
1571 3792 1761 3852 Schnitzlers
1819 3791 1840 3851 im
1899 3787 2075 3847 Repertoire

1536 3840 1588 3900 des
1617 3836 1852 3896 Burgtheaters.

1261 3898 1319 3958 Die
1351 3897 1441 3957 letzte
1473 3891 1627 3951 Premiere
1665 3888 1722 3948 des
1761 3886 1983 3946 Burgtheaters
2026 3885 2121 3945 „Der

1264 3941 1378 4001 Gang
1431 3937 1503 3997 zum
1561 3932 1752 3992 Weiher“
1801 3926 1996 3986 verschwand
2050 3926 2116 3986 rald

1265 3984 1339 4044 nach
1370 3981 1425 4041 der
1456 3977 1607 4037 Premiere
1643 3976 1753 4036 wieder
1784 3973 1839 4033 vom
1885 3971 2061 4031 Spielplan.
2087 3968 2116 4028 In

1264 4028 1366 4088 dièser
1391 4025 1494 4085 Saison
1533 4022 1631 4082 wollte
1661 4020 1773 4080 Hofrat
1798 4016 1960 4076 Wildgans
1985 4013 2121 4073 Schnitz¬

1268 4073 1326 4133 lers
1347 4067 1675 4127 Casanova-Komödie
1710 4062 1803 4122 „Die
1818 4058 2117 4118 Schwestern“

1265 4117 1290 4177 im
1338 4112 1639 4172 Akademietheater
1666 4109 1801 4169 spielen.
