3392 4352
226 441 945 501 OBSERVER

315 500 337 560 I.
354 503 475 563 österr.
484 506 636 566 behördl.
649 509 948 569 konzessioniertes

271 543 507 603 Unternehmen
539 546 587 606 für
610 549 1003 609 Zeitungs-Ausschnitte

322 601 471 661 WIEN,
498 604 544 664 I.,
571 608 851 668 WOLLZEILE
904 613 943 673 11

414 655 632 715 TELEPHON
669 658 850 718 R-23-0-43

493 811 641 871 YORK
695 810 857 870 TIMES

662 1012 856 1072 NOVEM

398 1198 758 1258 ARTIIUR
832 1198 1389 1258 SCIIMTZLER

389 1316 434 1376 By
455 1316 560 1376 IRMA
590 1315 750 1375 KRAFT.

925 1315 1132 1375 Schnitzler's
1159 1318 1283 1378 shorter
1319 1318 1442 1378 novels,
1469 1321 1526 1381 and
1562 1322 1597 1382 of

929 1357 1122 1417 "Theresa,"
1156 1359 1252 1419 which
1286 1359 1298 1419 I
1328 1359 1462 1419 believed
1500 1362 1596 1422 would

259 1365 303 1425 N
344 1365 394 1425 his
420 1367 571 1427 spacious
598 1367 688 1427 home
719 1366 744 1426 in
779 1366 900 1426 Vienna

928 1398 1020 1458 make
1049 1398 1061 1458 a
1094 1401 1223 1461 stirring
1256 1401 1361 1461 drama
1394 1401 1426 1461 of
1455 1403 1503 1463 the
1532 1404 1588 1464 nev

302 1407 353 1467 the
369 1407 533 1467 afternoon
553 1407 604 1467 sun
628 1407 741 1467 poured
765 1407 894 1467 througl

303 1449 316 1509 a
348 1449 438 1509 broad
470 1449 560 1509 study
592 1449 736 1509 window,
755 1451 894 1511 lingered
922 1441 994 1501 form
1035 1442 1107 1502 akin
1135 1443 1161 1503 to
1189 1444 1338 1504 Langer's
1365 1446 1577 1506 "Perlphery,

303 1489 375 1549 over
402 1488 482 1548 rows
509 1491 542 1551 of
568 1491 680 1551 books,
702 1491 774 1551 over
804 1492 893 1552 many
928 1480 1027 1540 which
1057 1483 1121 1543 was
1147 1486 1215 1546 then
1245 1488 1356 1548 having
1383 1488 1395 1548 a
1421 1488 1600 1548 successful

248 1533 380 1593 aluable
405 1533 553 1593 etchings
578 1533 637 1593 and
667 1533 755 1593 came
780 1533 813 1593 at
839 1533 902 1593 last
932 1528 986 1588 run
1016 1524 1040 1584 in
1066 1527 1202 1587 Vienna,

960 1566 1222 1626 “Daybreak,'"
1253 1571 1286 1631 he
1308 1569 1394 1629 sald,
1412 1571 1493 1631 "was
1519 1571 1600 1631 writ-

242 1574 261 1634 o
286 1574 350 1634 rest
375 1574 407 1634 on
432 1574 484 1634 the
509 1572 602 1632 broad
627 1573 699 1633 brow
732 1574 764 1634 of
784 1574 901 1634 Arthur

929 1607 973 1667 ten
997 1607 1021 1667 in
1042 1607 1094 1667 two
1115 1610 1187 1670 days
1208 1610 1228 1670 in
1252 1610 1309 1670 two
1330 1613 1394 1673 long
1415 1613 1560 1673 sittings.
1573 1614 1600 1674 It

242 1613 430 1673 Schnitzler.
451 1613 514 1673 The
539 1613 660 1673 creator
678 1614 711 1674 of
732 1613 887 1673 "Anatol,

238 1655 457 1715 Daybreak,"
499 1654 686 1714 “Theresa,"
728 1655 894 1715 “Fraulein
927 1649 1014 1709 came
1039 1650 1139 1710 direct
1160 1652 1226 1712 from
1264 1653 1334 1713 life,
1352 1655 1417 1715 from
1459 1655 1471 1715 a
1497 1655 1596 1715 young

237 1695 329 1755 Elsa"
365 1697 421 1757 and
458 1697 550 1757 many
583 1697 671 1757 other
700 1695 804 1755 novels
836 1696 896 1756 and
925 1691 1045 1751 officer
1066 1691 1130 1751 who
1150 1693 1206 1753 had
1231 1694 1315 1754 come
1336 1694 1363 1754 to
1388 1694 1432 1754 me
1452 1697 1605 1757 concern¬

238 1740 322 1800 plays
354 1739 527 1799 impressed
564 1736 616 1796 the
649 1736 757 1796 vialtor
790 1736 902 1796 imme-
927 1734 975 1794 Ing
1008 1733 1088 1793 some
1116 1735 1233 1795 trouble
1257 1736 1293 1796 he
1322 1736 1382 1796 was
1407 1737 1454 1797 in.
1491 1738 1507 1798 A
1539 1737 1587 1797 few

233 1777 348 1837 diately
383 1777 451 1837 with
490 1777 536 1837 his
567 1777 733 1837 enormous
768 1777 900 1837 interest
930 1775 1006 1835 days
1028 1777 1105 1837 later
1122 1777 1135 1837 I
1157 1777 1280 1837 learned
1302 1777 1374 1837 that
1392 1777 1426 1837 he
1447 1777 1503 1837 had
1529 1779 1601 1839 shot

237 1819 262 1879 in
297 1819 480 1879 humanity.
524 1820 579 1880 His
613 1819 801 1879 personality
835 1818 899 1878 was
925 1816 1074 1876 himself.
1117 1817 1134 1877 I
1169 1817 1249 1877 filled
1288 1819 1313 1879 in
1357 1819 1407 1879 the
1442 1819 1600 1879 incidents

237 1861 353 1921 replete
382 1862 450 1922 with
483 1862 599 1922 power,
624 1861 797 1921 magnetism
838 1860 898 1920 and
927 1858 999 1918 from
1036 1858 1084 1918 the
1105 1859 1185 1919 clues
1205 1858 1237 1918 he
1258 1861 1314 1921 had
1339 1861 1423 1921 given
1448 1861 1512 1921 me.
1536 1861 1596 1921 And

925 1899 1059 1959 Theresa
1089 1901 1101 1961 I
1122 1902 1185 1962 met
1206 1901 1239 1961 as
1261 1903 1315 1963 she
1341 1903 1387 1963 lay
1412 1903 1504 1963 dying
1534 1904 1559 1964 in
1584 1903 1596 1963 a

236 1903 371 1963 charm.

266 1944 366 2004 There
391 1944 450 2004 was
475 1942 563 2002 much
592 1941 684 2001 about
709 1942 757 2002 him
793 1942 865 2002 that
886 1942 898 2002 I
926 1942 1071 2002 hospital
1088 1942 1152 2002 cot.
1184 1944 1248 2004 Her
1269 1944 1317 2004 son
1346 1944 1397 2004 had
1426 1944 1595 2004 attempted

235 1986 355 2046 wanted
388 1986 417 2046 to
451 1986 732 2046 know-primarily
766 1985 824 2045 how
866 1984 898 2044 he
928 1983 957 2043 to
990 1983 1040 2043 rob
1073 1983 1131 2043 and
1165 1983 1235 2043 then
1268 1986 1397 2046 murder
1426 1986 1496 2046 her.
1538 1985 1600 2045 She

236 2025 294 2085 had
330 2028 439 2088 turned
474 2028 544 2088 from
595 2028 743 2088 medicine
779 2025 809 2085 to
845 2025 895 2085 the
923 2026 1043 2086 begged
1079 2025 1125 2085 me
1157 2026 1184 2086 to
1216 2026 1266 2086 use
1297 2025 1348 2085 my
1379 2028 1539 2088 influence
1567 2028 1597 2088 so

238 2066 358 2126 writing
387 2070 418 2130 of
443 2070 548 2130 novels
576 2070 628 2130 and
661 2070 685 2130 to
713 2070 725 2130 a
758 2068 894 2128 mastery
924 2066 1000 2126 that
1024 2068 1060 2128 he
1089 2067 1185 2127 would
1218 2070 1270 2130 not
1298 2070 1330 2130 be
1359 2070 1500 2130 hanged.
1540 2071 1600 2131 She

237 2111 271 2171 of
293 2111 339 2171 the
366 2110 609 2170 craftsmanship
640 2110 670 2170 of
692 2109 742 2169 the
764 2109 905 2169 theatre,
927 2108 991 2168 told
1022 2110 1068 2170 me
1090 2110 1158 2170 that
1180 2111 1205 2171 it
1228 2112 1287 2172 was
1309 2112 1364 2172 her
1390 2112 1454 2172 own
1480 2112 1535 2172 life
1557 2110 1608 2170 be¬

270 2145 354 2205 "But
370 2150 382 2210 I
402 2150 478 2210 have
503 2152 555 2212 not
572 2150 680 2210 turned
704 2149 768 2209 from
805 2147 905 2207 medi-
926 2150 998 2210 foro
1027 2151 1063 2211 he
1096 2150 1159 2210 was
1192 2152 1260 2212 born
1297 2152 1365 2212 that
1393 2153 1449 2213 had
1486 2153 1578 2213 cause

235 2192 334 2252 cine,"
360 2192 438 2252 Herr
460 2192 634 2252 Schnitzler
651 2190 713 2250 said
735 2189 759 2249 in
785 2190 797 2250 a
818 2189 905 2249 care-
930 2192 980 2252 his
1010 2193 1234 2253 delinquency;
1255 2193 1322 2253 also
1347 2193 1397 2253 the
1426 2195 1609 2255 precarious

234 2231 293 2291 ful,
311 2231 422 2291 almost
444 2234 590 2294 classical
608 2231 762 2291 German;
784 2230 818 2290 “I
840 2230 904 2290 will
930 2233 1063 2293 manner
1085 2235 1110 2295 in
1137 2236 1230 2296 which
1257 2234 1308 2294 she
1330 2237 1386 2297 had
1412 2237 1471 2297 had
1498 2237 1523 2297 to
1545 2235 1605 2295 live

238 2273 333 2333 nover
370 2273 440 2333 turn
486 2273 552 2333 from
611 2273 780 2333 medicine.
835 2273 900 2333 The
934 2275 1016 2335 when
1042 2278 1079 2338 he
1100 2276 1162 2336 was
1183 2278 1195 2338 a
1220 2276 1294 2336 little
1320 2279 1390 2339 boy.
1423 2279 1456 2339 In
1481 2279 1493 2339 a
1519 2279 1597 2339 flash

242 2315 436 2375 laboratory,
462 2317 511 2377 my
545 2315 657 2375 office,
682 2315 736 2375 the
765 2312 906 2372 medical
932 2316 989 2376 her
1019 2318 1073 2378 life
1106 2319 1193 2379 came
1222 2318 1255 2378 to
1285 2320 1351 2380 me.
1397 2321 1413 2381 A
1451 2321 1559 2381 novel,
1588 2318 1600 2378 a

237 2355 344 2415 clinics
366 2356 415 2416 are
440 2356 485 2416 my
511 2354 723 2414 storehouses.
748 2353 814 2413 Men
840 2353 897 2413 and
931 2359 1060 2419 drama,
1081 2360 1093 2420 a
1123 2359 1205 2419 film.
1243 2358 1409 2418 Theresa'
1430 2360 1455 2420 is
1480 2361 1600 2421 written

237 2395 354 2455 women
381 2398 469 2458 come
492 2398 522 2458 to
549 2398 594 2458 me
621 2398 716 2458 dally,
736 2395 765 2455 to
793 2394 902 2454 expose

932 2401 951 2461 in
984 2401 1094 2461 actual
1114 2401 1167 2461 film
1208 2401 1305 2461 form.

238 2437 318 2497 their
351 2437 512 2497 turmoils,
537 2439 565 2499 to
598 2437 654 2497 tell
679 2435 727 2495 me
760 2434 901 2494 honestly

962 2442 1076 2502 Behind
1106 2444 1152 2504 hin
1182 2443 1275 2503 broad
1305 2445 1398 2505 study
1428 2443 1513 2503 table
1539 2446 1598 2506 and

238 2479 319 2539 their
362 2479 520 2539 troubles.
572 2477 606 2537 In
654 2476 760 2536 baring
807 2476 901 2536 these
936 2482 1004 2542 with
1044 2485 1094 2545 his
1125 2485 1214 2545 sense
1249 2485 1279 2545 of
1313 2487 1463 2547 dignified
1502 2488 1604 2548 power

240 2521 375 2581 troubles
403 2521 472 2581 they
500 2518 668 2578 inevitably
691 2517 765 2577 show
803 2517 905 2577 them-
933 2526 1017 2586 Herr
1040 2527 1212 2587 Schnitzler
1236 2528 1282 2588 did
1306 2529 1357 2589 not
1376 2530 1491 2590 appear
1515 2530 1542 2590 to
1566 2530 1603 2590 be

239 2561 357 2621 pelves,
384 2561 465 2621 their
498 2559 708 2619 psychology,
730 2557 783 2617 the
817 2556 897 2616 dasly
930 2568 1087 2628 anything
1109 2571 1141 2631 of
1157 2569 1205 2629 the
1228 2568 1438 2628 adventurer.
1471 2568 1529 2628 Yet
1546 2570 1600 2630 one

237 2601 360 2661 hramas
391 2601 458 2661 they
489 2601 540 2661 are
556 2599 643 2659 living
664 2598 720 2658 and
742 2598 787 2658 the
803 2603 1009 2663 mani-new
1046 2610 1112 2670 that
1134 2610 1169 2670 he
1190 2610 1272 2670 must
1293 2610 1370 2670 have
1396 2610 1607 2670 adventured,

238 2645 298 2705 fold
320 2643 436 2703 affairs
459 2643 552 2703 which
575 2640 723 2700 surround
740 2640 806 2700 them
840 2641 900 2701 like
928 2650 983 2710 far
1017 2652 1082 2712 from
1138 2652 1187 2712 the
1221 2653 1375 2713 hospital,
1404 2653 1458 2713 the
1497 2655 1607 2715 clinic,

282 2685 421 2745 network
457 2685 514 2745 and
545 2682 658 2742 among
695 2680 787 2740 which
824 2682 895 2742 they
927 2694 999 2754 from
1041 2694 1086 2754 his
1108 2694 1313 2754 comfortable
1340 2694 1453 2754 home;
1474 2697 1540 2757 that
1562 2695 1602 2755 he

252 2727 327 2787 ove
350 2727 404 2787 and
432 2725 507 2785 have
535 2724 615 2784 their
633 2724 741 2784 being.

929 2733 1016 2793 must
1038 2735 1117 2795 have
1143 2735 1265 2795 roamed
1294 2738 1323 2798 to
1349 2738 1403 2798 get
1425 2736 1470 2796 his
1501 2738 1601 2798 varied

264 2765 280 2825 I
326 2765 387 2825 was
433 2764 603 2824 espocially
649 2762 823 2822 interested
875 2762 903 2822 in
937 2777 1117 2837 materlals.

257 2807 402 2867 Anatol,"
436 2807 528 2867 which
562 2804 624 2864 was
650 2804 716 2864 then
746 2804 837 2864 being
867 2804 912 2864 re¬

968 2808 1002 2868 “I
1028 2819 1089 2879 like
1119 2819 1150 2879 to
1180 2821 1231 2881 get
1258 2819 1322 2879 into
1354 2821 1483 2881 strange
1513 2822 1608 2882 quar¬

266 2850 320 2910 ved
362 2849 387 2909 in
438 2849 538 2909 Berlin
585 2846 639 2906 and
685 2846 802 2906 Vienna
849 2846 903 2906 and

937 2859 1013 2919 ters,
1038 2861 1066 2921 to
1099 2861 1183 2921 stray
1216 2861 1268 2921 far
1297 2861 1422 2921 afield,"
1464 2861 1499 2921 he
1532 2863 1605 2923 con¬

266 2891 330 2951 hich
374 2891 434 2951 had
473 2891 603 2951 become
638 2889 650 2949 a
694 2888 780 2948 stock
824 2888 910 2948 plece

934 2902 1051 2962 fessed.
1106 2900 1190 2960 “The
1232 2903 1387 2963 gambling
1430 2903 1531 2963 house
1573 2905 1598 2965 in

266 2932 434 2992 roughout
456 2932 599 2992 Europe.

938 2944 1132 3004 Daybreak'
1152 2944 1211 3004 was
1231 2944 1389 3004 described
1417 2944 1484 3004 from
1520 2946 1607 3006 first¬

287 2974 404 3034 Anatol
436 2975 501 3035 was
534 2974 630 3034 really
667 2974 679 3034 a
716 2971 845 3031 patient
874 2971 890 3031 o

934 2986 1014 3046 hand
1052 2986 1251 3046 knowledge,
1280 2986 1337 3046 and
1374 2986 1426 3046 the
1459 2986 1609 3046 officers,

270 3018 348 3078 ine,“
383 3016 465 3076 Herr
500 3013 672 3073 Schnitzler
708 3013 893 3073 reminisced

933 3025 1043 3085 flower
1071 3028 1221 3088 vendors,
1245 3028 1343 3088 street
1371 3028 1461 3088 girls,
1489 3029 1603 3089 Sisters

274 3061 314 3121 nd
351 3061 395 3121 his
424 3058 525 3118 friend
562 3057 749 3117 Max-well,
774 3055 907 3115 IIterally

934 3067 963 3127 of
988 3070 1176 3130 Mercy-all
1193 3070 1280 3130 these
1306 3070 1318 3130 I
1343 3070 1397 3130 had
1427 3070 1539 3130 known
1569 3073 1602 3133 at

277 3103 289 3163 e
313 3102 395 3162 could
423 3100 485 3160 find
513 3100 520 3160 a
548 3098 615 3158 Max
639 3097 670 3157 on
698 3097 784 3157 every
812 3096 890 3156 stree

937 3112 1020 3172 first-
1028 3112 1145 3172 hand."

290 3142 342 3202 the
371 3142 456 3202 city.
497 3141 655 3201 Restless,
680 3138 806 3198 seeking
843 3135 899 3195 new

962 3150 1137 3210 Schnitzler
1184 3151 1246 3211 had
1297 3150 1435 3210 traveled
1490 3153 1598 3213 widely

238 3183 434 3243 sations,
453 3181 602 3241 eternally
626 3180 659 3240 on
687 3180 733 3240 the
757 3178 841 3238 hunt
861 3180 907 3240 foi

934 3193 1125 3253 throughout
1141 3195 1280 3255 Europe,
1293 3195 1341 3255 yet
1358 3195 1390 3255 he
1407 3195 1464 3255 told
1484 3195 1529 3255 me
1550 3195 1606 3255 last

235 3225 398 3285 remance,
428 3225 549 3285 Anatol
579 3222 780 3282 represented
822 3220 889 3280 wha

932 3234 1005 3294 year
1028 3234 1100 3294 that
1124 3234 1158 3294 he
1189 3234 1250 3294 was
1273 3234 1372 3294 afrald
1404 3234 1430 3294 to
1457 3235 1545 3295 nome
1572 3235 1602 3295 to

271 3268 466 3328 unsettled
492 3265 667 3325 conditions
689 3264 745 3324 had
776 3264 853 3324 done
874 3265 904 3325 to
931 3276 1100 3336 America.
1137 3272 1173 3332 "I
1194 3276 1265 3336 fear
1287 3276 1364 3336 your
1390 3276 1518 3336 turmoil
1539 3276 1595 3336 and

237 3307 285 3367 te
308 3310 410 3370 young
438 3309 502 3369 men
531 3309 562 3369 of
585 3306 698 3366 Vienna
726 3306 785 3366 and
813 3306 856 3366 all
873 3308 910 3368 of
932 3315 1018 3375 your
1052 3318 1165 3378 speed.
1204 3316 1225 3376 I
1253 3318 1322 3378 fear
1356 3318 1372 3378 I
1405 3318 1513 3378 should
1551 3318 1610 3378 not

235 3350 593 3410 Hirope-represented
636 3347 688 3407 the
726 3345 905 3405 capricious
937 3356 1021 3416 know
1054 3357 1137 3417 what
1154 3356 1169 3416 I
1190 3356 1306 3416 wanted
1333 3359 1359 3419 to
1381 3359 1438 3419 do;
1455 3359 1512 3419 nor
1534 3357 1591 3417 how

238 3393 345 3453 npods
363 3392 396 3452 of
419 3392 504 3452 these
527 3390 628 3450 young
652 3389 736 3449 men,
754 3386 838 3446 their
856 3396 1049 3456 de¬et
1066 3401 1117 3461 my
1146 3399 1304 3459 bearings.
1338 3398 1355 3458 I
1378 3398 1445 3458 fear
1469 3401 1553 3461 most
1571 3401 1610 3461 of

240 3432 313 3492 es
340 3431 392 3491 for
425 3432 540 3492 women
572 3431 604 3491 to
631 3431 672 3491 fit
699 3429 751 3489 the
784 3428 910 3488 moods,
932 3438 974 3498 al
1006 3443 1079 3503 that
1101 3443 1116 3503 I
1143 3440 1248 3500 should
1281 3440 1317 3500 be
1349 3440 1533 3500 bewildered
1565 3440 1596 3500 by

238 3476 314 3536 their
347 3473 472 3533 eternal
505 3473 586 3533 hunt
615 3473 667 3533 for
700 3470 756 3530 new
797 3472 910 3532 sensa¬

930 3485 1003 3545 your
1036 3484 1130 3544 great
1159 3482 1248 3542 cities
1278 3482 1302 3542 in
1343 3482 1436 3542 which
1478 3482 1596 3542 nobody

235 3518 335 3578 tions,
356 3516 440 3576 their
465 3515 561 3575 living
591 3515 725 3575 through
759 3513 830 3573 each
864 3513 909 3573 ro¬

933 3523 1028 3583 seems
1052 3525 1085 3585 of
1109 3523 1192 3583 much
1223 3523 1437 3583 importance.
1472 3523 1483 3583 I
1510 3522 1590 3582 know

235 3559 354 3619 mantle
380 3557 551 3617 adventure
576 3556 611 3616 as
632 3556 747 3616 though
778 3555 802 3615 ic
823 3553 903 3613 were
934 3563 1009 3623 that
1024 3565 1144 3625 Europe
1166 3565 1220 3625 has
1241 3565 1310 3625 been
1336 3565 1462 3625 terribly
1482 3565 1597 3625 bruised

233 3601 282 3661 the
312 3601 387 3661 one,
404 3599 475 3659 only
500 3599 558 3659 and
588 3598 705 3658 greatly
730 3598 909 3658 important

932 3607 964 3667 by
992 3607 1041 3667 the
1065 3607 1150 3667 war;
1171 3607 1227 3667 but
1248 3607 1321 3667 poor
1345 3607 1462 3667 Vienna
1491 3607 1515 3667 is
1540 3607 1608 3667 still

235 3641 410 3701 adventure
439 3641 458 3701 in
492 3640 504 3700 a
533 3639 679 3699 lifetime.

931 3650 1034 3710 gontle
1058 3649 1117 3709 and
1145 3649 1316 3709 romantic.
1348 3646 1400 3706 We
1428 3646 1507 3706 have
1535 3647 1606 3707 time

275 3679 316 3739 We
343 3683 438 3743 spoke
460 3682 491 3742 of
513 3681 735 3741 "Daybreak,"
767 3679 861 3739 which
888 3680 904 3740 I
936 3688 988 3748 for
1015 3690 1136 3750 music,
1158 3691 1253 3751 books
1285 3691 1343 3751 and
1375 3689 1427 3749 the
1454 3688 1549 3748 value
1576 3689 1607 3749 of

231 3726 418 3786 cohsidered
444 3726 487 3786 the
506 3726 587 3786 most
607 3726 756 3786 dramatic
776 3723 806 3783 of
826 3723 906 3783 Herr
939 3732 1051 3792 human
1083 3732 1238 3792 contacts.

956 3772 1023 3832 Now
1065 3774 1136 3834 that
1162 3771 1196 3831 he
1221 3771 1246 3831 is
1276 3771 1351 3831 dead
1381 3771 1440 3831 one
1470 3773 1604 3833 remem¬

933 3816 1005 3876 bers
1030 3816 1078 3876 the
1103 3816 1289 3876 dramatist,
1306 3813 1354 3873 the
1379 3813 1516 3873 novelist
1537 3813 1613 3873 and,

929 3858 1029 3918 above
1054 3858 1111 3918 all,
1131 3858 1179 3918 the
1204 3858 1297 3918 great
1318 3855 1407 3915 man.
1439 3855 1488 3915 He
1517 3856 1593 3916 knew

929 3898 997 3958 men
1026 3900 1053 3960 to
1078 3898 1143 3958 help
1172 3900 1269 3960 them,
1285 3897 1313 3957 to
1338 3897 1426 3957 study
1451 3897 1552 3957 them,
1573 3898 1600 3958 to

929 3940 1107 4000 dramatize
1136 3938 1242 3998 them.
1280 3938 1312 3998 In
1345 3938 1393 3998 his
1422 3938 1520 3998 books
1549 3938 1605 3998 and

928 3983 1019 4043 plays
1043 3980 1129 4040 there
1153 3980 1204 4040 are
1228 3980 1358 4040 humor,
1374 3980 1484 4040 pathos
1508 3980 1563 4040 and
1591 3978 1602 4038 a

932 4023 1008 4083 deep
1041 4022 1292 4082 understanding
1325 4022 1511 4082 sympathy.
1540 4022 1604 4082 And

932 4064 1032 4124 above
1057 4064 1103 4124 all
1120 4064 1132 4124 a
1162 4064 1270 4124 mellow
1304 4061 1479 4121 kindliness
1505 4061 1601 4121 which

929 4106 1024 4166 made
1054 4106 1088 4166 of
1114 4106 1165 4166 the
1196 4104 1282 4164 most
1308 4104 1432 4164 humble
1467 4103 1574 4163 being.
1588 4103 1600 4163 a

929 4147 1058 4207 pattern
1099 4146 1168 4206 from
1225 4144 1313 4204 whom
1366 4144 1403 4204 an
1448 4143 1601 4203 enduring

936 4189 1038 4249 drama
1064 4189 1146 4249 could
1173 4189 1204 4249 be
1230 4189 1409 4249 fashioned.

1827 1893 1906 1953 Date
1927 1891 1942 1951 :

1843 1964 1918 2024 Signé
1938 1962 1950 2022 :

2332 1789 2391 1849 lik

2143 1795 2228 1855 AL

2651 1861 2877 1921 NOVEMNE

2175 1867 2394 1927 ONMAE

2714 1927 2825 1987 1931

2292 1938 2394 1998 ORan

2122 2005 2383 2065 :.)

2011 2084 2220 2144 darson.

2315 2115 2330 2175 K

2010 2174 2052 2234 UN
2091 2171 2305 2231 MECONNU.

2048 2228 2161 2288 Arthur
2192 2225 2369 2285 Schnitzler
2394 2225 2735 2285 étaiteginement

2011 2268 2120 2328 depuis
2153 2268 2299 2328 quelques
2328 2267 2409 2327 anné
2491 2265 2535 2325 le-
2544 2267 2613 2327 plus
2646 2267 2739 2327 grand

2029 2308 2060 2368 »
2096 2306 2254 2366 écrivains
2286 2306 2499 2366 autrichis.
2527 2304 2578 2364 Ses
2614 2306 2736 2366 ouvres

2477 2347 2616 2407 avaient
2641 2344 2740 2404 connu

2010 2347 2219 2407 notamment
2252 2347 2265 2407 «
2294 2347 2429 2407 Thérèse

2018 2386 2045 2446 uu
2081 2386 2187 2446 nuccès
2219 2386 2285 2446 réel

2046 2428 2374 2488 Malheureuement,
2392 2427 2504 2487 depuis
2552 2425 2573 2485 la
2625 2422 2732 2482 guerre

2014 2467 2177 2527 l'Autriche
2203 2467 2413 2527 démantelée,
2427 2465 2512 2525 avait
2530 2464 2645 2524 perdu-
2667 2462 2739 2522 beau

2028 2506 2107 2566 coup
2143 2506 2390 2566 d'importance.
2421 2506 2474 2566 Ses
2505 2503 2642 2563 artistes
2678 2500 2739 2560 s'en

2011 2544 2243 2604 lessentaient.

2050 2587 2163 2647 Arthur
2197 2584 2373 2644 Schnitzler
2407 2583 2486 2643 était
2521 2583 2596 2643 veun
2634 2580 2751 2640 récem-

2015 2626 2101 2686 ment
2123 2628 2135 2688 à
2162 2627 2264 2687 Paris.
2282 2625 2364 2685 Nous
2390 2623 2501 2683 avions
2523 2622 2553 2682 eu
2583 2619 2742 2679 l'occasion

2014 2667 2048 2727 de
2079 2667 2104 2727 le
2134 2667 2216 2727 voir.
2242 2667 2268 2727 Il
2294 2667 2328 2727 na
2359 2664 2436 2724 nous
2467 2666 2479 2726 a
2510 2664 2565 2724 pas
2592 2661 2682 2721 caché
2717 2661 2742 2721 sa

2019 2707 2170 2767 profonde
2204 2706 2364 2766 déception
2409 2704 2421 2764 :

2112 2747 2171 2807 Que
2198 2747 2317 2807 restera
2345 2745 2358 2805 t
2381 2746 2408 2806 il
2431 2744 2463 2804 de
2491 2744 2554 2804 moi
2582 2743 2595 2803 ?
2618 2741 2650 2801 Je
2683 2740 2746 2800 n'en

2021 2789 2079 2849 ais
2109 2786 2196 2846 rien.

2054 2825 2179 2885 Comme
2205 2825 2284 2885 nous
2309 2825 2522 2885 protestionz,
2540 2822 2564 2882 il
2586 2822 2661 2882 nous
2686 2821 2736 2881 dit

2053 2867 2061 2927 —
2109 2868 2187 2928 Dans
2215 2867 2246 2927 un
2278 2864 2424 2924 examen,
2440 2864 2451 2924 à
2479 2861 2613 2921 Vienne,
2629 2860 2735 2920 derniè

2019 2909 2140 2969 rement
2164 2906 2196 2966 on
2229 2906 2243 2966 a
2272 2906 2426 2966 demandé
2454 2905 2463 2965 à
2492 2903 2529 2963 un
2562 2903 2711 2963 candidat

2061 2944 2069 3004 —
2116 2947 2175 3007 Que
2203 2947 2395 3007 savez-vous
2423 2947 2459 3007 de
2483 2944 2699 3004 Schnitzler?

2056 2989 2081 3049 Il
2098 2989 2111 3049 a
2141 2986 2278 3046 répondu
2317 2983 2325 3043 :

2065 3025 2074 3085 —
2113 3031 2195 3091 C'est
2214 3029 2272 3089 une
2296 3027 2421 3087 marque
2446 3028 2479 3088 de
2499 3026 2580 3086 bière
2605 3025 2734 3085 allemar
