3392 4352
206 339 327 399 12.
384 333 984 393 Schnitzler's
1051 324 1275 384 Death

570 579 773 639 pagiar
799 559 929 619 Hap
978 556 1241 616 (Guupest)

555 699 910 759 MegjelentDO
988 696 1056 756 15

524 801 634 861 *)
651 804 834 864 Schnitzler
862 807 951 867 egyik
979 807 1223 867 hátrahagyott
1241 808 1401 868 darabját

535 849 694 909 mutatják
731 849 767 909 be
799 849 814 909 a
845 849 932 909 köö
970 852 1254 912 emlékünnepén.
1301 849 1398 909 Bécs-

542 889 596 949 ból
617 891 773 951 jelentik;
795 891 834 951 A.
845 892 1032 952 Deutsches
1058 894 1290 954 Volkstheater
1316 894 1401 954 igaz-

534 935 686 995 gatósága
726 936 992 996 mgállapodott
1047 938 1233 998 Schnitzler
1288 939 1405 999 fiával,

542 977 690 1037 Heinrich
728 977 983 1037 Shniglerrel,
1004 980 1088 1040 hogy
1127 980 1142 1040 a
1180 980 1264 1040 költö
1302 980 1402 1040 emlé-

538 1022 614 1082 kére
648 1022 820 1082 rendesett
844 1022 997 1082 Annepet
1050 1024 1250 1084 februárban
1313 1027 1389 1087 vagy

538 1067 746 1127 márciusban
783 1068 904 1128 tartják
946 1068 1036 1128 meg.
1064 1067 1177 1127 Ennek
1218 1067 1390 1127 keretében

538 1112 645 1172 fogják
683 1111 868 1171 bemutatni
901 1112 999 1172 Artur
1046 1112 1236 1172 Schnitzler
1288 1112 1399 1172 hátra-

538 1156 679 1216 hagyott
699 1153 914 1213 darabjainak
949 1154 1095 1214 egyikét.
1116 1155 1130 1215 A
1165 1154 1247 1214 költó
1277 1156 1398 1216 hagya-

534 1198 674 1258 tékában
715 1198 856 1258 ugyanis
888 1198 947 1258 két
998 1198 1097 1258 darab
1157 1198 1306 1258 maradt.

539 1243 697 1303 egyiknek
729 1240 808 1300 cime
835 1241 903 1301 Das
931 1243 1036 1303 Wort,
1058 1243 1068 1303 a
1095 1243 1269 1303 másiknak
1302 1246 1380 1306 cime

538 1287 606 1347 Der
636 1288 694 1348 Zug
728 1288 782 1348 der
811 1288 982 1348 Schatten.

488 1476 596 1536 Extrait
616 1476 646 1536 de
661 1476 670 1536 :

483 1544 599 1604 Adresse
614 1544 629 1604 :
655 1544 675 1604 I

772 1544 1014 1604 ANSECEANT

598 1613 701 1673 100,
733 1616 812 1676 Rue
850 1619 923 1679 Rée

966 1624 1039 1684 mur

487 1652 560 1712 Date
584 1653 656 1713 :.

855 1677 981 1737 PARTS
1014 1682 1066 1742 2.
1088 1684 1173 1744 LES
1206 1691 1438 1751 TREIIEI

491 1721 573 1781 Siepé

600 1756 653 1816 XX
674 1752 720 1812 Un
748 1742 882 1802 nouveau
909 1734 1070 1794 Goncourt
1084 1728 1096 1788 ?

602 1789 668 1849 Tels
694 1784 765 1844 MM.
782 1779 815 1839 de
837 1769 1028 1829 Goncourt,le
1054 1756 1225 1816 romancier
1243 1747 1292 1807 au¬

582 1823 713 1883 richien,
735 1813 854 1873 Arthur
877 1804 1070 1864 Schnitzler,
1088 1793 1202 1853 écrivit
1225 1785 1286 1845 très

582 1855 814 1915 égulièrement
830 1844 880 1904 son

591 1896 628 1956 A
659 1892 685 1952 sa
717 1885 807 1945 mort,
826 1874 978 1934 survenue
1002 1862 1207 1922 récemment,
1222 1855 1252 1915 on
1283 1853 1294 1913 a

570 1928 681 1988 appris
711 1919 787 1979 qu'il
814 1908 1014 1968 n'autorisait
1044 1898 1069 1958 la
1104 1891 1291 1951 publication

578 1964 611 2024 de
632 1960 656 2020 la
678 1955 773 2015 partie
798 1949 827 2009 de
848 1945 897 2005 son
923 1937 1047 1997 journal
1064 1930 1163 1990 allant
1180 1925 1292 1985 jusqu'j

581 1996 649 2056 1899
675 1990 730 2050 que
760 1986 846 2046 vingt
872 1977 927 2037 ans
953 1971 1042 2031 après
1068 1965 1119 2025 son
1149 1957 1251 2017 décès,

583 2033 612 2093 ce
647 2027 723 2087 n'est
754 2021 809 2081 que
840 2009 989 2069 quarante
1024 2001 1075 2061 ans
1106 1996 1195 2056 après
1226 1985 1307 2045 cetée

589 2065 664 2125 dale
691 2059 745 2119 que
773 2052 880 2112 pourra
908 2042 972 2102 dira
1000 2037 1091 2097 Irrès
1124 2034 1135 2094 à
1162 2029 1280 2089 liygei

581 2099 682 2159 merie
704 2097 724 2157 la
752 2087 884 2147 seconde
906 2077 1022 2137 partie.

471 2336 614 2396 Extrait
639 2341 675 2401 da
705 2347 878 2407 Journal:

1015 2365 1312 2425 Instransigeant,

465 2443 641 2503 Adresse:

1086 2465 1230 2525 PARIS

462 2545 576 2605 Date:

884 2555 949 2615 7
984 2568 1126 2628 NOV.
1139 2566 1248 2626 1931

704 2718 818 2778 Tefun
845 2719 951 2779 nran
996 2723 1102 2783 Cannou

685 2746 753 2806 Tels
776 2753 849 2813 MM.
868 2753 894 2813 de
918 2755 1109 2815 Goncourt,le
1133 2756 1306 2816 romancier
1320 2756 1370 2816 au¬

647 2786 793 2846 trichien,
813 2789 934 2849 Arthur
960 2789 1152 2849 Schnitzler,
1168 2792 1279 2852 #crivit
1304 2795 1364 2855 très

649 2822 892 2882 régulièrement
910 2822 958 2882 son
989 2824 1127 2884 journal.

685 2855 699 2915 A
730 2855 759 2915 sa
784 2855 878 2915 mort,
898 2856 1046 2916 survenue
1072 2860 1274 2920 réceniment,
1295 2861 1324 2921 on
1354 2862 1364 2922 a

645 2890 751 2950 appris
782 2888 862 2948 qu'il
889 2891 1088 2951 n'autorisuait
1119 2893 1141 2953 la
1176 2894 1362 2954 publication

504 2905 605 2965 Taxe

650 2923 679 2983 de
704 2922 725 2982 la
746 2924 846 2984 partie
867 2924 900 2984 de
921 2924 967 2984 son
992 2927 1117 2987 journal
1134 2927 1229 2987 allant
1251 2929 1363 2989 jusqu'à

460 2949 545 3009 Tarif
577 2955 609 3015 ré
646 2956 718 3016 1899
746 2958 800 3018 que
828 2959 913 3019 vingt
937 2959 995 3019 ans
1023 2959 1109 3019 après
1137 2959 1186 3019 son
1214 2962 1318 3022 décès,
1341 2962 1372 3022 et

447 2991 545 3051 ment
571 2995 618 3055 d'i
649 2993 678 3053 ce
713 2992 790 3052 n'est
816 2992 872 3052 que
902 2995 1052 3055 quarante
1082 2992 1137 3052 ans
1168 2995 1258 3055 après
1288 2996 1365 3056 cette

644 3025 717 3085 date
748 3025 803 3085 que
828 3027 945 3087 pourra
970 3028 1037 3088 être
1068 3028 1161 3088 livrée
1192 3032 1210 3092 à
1235 3035 1370 3095 l'impri¬

453 3031 588 3091 période

644 3061 739 3121 merie
765 3064 786 3124 la
809 3061 938 3121 seconde
960 3064 1080 3124 partie.

448 3070 596 3130 limitée.

582 3219 682 3279 Lap.
733 3205 933 3265 UUSAG
996 3184 1335 3244 (BUDAPEST)

937 3285 1039 3345 NOV.
1067 3277 1079 3337 2
1106 3269 1157 3329 0.

576 3338 792 3398 Megjolent:
818 3335 827 3395 —

1277 3521 1344 3581 obrs

532 3565 1210 3625 FILMSZINHAZ

497 3612 653 3672 Mégla
697 3613 799 3673 happy
848 3613 923 3673 end.
961 3610 1042 3670 Mint
1086 3609 1258 3669 ismeretes,
1297 3608 1312 3668 a

463 3649 1108 3709 Metro-Goldwyn-filmgylkészitette
1149 3646 1313 3706 Schnitzler

457 3691 624 3751 Axthurnak
657 3689 792 3749 Honali
809 3688 971 3748 merkôzés
993 3688 1068 3748 cimù
1101 3686 1247 3746 regényét
1275 3685 1323 3745 fil¬

460 3729 541 3789 men.
564 3729 581 3789 A
618 3727 726 3787 regéy
759 3724 808 3784 egy
840 3726 1107 3786 osztrák-magyar
1158 3723 1320 3783 hadsereg-

457 3768 521 3828 beli
545 3766 735 3826 katonaszt
755 3766 941 3826 tiagédiája,
960 3765 1015 3825 aki
1044 3765 1323 3825 kártyaadóssćgát

459 3808 511 3868 nem
554 3807 769 3867 tudjaifizet
827 3804 860 3864 és
885 3804 965 3864 ezért
990 3804 1243 3864 öngyilkosságot
1267 3800 1324 3860 kö-

461 3846 506 3906 vet
529 3847 569 3907 el,
588 3846 665 3906 megt
688 3844 701 3904 a
724 3844 851 3904 ségftség
878 3843 969 3903 késön
997 3843 1137 3903 érkezik.
1156 3841 1282 3901 Amikor
1305 3840 1318 3900 a

459 3885 588 3945 regényt
614 3885 627 3945 a
662 3884 756 3944 Metro
787 3882 1028 3942 dramaturgiája
1063 3879 1222 3939 scenárium
1266 3878 1330 3938 cél¬

464 3926 532 3986 jaira
567 3923 760 3983 átdolgozta,
786 3920 944 3980 eredetileg
979 3920 991 3980 a
1026 3918 1137 3978 regény
1172 3916 1326 3976 befejezé-

460 3962 504 4022 sét
528 3964 686 4024 dolgozták
714 3961 758 4021 ki,
777 3959 822 4019 sôt
845 3959 872 4019 el
895 3959 917 4019 is
940 3958 1117 4018 készitették
1144 3956 1158 4016 a
1181 3955 1321 4015 tragikus

461 4001 641 4061 befejezést.
659 4001 787 4061 Amikor
810 3997 947 4057 azonban
978 3995 991 4055 a
1023 3995 1097 4055 gyár
1125 3995 1318 4055 studiójában

461 4043 492 4103 az
519 4043 690 4103 illetékesek
727 4037 899 4097 megnézték
930 4034 943 4094 a
970 4036 1085 4096 filmet,
1103 4034 1190 4094 olyan
1222 4031 1328 4091 lehan¬

461 4083 587 4143 golónak
620 4079 746 4139 találták
779 4077 792 4137 a
826 4074 1007 4134 befejezést,
1031 4076 1110 4136 hogy
1139 4071 1329 4131 megváltoz-

462 4120 552 4180 tatták
584 4118 615 4178 és
644 4117 756 4177 Ramon
789 4114 943 4174 Novarro,
966 4112 1002 4172 az
1030 4112 1147 4172 osztrák
1198 4112 1329 4172 katona-

465 4160 531 4220 tiszt
556 4158 757 4218 szerepében,
776 4156 833 4216 nem
896 4156 986 4216 dobja
1035 4154 1068 4214 el
1107 4153 1245 4213 magától
1289 4150 1322 4210 az

1503 315 1637 375 box
1706 312 1938 372 43/26

1924 751 2008 811 New
2058 759 2172 819 lork
2222 768 2239 828 I

1945 886 2263 946 NOVZ1193

1851 957 2022 1017 According
2048 954 2073 1014 to
2094 952 2144 1012 the
2165 948 2241 1008 very
2266 948 2396 1008 detailed
2422 944 2480 1004 last
2501 942 2563 1002 will

1815 1007 1849 1067 of
1867 1004 1982 1064 Arthur
2004 999 2197 1059 Schnitzler,
2211 994 2257 1054 his
2275 992 2386 1052 diaries
2408 989 2489 1049 must
2507 986 2562 1046 not

1821 1052 1853 1112 be
1877 1052 1946 1112 read
1974 1049 2007 1109 by
2032 1046 2198 1106 anybody,
2210 1041 2266 1101 not
2283 1040 2355 1100 even
2384 1039 2421 1099 by
2445 1036 2489 1096 his
2510 1034 2558 1094 son

1821 1100 1986 1160 Heinrich,
2016 1094 2084 1154 who
2117 1094 2141 1154 is
2178 1089 2210 1149 an
2251 1088 2336 1148 actor
2373 1084 2425 1144 and
2462 1080 2567 1140 stages

1821 1148 1909 1208 plays
1941 1144 1962 1204 in
2003 1140 2122 1200 Berlin.
2145 1138 2202 1198 His
2233 1134 2348 1194 diaries
2384 1130 2468 1190 until
2495 1127 2561 1187 1899

1825 1192 1912 1252 must
1930 1191 1983 1251 not
2001 1187 2029 1247 be
2055 1185 2218 1245 published
2244 1180 2327 1240 until
2344 1177 2457 1237 twenty
2483 1174 2570 1234 years

1826 1239 1905 1299 after
1926 1236 1972 1296 his
1993 1234 2101 1294 death,
2114 1231 2159 1291 the
2185 1228 2289 1288 others
2310 1226 2364 1286 not
2382 1223 2465 1283 until
2478 1222 2577 1282 forty.

1825 1285 1887 1345 The
1917 1282 2165 1342 autobiography
2194 1277 2282 1337 must
2308 1276 2362 1336 not
2384 1273 2501 1333 appear
2526 1267 2572 1327 for

1831 1333 1944 1393 twenty
1977 1330 2082 1390 years,
2106 1327 2160 1387 and
2196 1323 2338 1383 without
2365 1321 2420 1381 any
2455 1316 2569 1376 altera-

1828 1380 1910 1440 tions
1938 1376 1969 1436 or
1997 1373 2083 1433 cuts.

1868 1425 1988 1485 Among
2023 1422 2067 1482 his
2098 1419 2211 1479 papers
2246 1416 2294 1476 are
2329 1413 2408 1473 some
2442 1409 2574 1469 one-act

1833 1473 1935 1533 plays,
1953 1467 2047 1527 which
2078 1464 2255 1524 Schnitzler
2281 1461 2328 1521 did
2359 1459 2410 1519 not
2432 1456 2509 1516 allow
2548 1455 2573 1515 to

1833 1521 1867 1581 be
1889 1515 2061 1575 performed
2088 1512 2195 1572 during
2221 1511 2264 1571 his
2286 1509 2432 1569 lifetime,
2441 1505 2488 1565 for
2506 1500 2574 1560 per¬

1828 1567 1924 1627 sonal
1940 1564 1991 1624 and
2016 1560 2131 1620 artistic
2156 1556 2303 1616 reasons,

1865 1905 2574 1965 OBSERVER

1947 1956 1971 2016 I.
1987 1958 2104 2018 österr.
2114 1962 2266 2022 behördl.
2277 1965 2576 2025 konzessioniertes

1903 1998 2133 2058 Unternehmen
2163 2001 2215 2061 für
2240 2007 2629 2067 Zeitungs-Ausschnitte

1954 2058 2098 2118 WIEN,
2128 2061 2177 2121 I.,
2200 2067 2481 2127 WOLLZEILE

2044 2113 2261 2173 TELEPHON
2300 2118 2472 2178 R-23-0-43

1850 2252 2066 2312 Ausschnitt
2090 2258 2184 2318 aus:

1845 2476 1952 2536 vom:

1927 2574 2045 2634 From

1980 2682 2113 2742 RAND
2158 2685 2313 2745 DAILY
2358 2688 2476 2748 MAIL

1983 2738 2420 2798 Johannesburg.

2064 2852 2355 2912 21.11.31.

1934 3076 2233 3136 HEART
2309 3073 2398 3133 TO
2491 3075 2578 3135 BE

2069 3201 2450 3261 PIERCED

1923 3371 2401 3431 SCHNITZLER’S
2440 3371 2591 3431 LAST

2200 3479 2343 3539 WISH

1920 3606 2037 3666 TET
2076 3607 2128 3667 me
2162 3607 2194 3667 be
2234 3607 2363 3667 stabbed
2404 3605 2534 3665 through
2573 3607 2625 3667 the

2036 3651 2134 3711 heart
2160 3649 2263 3709 before
2293 3652 2307 3712 I
2333 3652 2367 3712 am
2407 3649 2545 3709 buried,"
2570 3649 2629 3709 was

1911 3694 1962 3754 the
1995 3691 2122 3751 request
2155 3691 2318 3751 expressed
2352 3693 2379 3753 in
2417 3691 2473 3751 the
2506 3691 2566 3751 will
2595 3691 2627 3751 of

1913 3735 1970 3795 Dr.
1988 3734 2107 3794 Arthur
2143 3733 2336 3793 Schnitzler,
2372 3732 2424 3792 the
2473 3732 2614 3792 Austrian

1913 3777 2044 3837 novelist
2070 3776 2125 3836 and
2161 3777 2368 3837 playwright.

1949 3819 1991 3879 He
2012 3819 2075 3879 also
2097 3819 2186 3879 asked
2213 3819 2280 3879 that
2302 3819 2349 3879 his
2370 3817 2496 3877 funeral
2513 3816 2612 3876 should

1911 3864 1946 3924 be
1968 3863 1999 3923 of
2026 3861 2074 3921 the
2101 3863 2246 3923 simplest
2269 3861 2400 3921 possible
2423 3859 2533 3919 nature
2560 3860 2617 3920 and

1910 3900 1982 3960 that
2007 3900 2043 3960 no
2072 3900 2238 3960 mourning
2268 3897 2376 3957 should
2410 3897 2442 3957 be
2470 3897 2547 3957 worn
2576 3895 2624 3955 for

1910 3936 1993 3996 him,
2014 3935 2064 3995 the
2093 3935 2205 3995 money
2235 3935 2310 3995 thus
2340 3935 2427 3995 saved
2461 3932 2543 3992 being
2577 3930 2627 3990 de¬

1916 3974 1996 4034 voted
2029 3971 2057 4031 to
2086 3971 2256 4031 hospitals.
2297 3971 2398 4031 There
2431 3968 2503 4028 were
2533 3968 2561 4028 to
2593 3968 2625 4028 be

1912 4007 1947 4067 no
1983 4007 2132 4067 wreaths,
2155 4007 2194 4067 no
2230 4007 2410 4067 ceremony,
2434 4007 2469 4067 no
2505 4006 2622 4066 private

1913 4045 2028 4105 notices
2059 4046 2089 4106 of
2112 4046 2164 4106 his
2192 4043 2280 4103 death
2316 4046 2351 4106 by
2382 4043 2430 4103 his
2453 4046 2562 4106 family
2590 4043 2624 4103 or

1912 4085 1946 4145 by
1972 4082 2022 4142 the
2048 4083 2150 4143 Press,
2165 4082 2225 4142 and
2252 4083 2286 4143 no
2312 4082 2474 4142 speeches.
