3392 4384
152 384 276 444 12.
335 382 924 442 Schnitzler's
993 373 1223 433 Death

567 900 1274 960 OBSERVEF

653 957 680 1017 I.
695 959 812 1019 österr.
822 958 976 1018 behördl.
986 960 1285 1020 konzessioniertes

613 999 841 1059 Unternehmen
874 999 920 1059 für
949 999 1331 1059 Zeitungs-Ausschnitte

661 1059 807 1119 WIEN,
837 1061 885 1121 I.,
914 1061 1196 1121 WOLLZEILE
1238 1061 1287 1121 11

759 1112 978 1172 TELEPHON
1010 1112 1186 1172 R-23-0-43

561 1256 778 1316 Ausschnitt
806 1253 895 1313 aus:

765 1338 1089 1398 Arbeiterzeitung,
1107 1351 1187 1411 Wien

812 1458 837 1518 9
864 1456 880 1516 5
933 1459 1060 1519 OMT.
1078 1465 1206 1525 1931.

648 1555 965 1615 Schnitzlers
992 1562 1348 1622 Jotenmaske

826 2889 1008 2949 ELEPHON
1046 2885 1217 2945 R-23-0-43

589 3035 815 3095 Ausschnitt
839 3032 937 3092 aus:

559 3158 674 3218 en
719 3155 763 3215 am
819 3149 1074 3209 conntag,
1119 3140 1401 3200 tonduus¬

750 3209 901 3269 gabe,

600 3259 710 3319 vom:

607 3475 915 3535 Arlhur
976 3484 1402 3544 Schnitzler
1463 3479 1497 3539 +

482 3534 590 3594 Lieben
622 3534 681 3594 und
713 3534 840 3594 sterben

488 3582 554 3642 Was
581 3584 688 3644 erfüllt
711 3585 790 3645 denn
818 3588 915 3648 sonst
938 3588 1018 3648 noch
1049 3589 1093 3649 die
1121 3591 1231 3651 Seele:

487 3632 572 3692 Wenn
605 3633 650 3693 die
669 3636 777 3696 Blume
805 3637 945 3697 erblüht,
965 3638 1041 3698 oder
1069 3639 1114 3699 die
1142 3641 1228 3701 Blüte
1255 3642 1419 3702 verdorrt.

487 3684 545 3744 Und
573 3684 618 3744 Du
646 3684 782 3744 sangest
806 3685 860 3745 der
884 3686 979 3746 Liebe
1007 3688 1061 3748 und
1094 3689 1139 3749 Du
1167 3689 1303 3749 sangest
1327 3691 1381 3751 dem
1422 3694 1527 3754 Tode.

477 3731 581 3791 Heiter
609 3731 649 3791 die
677 3734 927 3794 Freundeshand
959 3737 1013 3797 hat
1036 3737 1090 3797 Dir
1118 3737 1159 3797 die
1186 3740 1295 3800 Göttin
1318 3743 1472 3803 gereicht,

478 3782 619 3842 Fröhlich
651 3782 769 3842 durchs
796 3785 909 3845 dunkle
928 3788 1010 3848 Land
1033 3785 1087 3845 der
1101 3788 1187 3848 Seele
1206 3789 1260 3849 hat
1274 3791 1314 3851 sie
1333 3793 1460 3853 geführt
1474 3794 1578 3854 Dich-

484 3833 560 3893 Aber
583 3833 637 3893 der
665 3833 737 3893 Weg
765 3834 805 3894 ist
829 3835 897 3895 lang
929 3838 937 3898 —
983 3836 1078 3896 leiser
1097 3836 1192 3896 schon
1224 3839 1301 3899 hielt
1320 3840 1392 3900 Dich
1424 3843 1469 3903 die
1497 3844 1605 3904 Hand,

473 3881 566 3941 Nicht
594 3881 678 3941 mehr
705 3881 736 3941 so
768 3884 830 3944 treu
862 3884 919 3944 und
951 3884 1031 3944 innig
1062 3888 1075 3948 —
1121 3887 1218 3947 leicht
1236 3888 1388 3948 ermüdet
1411 3893 1455 3953 die
1482 3896 1593 3956 Liebe.

481 3928 589 3988 Siehe,
608 3931 644 3991 da
671 3931 761 3991 stand
794 3931 848 3991 der
876 3931 939 3991 Tod
966 3934 1097 3994 harrend
1129 3934 1265 3994 inmitten
1293 3937 1342 3997 des
1375 3939 1465 3999 Wegs
1488 3940 1501 4000 -

479 3979 574 4039 Milde
598 3979 650 4039 sah
685 3979 713 4039 er
737 3979 813 4039 Dich
842 3981 900 4041 an,
920 3982 948 4042 so
977 3982 1034 4042 wie
1058 3982 1101 4042 ein
1130 3985 1250 4045 Freund
1279 3987 1336 4047 uns
1365 3991 1422 4051 nur
1446 3994 1570 4054 ansieht

478 4027 562 4087 Stille
593 4030 672 4090 nahm
712 4028 742 4088 er
772 4029 816 4089 die
842 4031 955 4091 Hand,

483 4078 555 4138 Hält
576 4078 617 4138 sie
643 4081 694 4141 für
716 4081 891 4141 immerdar
912 4081 989 4141 fest.

1274 4127 1368 4187 Erika
1394 4131 1613 4191 Dannbacher

1448 363 1578 423 box
1657 362 1841 422 44/4

1994 944 2716 1004 DOBSERVER

2084 1014 2110 1074 I.
2124 1011 2243 1071 österr.
2252 1002 2401 1062 behördl.
2416 995 2710 1055 konzessioniertes

2042 1050 2277 1110 Unternehmen
2305 1043 2354 1103 für
2378 1034 2758 1094 Zeitungs-Ausschnitte

2101 1107 2242 1167 WIEN,
2270 1106 2318 1166 I.,
2346 1100 2623 1160 WOLLZEILE
2672 1094 2711 1154 11

2199 1157 2412 1217 TELEPHON
2445 1149 2621 1209 R-23-0-43

2004 1306 2224 1366 Ausschnitt
2250 1312 2495 1372 aulenigkeits
2512 1304 2708 1364 Weltblatt,
2725 1300 2830 1360 Wien,

2287 1490 2308 1550 2
2331 1483 2384 1543 5.
2408 1475 2527 1535 0KT.
2551 1460 2648 1520 1937

2018 1533 2134 1593 vom:

2046 1668 2834 1728 Wochen=Kehraus.)

1988 1742 2035 1802 Es
2065 1745 2172 1805 weint
2196 1748 2291 1808 wohl
2315 1751 2469 1811 niemand
2506 1755 2577 1815 jetzt
2601 1757 2743 1817 darum,

1986 1802 2090 1862 Wenn
2125 1805 2248 1865 wieder
2283 1808 2352 1868 eine
2382 1808 2498 1868 Woche
2528 1813 2602 1873 um,

1987 1859 2031 1919 Im
2075 1862 2276 1922 Gegenteil,
2296 1864 2327 1924 es
2359 1865 2396 1925 ist
2422 1868 2491 1928 jetzt
2517 1872 2566 1932 so,

1988 1914 2055 1974 Daß
2093 1919 2166 1979 man
2204 1922 2345 1982 darüber
2377 1924 2519 1984 förmlich
2557 1930 2648 1990 froh.

1983 1972 2064 2032 Was
2096 1977 2215 2037 bringt
2247 1978 2303 2038 uns
2336 1980 2416 2040 denn
2455 1981 2529 2041 auch
2562 1984 2650 2044 schon
2688 1987 2737 2047 die
2763 1988 2863 2048 Zeit?

1982 2029 2059 2089 Nur
2087 2032 2181 2092 selten
2221 2035 2342 2095 etwas,
2365 2037 2436 2097 was
2470 2039 2531 2099 uns
2565 2041 2669 2101 freut,

1984 2089 2046 2149 Die
2072 2088 2166 2148 Welt
2192 2092 2380 2152 durchzieht
2413 2095 2456 2155 ein
2488 2098 2620 2158 banges
2652 2103 2802 2163 Klagen,

1982 2144 2029 2204 Es
2057 2147 2130 2207 muß
2165 2149 2218 2209 der
2246 2150 2381 2210 Mensch
2415 2152 2442 2212 ja
2476 2154 2536 2214 fast
2564 2157 2746 2217 verzagen,

1981 2201 2083 2261 Sieht
2109 2204 2140 2264 er
2173 2205 2198 2265 im
2243 2205 2352 2265 Laufe
2378 2208 2480 2268 dieser
2513 2211 2601 2271 Tage

1981 2259 2042 2319 Die
2073 2262 2276 2322 allgemeine
2302 2265 2769 2325 Wirtschaftslage.

1984 2315 2100 2375 Wohin
2135 2318 2210 2378 man
2246 2319 2351 2379 blickt,
2375 2319 2409 2379 ist
2439 2320 2490 2380 die
2514 2322 2642 2382 Devise

1974 2372 2049 2432 Das
2081 2375 2232 2435 ominöse
2264 2375 2390 2435 Wort:
2409 2376 2484 2436 die
2517 2381 2673 2441 Krise.

1975 2430 2214 2490 Wahrhaftig,
2239 2433 2386 2493 diesmal
2411 2435 2496 2495 sind'
2522 2436 2558 2496 ich
2596 2439 2755 2499 nimmer,

1976 2485 2059 2545 Auch
2096 2489 2155 2549 nur
2186 2489 2240 2549 den
2277 2489 2420 2549 kleinsten
2457 2496 2806 2556 Freudenschimmer.

1973 2543 2056 2603 Man
2093 2545 2159 2605 soll
2184 2546 2243 2606 nur
2274 2549 2376 2609 wenig
2407 2549 2497 2609 Geld
2528 2554 2775 2614 verbrauchen,

1975 2602 2079 2662 Dabei
2106 2602 2277 2662 verteuert
2304 2605 2375 2665 man
2409 2605 2467 2665 das
2501 2611 2744 2671 Rauchen,

1974 2659 2011 2719 Es
2043 2659 2131 2719 trifft
2157 2660 2219 2720 uns
2252 2661 2358 2721 Arme
2384 2665 2522 2725 wirklich
2561 2668 2623 2728 tief

1969 2716 2043 2776 Der
2071 2719 2193 2779 höhere
2221 2722 2669 2782 Eisenbahntarif,

1971 2776 2054 2836 Man
2091 2776 2163 2836 gibt
2193 2776 2254 2836 uns
2284 2778 2386 2838 wenig
2423 2781 2489 2841 und
2520 2785 2676 2845 begehrt,

1972 2831 2047 2891 Daß
2080 2832 2149 2892 man
2188 2835 2367 2895 tagtäglich
2400 2836 2488 2896 mehr
2521 2840 2686 2900 verzehrt,

1973 2887 2012 2947 Es
2046 2890 2207 2950 jammert
2235 2895 2321 2955 ganz
2349 2895 2476 2955 gerecht
2503 2895 2557 2955 der
2591 2898 2731 2958 Bauer,

1967 2946 2039 3006 Dem
2082 2949 2233 3009 Städter
2264 2948 2343 3008 wird
2374 2951 2434 3011 das
2465 2952 2568 3012 Leben
2605 2958 2719 3018 sauer,

1974 3003 2018 3063 So
2051 3006 2126 3066 gibt
2152 3006 2183 3066 es
2222 3006 2354 3066 überall
2375 3007 2501 3067 zurzeit

1969 3059 2038 3119 Nur
2070 3062 2286 3122 allgemeines
2318 3067 2590 3127 Menschenleid.

1969 3119 2036 3179 Die
2064 3122 2313 3182 amerikanische
2347 3122 2468 3182 Nation

1967 3176 2092 3236 Verlor
2121 3179 2177 3239 den
2213 3182 2331 3242 großen
2367 3184 2550 3244 Edison

1969 3236 2035 3296 Und
2069 3236 2269 3296 Oesterreich
2303 3239 2356 3299 hat
2384 3239 2410 3299 in
2450 3242 2550 3302 diesen
2584 3245 2698 3305 Tagen

1967 3292 2036 3352 Den
2072 3294 2156 3354 toten
2199 3297 2451 3357 Schnitzler
2487 3300 2514 3360 zu
2551 3301 2732 3361 beklagen.

1968 3352 2014 3412 So
2048 3352 2120 3412 gibt
2147 3352 2166 3412 s
2200 3352 2260 3412 nur
2287 3355 2479 3415 Trauriges
2506 3352 2518 3412 —
2586 3358 2645 3418 und
2679 3362 2824 3422 gequält

1968 3409 2075 3469 Dreht
2102 3412 2216 3472 weiter
2244 3414 2297 3474 sich
2331 3414 2378 3474 die
2406 3415 2479 3475 alte
2507 3415 2613 3475 Welt.

2752 3477 2849 3537 elzl.
