3248 4384
519 78 618 138 Kunst
650 82 989 142 wegzudisputieren,
1019 85 1050 145 da
1089 87 1141 147 tut
1172 88 1202 148 es
1246 89 1320 149 not,
1342 90 1389 150 sich

517 121 688 181 schirmend
719 119 774 179 vor
801 122 856 182 das
886 124 972 184 Grab
1003 127 1054 187 des
1084 127 1200 187 großen
1235 130 1380 190 Dichtere

515 163 642 223 unserer
675 166 830 226 jüdischen
872 168 958 228 Tage
1005 171 1036 231 zu
1083 170 1210 230 stellen,
1248 172 1297 232 ihn
1344 176 1375 236 zu

518 206 640 266 schützen
673 209 767 269 gegen
801 209 904 269 Feind
933 210 994 270 und
1028 212 1178 272 Freund.

574 258 650 318 Auch
689 259 784 319 gegen
823 261 1038 321 Freund!
1068 266 1081 326 —
1139 265 1220 325 Tles
1259 268 1297 328 ist
1326 267 1383 327 be¬

509 300 614 360 hutsam
656 303 683 363 zu
715 303 866 363 schreiben
899 303 958 363 und
987 305 1133 365 behutsam
1175 310 1206 370 zu
1239 309 1339 369 lesen.

521 342 594 402 Man
622 345 676 405 soll
700 345 759 405 uns
787 347 864 407 nicht
888 348 1048 408 einreihen
1080 351 1103 411 in
1131 351 1181 411 den
1213 354 1383 414 Fackelzug

516 387 725 447 zionistischer
763 388 828 448 und
866 393 1136 453 fortschrittlicher
1178 396 1383 456 Studenten,

512 428 556 488 die
580 428 629 488 dem
666 430 724 490 aus
747 428 802 488 der
821 430 897 490 Haft
916 433 1069 493 befreiten
1098 435 1260 495 Professor
1284 439 1369 499 einen

506 473 670 533 Fackelzug
703 474 835 534 bringen
867 476 999 536 wollen.
1018 478 1031 538 —
1078 479 1159 539 Man
1192 479 1260 539 soll,
1279 482 1370 542 wenn

511 515 578 575 man
633 515 764 575 Arthur
806 518 1001 578 Schnitzler,
1042 521 1097 581 den
1147 524 1283 584 Iuden,
1324 524 1360 584 be

515 558 654 618 trachtet,
669 560 715 620 ihn
743 560 822 620 nicht
842 560 897 620 für
921 563 985 623 eine
1009 563 1126 623 Partet
1145 566 1382 626 reklamieren,

509 602 586 662 nicht
620 602 672 662 als
716 604 879 664 Zionisten
927 607 1004 667 oder
1033 610 1273 670 Nationalisten
1321 611 1373 671 ab¬

510 646 684 706 stempeln.

563 694 606 754 Er
645 697 717 757 war
770 699 862 759 kein
920 703 1257 763 Parteimann,
1306 706 1368 766 kein

505 741 608 801 Mann
641 743 693 803 der
722 745 896 805 Tendenz,
915 748 1019 808 außer
1048 745 1075 805 in
1109 749 1231 809 einem.

565 794 649 854 „Wie
674 793 802 853 töricht,
823 796 907 856 welch
937 798 1264 858 Mißverständnis!“
1294 804 1377 864 sagte

508 832 537 892 er
568 837 816 897 achselzuckend.
867 838 1018 898 „Meinen
1059 842 1231 902 Professor
1267 843 1377 903 Bern¬

504 879 597 939 hardi
621 879 648 939 zu
686 881 774 941 einem
822 883 1050 943 Tendenzstück
1079 887 1107 947 zu
1140 888 1279 948 machen.
1322 888 1363 948 Es

504 923 536 983 ist
560 921 639 981 alles
668 923 742 983 eher
770 924 817 984 als
846 925 1069 985 tendenziös."
1098 924 1107 984 —
1154 930 1243 990 „Und
1271 930 1359 990 doch,

502 966 600 1026 wagte
629 965 684 1025 der
713 968 872 1028 Besucher
901 972 1158 1032 ehrfurchtsvoll
1183 975 1374 1035 einzuwen¬

505 1006 554 1066 den
584 1011 712 1071 „scheint
737 1011 766 1071 es
791 1013 855 1073 mir
880 1014 919 1074 ein
944 1016 1190 1076 Tendenzstück,
1205 1017 1259 1077 das
1290 1017 1377 1077 Ten¬

500 1053 658 1113 denzstück
688 1056 781 1116 gegen
821 1054 870 1114 die
901 1057 1087 1117 Tendenz!“

1193 1061 1288 1121 „Das
1336 1062 1372 1122 ist

500 1094 632 1154 richtig!
673 1097 717 1157 In
752 1097 806 1157 dem
850 1100 958 1160 Sinne
989 1102 1027 1162 ist
1052 1103 1081 1163 es
1112 1103 1190 1163 denn
1225 1103 1289 1163 doch
1324 1104 1363 1164 ein

503 1139 767 1199 Tendenzstück!“
808 1142 894 1202 sagte
931 1144 986 1204 der
1017 1145 1149 1205 Dichter
1190 1149 1378 1209 überrascht

502 1181 570 1241 nach
599 1184 711 1244 kurzem
756 1184 940 1244 Besinnen.

556 1232 624 1292 Und
655 1233 683 1293 er
713 1235 875 1295 erzählte,
896 1238 954 1298 wie
980 1238 1077 1298 dieses
1107 1240 1206 1300 Stück
1226 1245 1372 1305 entstan¬

481 1278 550 1338 den
591 1276 660 1336 war
701 1276 758 1336 aus
800 1278 892 1338 einem
945 1281 1118 1341 Gespräch,
1148 1282 1205 1342 das
1241 1285 1275 1345 er
1310 1288 1368 1348 mit

498 1318 585 1378 einem
638 1321 797 1381 Prälaten
834 1324 968 1384 geführt
999 1325 1102 1385 hatte,
1123 1327 1179 1387 das
1216 1327 1283 1387 war
1319 1327 1365 1387 die

494 1363 667 1423 Keimzelle
717 1365 810 1425 jenes
865 1366 1112 1426 wundervollen
1167 1372 1363 1432 Gespräches

494 1405 637 1465 zwischen
671 1408 723 1468 dem
767 1408 935 1468 Professor
969 1410 1026 1470 und
1060 1410 1108 1470 dem
1151 1414 1294 1474 Pfarrer
1324 1416 1347 1476 im

498 1450 616 1510 vierten
648 1450 725 1510 Akt.
747 1450 819 1510 Und
845 1453 876 1513 er
908 1455 1047 1515 erzählte
1074 1457 1208 1517 weiter,
1230 1459 1286 1519 wie
1312 1461 1348 1521 am

497 1492 598 1552 Abend
627 1492 680 1552 der
704 1494 867 1554 Berliner
892 1497 1147 1557 Uraufführung
1177 1500 1186 1560 —
1230 1503 1359 1563 damals

488 1533 574 1593 hatte
628 1536 912 1596 Barnowsky
970 1541 1071 1601 etwas
1130 1544 1264 1604 Großes
1313 1548 1370 1608 ge¬

494 1578 615 1638 schaffen
649 1578 700 1638 —,
719 1581 775 1641 wie
799 1581 831 1641 da
860 1583 1015 1643 während
1039 1585 1090 1645 des
1118 1587 1230 1647 dritten
1264 1590 1362 1650 Aktes

492 1618 543 1678 die
570 1623 740 1683 Nachricht
772 1623 829 1683 vom
876 1626 995 1686 Tode
1021 1629 1130 1689 Otto
1167 1632 1364 1692 Brahms

491 1665 672 1725 gekommen
727 1668 776 1728 sei
815 1670 879 1730 und
929 1672 992 1732 alle
1037 1674 1194 1734 Freunde
1233 1677 1365 1737 nieder¬

493 1710 666 1770 geschlagen
695 1712 789 1772 habe.

547 1763 625 1823 Otto
660 1763 773 1823 Brahm
818 1766 901 1826 starb
936 1768 971 1828 an
1006 1769 1099 1829 jenem
1144 1773 1247 1833 Tage.
1287 1774 1360 1834 Der

494 1805 621 1865 Mann,
672 1808 726 1868 der
782 1810 848 1870 mit
899 1811 1009 1871 seinen
1065 1814 1242 1874 Freunden
1304 1817 1358 1877 der

489 1850 697 1910 kämpfenden
747 1853 865 1913 jungen
915 1854 1120 1914 Generation
1166 1859 1247 1919 einst
1284 1862 1342 1922 zum

493 1892 588 1952 Siege
613 1892 775 1952 verholfen
805 1897 906 1957 hatte,
927 1898 982 1958 und
1013 1898 1062 1958 der
1083 1901 1154 1961 auch
1174 1902 1365 1962 Schnitzler,

489 1936 537 1996 dem
600 1936 734 1996 Künder
783 1939 864 1999 ganz
909 1942 1048 2002 anderen
1101 1945 1255 2005 Wesens,
1294 1947 1361 2007 bei¬

487 1978 649 2038 gestanden
691 1981 798 2041 hatte,
824 1981 849 2041 so
885 1983 957 2043 sehr
988 1984 1023 2044 er
1055 1985 1105 2045 sich
1141 1988 1238 2048 gegen
1280 1990 1361 2050 seine

486 2023 547 2083 Art
575 2023 626 2083 als
660 2023 730 2083 eine
763 2026 1016 2086 wesensfremde
1050 2029 1195 2089 sträuben
1238 2035 1364 2095 mußte.

485 2065 581 2125 Schon
623 2068 674 2128 die
705 2068 956 2128 „Liebelei“
998 2071 1084 2131 hätte
1126 2072 1161 2132 er
1203 2077 1284 2137 nicht
1316 2078 1371 2138 ge¬

488 2110 601 2170 bracht,
626 2110 710 2170 hätte
741 2112 824 2172 nicht
850 2115 997 2175 Agnes
1033 2118 1196 2178 Sorma
1231 2119 1275 2179 sich
1305 2119 1358 2179 für

485 2154 548 2214 ihre
580 2153 750 2213 Christine
782 2158 962 2218 eingesetzt.
1006 2157 1079 2217 Und
1112 2159 1143 2219 er
1176 2161 1260 2221 hielt
1287 2165 1334 2225 ihm

488 2196 531 2256 die
560 2196 670 2256 Treue
715 2197 762 2257 bis
806 2198 820 2258 —
883 2200 911 2260 ja
956 2201 1008 2261 bis
1047 2203 1249 2263 Bernhardi
1283 2207 1360 2267 auf¬

487 2238 618 2298 tauchte.
669 2241 754 2301 Hier
785 2243 896 2303 endete
932 2245 1078 2305 Brahms
1120 2250 1362 2310 Verständnis.

485 2286 572 2346 „Das
599 2283 692 2343 Stück
718 2286 796 2346 kann
828 2288 905 2348 nicht
927 2290 1192 2350 interessieren",
1208 2295 1290 2355 sagte
1312 2297 1363 2357 er,

481 2328 524 2388 er,
544 2328 596 2388 der
616 2328 668 2388 den
703 2331 828 2391 Aufruf
853 2331 905 2391 der
925 2333 1171 2393 Liberalen
1205 2338 1243 2398 zu
1273 2338 1344 2398 den

486 2370 708 2430 Berliner
772 2374 1000 2434 jüdischen
1069 2379 1355 2439 Gemeinde¬

480 2414 650 2474 wahlen
696 2414 802 2474 eben
843 2420 1215 2480 unterschrieben
1261 2425 1351 2485 hatte

479 2456 538 2516 und
573 2456 677 2516 dann,
707 2459 751 2519 ein
792 2459 895 2519 neues
930 2462 1182 2522 Wirkungsfeld
1222 2466 1256 2526 an
1297 2467 1350 2527 der

484 2498 568 2558 Burg
615 2501 803 2561 erhoffend,
837 2504 897 2564 aus
944 2507 995 2567 dem
1043 2510 1221 2570 Judentum
1274 2512 1353 2572 aus¬

481 2543 622 2603 getreten
657 2546 739 2606 war.

543 2597 705 2657 Prosessor
745 2602 941 2662 Bernhardi
980 2603 1063 2663 stellt
1098 2605 1157 2665 den
1201 2608 1348 2668 Höhe¬

480 2641 615 2701 punkt
662 2641 741 2701 des
798 2646 1040 2706 Schaffens
1097 2648 1157 2708 von
1218 2650 1348 2710 Arthur

485 2683 652 2743 Schnitzler
673 2686 746 2746 dar.
781 2688 869 2748 Aber
895 2691 963 2751 man
993 2692 1061 2752 muß
1092 2693 1121 2753 zu
1151 2693 1249 2753 seinen
1284 2695 1347 2755 An¬

480 2727 589 2787 sängen
639 2730 890 2790 zurückkehren,
925 2734 964 2794 um
1019 2737 1102 2797 ganz
1138 2739 1191 2799 den
1231 2740 1345 2800 Juden

485 2773 655 2833 Schnitzler
688 2775 720 2835 zu
758 2776 938 2836 begreifen.

530 2827 581 2887 Im
628 2827 898 2887 „Freiwild“
935 2829 1044 2889 führte
1075 2834 1257 2894 Schnitzler
1288 2836 1345 2896 den

476 2868 623 2928 Juden
658 2870 736 2930 auf
766 2871 840 2931 der
870 2873 1026 2933 Bühne
1057 2878 1174 2938 wieder
1209 2880 1272 2940 ein,
1293 2880 1346 2940 der

475 2913 532 2973 auf
561 2913 614 2973 der
648 2916 768 2976 ernsten
807 2916 926 2976 Bühne
961 2919 1018 2979 seit
1047 2919 1100 2979 dem
1149 2922 1340 2982 verlorenen

477 2955 601 3015 Schewa
637 2957 690 3017 von
730 2958 956 3018 Cumberland
988 2964 1232 3024 verschwunden
1268 2967 1352 3027 war.

475 2997 517 3057 Es
550 3000 615 3060 war
643 3003 712 3063 eine
741 3001 843 3061 kleine
871 3004 1118 3064 Episodenrolle
1142 3008 1151 3068 —
1198 3011 1263 3071 nur
1291 3014 1346 3074 auf

476 3042 630 3102 Minuten
665 3044 693 3104 im
742 3044 838 3104 ersten
878 3047 940 3107 Akt
970 3050 1168 3110 erscheinend
1197 3051 1250 3111 —,
1275 3054 1352 3114 aber

475 3084 534 3144 von
593 3086 682 3146 welch
741 3090 963 3150 symbolischer
1018 3094 1239 3154 Bedentung!
1294 3098 1338 3158 In

476 3128 577 3188 seinem
616 3131 736 3191 kleinen
765 3133 934 3193 Verschlag
963 3137 1007 3197 saß
1036 3137 1088 3197 der
1108 3140 1272 3200 Kassierer
1292 3141 1344 3201 des

482 3176 710 3236 Kurtheaters.
758 3177 869 3237 Nings
907 3179 1023 3239 flutete
1057 3181 1112 3241 das
1150 3184 1248 3244 Leben
1286 3185 1341 3245 des

479 3218 651 3278 mondänen
701 3220 834 3280 Bades.
884 3223 1110 3283 Mittendrin,
1146 3227 1180 3287 an
1234 3230 1338 3290 seinen

476 3259 562 3319 Platz
582 3262 746 3322 gehannt,
770 3265 818 3325 saß
852 3265 1006 3325 Cohn,
1031 3268 1093 3328 nur
1127 3269 1189 3329 aus
1223 3271 1324 3331 seinem

473 3304 763 3364 Schubfensterchen
797 3308 820 3368 in
851 3310 898 3370 die
923 3310 1000 3370 nahe
1029 3313 1086 3373 und
1112 3313 1164 3373 ihm
1203 3314 1227 3374 so
1252 3315 1343 3375 ferne

471 3346 554 3406 Welt
580 3349 737 3409 blickend,
762 3352 924 3412 verkaufte
954 3355 1037 3415 seine
1067 3358 1224 3418 Billetts,
1249 3359 1342 3419 wech¬

469 3391 540 3451 selte
574 3393 704 3453 Noten,
743 3394 877 3454 kritzelte
906 3398 1050 3458 Zahlen,
1084 3401 1232 3461 addierte
1276 3403 1337 3463 und

465 3436 654 3496 kalkulierte
693 3437 754 3497 und
793 3439 896 3499 sorgte
931 3442 982 3502 sich
1016 3442 1058 3502 um
1106 3443 1154 3503 die
1187 3445 1338 3505 hinteren

475 3480 722 3540 Parkettplätze.
773 3480 861 3540 Aber
896 3483 995 3543 dabei
1030 3485 1113 3545 nahm
1169 3486 1203 3546 er
1238 3491 1332 3551 tiefen

470 3522 577 3582 Anteil
615 3525 657 3585 an
705 3525 765 3585 dem
827 3525 926 3585 Leben
978 3528 1033 3588 der
1076 3531 1245 3591 Menschen
1297 3532 1334 3592 da

468 3567 608 3627 draußen
641 3567 700 3627 und
732 3569 832 3629 suchte
860 3571 891 3631 zu
924 3572 1050 3632 helfen,
1074 3576 1114 3636 wo
1151 3576 1182 3636 er
1211 3578 1342 3638 konnte.

472 3612 510 3672 Er
538 3612 679 3672 rechnete
707 3612 766 3672 und
794 3615 881 3675 hatte
909 3618 1061 3678 Mitleid.

533 3663 636 3723 Denkt
662 3664 734 3724 man
776 3666 854 3726 nicht
885 3666 921 3726 an
958 3669 1014 3729 den
1051 3673 1336 3733 Episovenspieler

471 3707 520 3767 der
559 3707 831 3767 Weltgeschichte,
865 3710 920 3770 den
965 3713 1104 3773 Juden?
1160 3716 1265 3776 (Alles
1305 3719 1343 3779 ist

468 3749 602 3809 relativ,
622 3752 691 3812 man
724 3752 798 3812 kann
827 3754 878 3814 ihn
906 3755 976 3815 auch
1004 3755 1051 3815 als
1079 3760 1331 3820 Protagonisten

465 3794 634 3854 nehmen.)
681 3794 763 3854 Was
810 3797 861 3857 tat
903 3797 954 3857 der
1001 3800 1119 3860 Jude
1161 3802 1202 3862 in
1254 3804 1325 3864 den

468 3839 626 3899 langen
654 3842 1140 3902 Jahrhundertendes
1162 3847 1331 3907 Exils?

472 3881 508 3941 Er
539 3881 637 3941 spielt
664 3881 741 3941 kaum
788 3884 866 3944 mit,
882 3884 918 3944 er
944 3886 1006 3946 sitzt
1038 3887 1063 3947 in
1100 3887 1203 3947 seinem
1250 3890 1338 3950 Ver¬

468 3925 599 3985 schage,
620 3925 720 3985 starrt
751 3925 842 3985 durch
873 3928 928 3988 das
964 3928 1065 3988 kleine
1096 3931 1247 3991 Guckloch
1283 3934 1338 3994 auf

466 3967 521 4027 das
554 3967 713 4027 Getriebe
746 3972 876 4032 umher,
910 3967 919 4027 —
976 3973 1101 4033 rechnet

1182 3979 1340 4039 rechnet,

469 4015 553 4075 sorgt
573 4015 623 4075 sich
650 4015 682 4075 um
727 4017 785 4077 alle
811 4018 869 4078 und
895 4018 947 4078 hat
967 4018 1120 4078 Mitleid.

1441 97 1545 157 langt,
1563 99 1615 159 das
1641 98 1689 158 ihn
1720 102 1802 162 nicht
1825 105 1968 165 losließ.
1986 109 2172 169 Almählich
2204 112 2312 172 wurde

1441 138 1467 198 es
1503 139 1529 199 in
1569 142 1617 202 ihm
1662 144 1781 204 stärker
1817 147 1873 207 und
1905 148 2037 208 stärker,
2064 153 2094 213 er
2126 154 2222 214 suchte
2254 157 2297 217 sich

1444 183 1664 243 diskutierend
1690 184 1711 244 im
1755 189 1876 249 Roman
1911 191 1940 251 zu
1971 192 2130 252 befreien,
2149 195 2196 255 bis
2222 198 2303 258 dann

1441 223 1508 283 sene
1559 228 1659 288 große
1714 231 1986 291 Traglkomödle,
2032 237 2082 297 die
2137 240 2282 300 Tragi

1441 267 1635 327 kumödie
1680 271 1755 331 des
1804 278 2097 338 Iudentums
2146 282 2310 342 entstand,

1436 312 1480 372 die
1512 310 1591 370 über
1619 312 1676 372 das
1708 318 1966 378 Einzelproblem
2016 324 2300 384 hinauswachsend

1438 354 1483 414 die
1506 354 1662 414 Komödie
1690 360 1740 420 der
1763 363 1841 423 Zeit
1860 363 2029 423 geworden
2062 366 2107 426 ist.

1495 399 1567 459 Wer
1601 405 1654 465 ist,
1683 410 1745 470 was
1790 410 1823 470 ist
1852 412 1957 472 dieser
1992 418 2160 478 Professor
2195 419 2305 479 Bern¬

1432 449 1544 509 hardi?
1587 452 1666 512 Auch
1690 452 1723 512 er
1747 452 1807 512 sitzt
1827 454 1850 514 in
1879 457 1982 517 seinem
2024 461 2212 521 Verschlage
2236 464 2296 524 nur

1437 491 1494 551 mit
1518 491 1618 551 seiner
1647 494 1761 554 Arbeit
1786 499 1982 559 beschäftigt,
1996 503 2044 563 sich
2073 504 2154 564 nicht
2173 506 2292 566 anders

1435 534 1490 594 wie
1538 536 1589 596 als
1636 540 1916 600 teilnehmender,
1955 547 2188 607 mitfühlender
2235 550 2305 610 Zu¬

1437 578 1554 638 schauer
1578 578 1613 638 um
1650 578 1709 638 das
1737 582 1827 642 Leben
1859 587 2059 647 ringsherum
2100 593 2304 653 kümmernd,

1432 619 1469 679 um
1516 620 1567 680 die
1601 620 1779 680 politischen
1822 630 2140 690 Quertreibereien,
2164 635 2201 695 um
2249 635 2300 695 die

1431 664 1643 724 Klopffechter
1676 666 1733 726 der
1771 673 2124 733 Parteiprogramme,
2158 676 2205 736 die
2243 678 2304 738 mit

1435 705 1538 765 lautem
1585 709 1763 769 Spektakel
1793 711 1839 771 die
1868 715 1975 775 Szene
2009 718 2125 778 füllen.
2169 718 2215 778 Er
2244 721 2304 781 sitzt

1427 748 1455 808 da
1488 751 1549 811 und
1578 751 1629 811 tut
1658 753 1752 813 nichts
1785 755 1837 815 als
1866 756 1894 816 in
1927 759 2016 819 jedem
2059 761 2214 821 Moment
2238 765 2294 825 das

1433 793 1587 853 Richtige,
1612 794 1682 854 eben
1720 797 1757 857 um
1805 798 1856 858 des
1890 802 2059 862 Richtigen
2097 805 2200 865 willen
2234 808 2290 868 von

1432 835 1497 895 früh
1531 835 1577 895 bis
1606 837 1685 897 spät,
1704 837 1755 897 der
1784 840 1888 900 Mann
1921 844 2000 904 ohne
2029 846 2198 906 Tendenz,
2217 852 2296 912 ohne

1433 879 1500 939 eine
1519 879 1638 939 andere
1663 881 1811 941 Tendenz
1831 885 1926 945 eben,
1946 888 1993 948 als
2023 888 2066 948 ein
2095 891 2176 951 jedes
2205 894 2291 954 Ding

1432 921 1465 981 um
1514 921 1614 981 seiner
1643 923 1734 983 selbst
1763 925 1864 985 willen
1903 930 1931 990 zu
1965 930 2041 990 tun,
2066 934 2214 994 gerichtet
2239 934 2296 994 auf

1435 968 1711 1028 Ewigkeitsziele.
1752 972 1825 1032 Und
1860 973 1893 1033 er
1928 975 2029 1035 erlebt
2058 977 2109 1037 es,
2132 981 2273 1041 daßßihm

2368 114 2556 174 Sehnsüchle
2585 118 2613 178 zu
2650 120 2801 180 gestalten
2839 119 2941 179 wissen
2979 122 3040 182 und
3073 123 3134 183 aus
3163 126 3216 186 dem

2374 157 2524 217 lüchtigen
2569 160 2710 220 Wechsel
2742 161 2799 221 des
2840 163 3034 223 Geschehens
3074 167 3193 227 Ewig

2359 201 2631 261 leitswerte
2658 204 2802 264 sormen.

2415 263 2459 323 In
2503 261 2635 321 Arthur
2679 264 2860 324 Schnitzler
2899 268 2939 328 ist
2978 270 3139 330 vielleicht
3184 272 3237 332 der

2359 303 2485 363 erste,
2514 306 2660 366 große
2693 310 2885 370 jüdische
2923 315 3224 375 Dramatiker

2361 348 2415 408 seit
2439 351 2585 411 Urzeiten
2618 351 2823 411 entstanden.

2409 411 2461 471 Ich
2494 410 2607 470 möchte
2636 411 2682 471 ein
2716 413 2810 473 Wort
2839 416 2923 476 eines
2957 416 3027 476 auch
3056 418 3112 478 vor
3141 419 3225 479 nicht

2359 452 2469 512 langer
2497 455 2570 515 Zeit
2593 458 2900 518 Heimgegangenen
2928 461 3111 521 anführen,
3134 464 3221 524 eines

2360 495 2497 555 Mannes
2537 497 2585 557 der
2615 499 2846 559 Wissenschaft,
2866 501 2915 561 des
2950 504 3087 564 Rektors
3117 506 3220 566 Adolf

2352 539 2549 599 Schwarz
2577 542 2633 602 aus
2662 542 2774 602 Wien.
2807 542 2853 602 Er
2883 545 3008 605 münzte
3032 548 3065 608 es
3094 548 3149 608 auf
3169 548 3215 608 die

2350 582 2579 642 Wissenschaft,
2605 587 2762 647 vielleicht
2788 589 2875 649 trifft
2901 590 2936 650 es
2962 591 3023 651 auf
3049 593 3095 653 die
3121 593 3222 653 Kunst

2350 625 2461 685 ebenso
2494 628 2554 688 zu:

2405 679 2475 739 Zum
2521 682 2703 742 Feststrauß
2734 682 2769 742 am
2816 685 3083 745 Laubhüttenfest
3110 688 3220 748 bindet

2350 721 2417 781 man
2451 726 2676 786 Palmzweig,
2696 727 2830 787 Myrthe
2864 729 2921 789 und
2955 730 3060 790 Weide
3089 733 3218 793 zusam¬

2350 766 2434 826 men.
2481 769 2565 829 Man
2603 769 2724 829 nimmt
2753 771 2850 831 dazu,
2874 772 2939 832 frei
2968 772 2995 832 in
3033 773 3084 833 der
3118 775 3211 835 Hand

2349 809 2497 869 haltend,
2518 811 2562 871 die
2587 811 2705 871 Frucht
2725 814 2774 874 des
2809 814 3101 874 Paradiesapsels.
3121 820 3214 880 Diese

2349 852 2464 912 Frucht
2494 852 2527 912 ist
2556 854 2609 914 das
2638 855 2787 915 Symbol
2811 858 2859 918 der
2888 858 2984 918 freien
3018 861 3220 921 Forschung,

2346 891 2395 951 der
2435 896 2667 956 Wissenschaft.
2703 900 2801 960 Ohne
2836 900 2875 960 sie
2910 901 2949 961 ist
2984 902 3033 962 der
3074 906 3206 966 Strauß

2346 938 2602 998 unvollständig,
2626 942 2785 1002 wertlos.
2827 944 2910 1004 Aber
2940 948 3103 1008 gebunden
3140 951 3214 1011 darf

2351 986 2384 1046 sie
2414 984 2493 1044 nicht
2517 987 2601 1047 sein.
