3392 4384
154 327 280 387 12.
341 331 940 391 Schnitzler's
1009 321 1234 381 Death

845 1385 973 1445 AEVTENNE
993 1370 1112 1430 FREESE.
1122 1361 1168 1421 PRE

840 1492 859 1552 2
892 1483 1058 1543 4.0KT

431 1543 537 1603 Arthur
571 1537 841 1597 Schnitzler-Feier.
883 1533 1006 1593 Infolge
1040 1530 1088 1590 des
1138 1529 1293 1589 plötzlichen
1336 1524 1392 1584 Ab¬

345 1590 446 1650 lebens
486 1587 530 1647 des
565 1583 694 1643 Dichsers
734 1580 846 1640 Akthür
881 1577 1050 1637 Schnißler,
1096 1573 1146 1633 dem
1197 1570 1236 1630 die
1271 1569 1394 1629 deutsche

349 1635 454 1695 Bühne
484 1632 509 1692 zu
545 1628 634 1688 hohem
675 1626 760 1686 Dank
791 1622 967 1682 verpflichtet
993 1620 1042 1680 ist,
1063 1616 1148 1676 plant
1174 1615 1213 1675 die
1244 1613 1389 1673 Direktion

348 1681 395 1741 des
429 1677 529 1737 Neuen
563 1672 715 1732 Deutschen
749 1668 892 1728 Theaters
926 1662 987 1722 eine
1016 1659 1174 1719 besondere
1208 1656 1393 1716 künstlerische

353 1721 556 1781 Gedenkfeier,
584 1717 655 1777 über
684 1714 727 1774 die
761 1713 893 1773 Nüheres
927 1709 948 1769 in
987 1707 1081 1767 Kürze
1114 1704 1241 1764 bekannt
1269 1701 1412 1761 gegeben¬

355 1766 448 1826 wird.

505 2431 1225 2491 OBSERVER

587 2498 610 2558 I.
625 2498 745 2558 österr.
760 2501 909 2561 behördl.
924 2504 1222 2564 konzessioniertes

539 2540 777 2600 Unternehmen
805 2543 852 2603 für
880 2546 1268 2606 Zeitungs-Ausschnitte

592 2599 742 2659 WIEN,
771 2605 820 2665 I.,
843 2607 1130 2667 WOLLZEILE
1181 2609 1223 2669 11

688 2653 906 2713 TELEPHON
939 2657 1118 2717 R-23-0-43

489 2795 709 2855 Ausschnitt
738 2797 828 2857 aus:

693 2933 753 2993 Az
795 2936 923 2996 Est,
964 2942 1228 3002 Budapest

993 3004 1315 3064 24.X.1951.

484 3021 597 3081 vom:

554 3199 634 3259 Egy
662 3194 749 3254 bécsi
771 3191 824 3251 lap
872 3184 1076 3244 munkatarsa
1111 3177 1307 3237 közvetlenul

551 3235 681 3295 alala
723 3230 862 3290 tti
891 3226 1025 3286 napon
1068 3220 1137 3280 kért
1170 3218 1305 3278 interjüt

528 3273 793 3333 Schnizer
831 3265 1013 3325 Arthurtöl,
1037 3263 1050 3323 a
1088 3258 1307 3318 Burgszinház

535 3312 803 3372 krizisel4z
830 3305 944 3365 interjá
975 3301 1062 3361 során
1094 3301 1106 3361 a
1138 3296 1300 3356 következó

540 3353 821 3413 kijelette
848 3343 879 3403 az
906 3343 970 3403 iró:
986 3339 1214 3399 »Ausztria
1241 3334 1320 3394 mü¬

533 3391 818 3451 vesseteom
859 3384 992 3444 tudnd
1028 3382 1041 3442 a
1073 3381 1313 3441 Burgszin¬

532 3433 916 3493 häzelyesutésät
939 3422 1138 3482 tülélni.

1460 312 1582 372 box
1662 312 1855 372 44/1

2186 151 2289 211 nter
2447 149 2453 209 m

2223 211 2358 271 WIEN,
2390 210 2432 270 I.,
2464 207 2747 267 WOLLZEILE
2791 203 2833 263 11

2314 261 2527 321 TELEPHON
2562 255 2741 315 R-23-0-43

2125 403 2345 463 Ausschnitt
2370 401 2459 461 aus:

2455 472 2509 532 a
2680 513 2769 573 Wen

2130 628 2255 688 vom:

2359 655 2384 715 2
2422 657 2466 717 4.
2493 662 2617 722 0KT.
2637 664 2743 724 1937

2082 759 2186 819 Der
2235 758 2350 818 Tod
2399 760 2629 820 Arthur
2679 758 3053 818 Schnitzlers.

2120 826 2199 886 Die
2237 826 2518 886 Trauerfeier
2550 826 2623 886 der
2654 823 3003 883 „Coneordia“.

2094 897 2170 957 Das
2206 897 2372 957 Präsidium
2425 894 2472 954 des
2515 894 2751 954 Journalisten-
2787 894 2845 954 und
2887 894 3123 954 Schriftsteller¬

2004 942 2138 1002 vereines
2171 942 2382 1002 „Concordia"
2415 942 2577 1002 vereinigte
2605 942 2653 1002 sich
2680 942 2793 1002 gestern
2821 942 2848 1002 zu
2881 942 2961 1002 einer
2984 939 3123 999 Trauer¬

2005 990 2111 1050 sitzung
2147 990 2199 1050 für
2235 987 2287 1047 sein
2323 987 2571 1047 Ehrenmitglied
2613 987 2736 1047 Arthur
2766 987 3030 1047 Schnitzler.
3060 986 3118 1046 Bei

2010 1036 2100 1096 diesem
2146 1035 2250 1095 Anlaß
2290 1035 2367 1095 hielt
2400 1035 2569 1095 Präsident
2602 1035 2830 1095 Lipschütz
2857 1035 2921 1095 eine
2954 1035 3058 1095 Rede,
3085 1035 3110 1095 in

2006 1082 2054 1142 der
2085 1082 2115 1142 er
2140 1082 2249 1142 sagte:

2102 1127 2155 1187 Als
2188 1127 2247 1187 wir
2275 1127 2321 1187 die
2355 1127 2693 1187 Schreckensnachricht
2721 1129 2919 1189 empfingen,
2947 1127 2980 1187 da
3014 1124 3119 1184 stockte

2010 1173 2065 1233 uns
2104 1175 2153 1235 der
2181 1175 2291 1235 Atem,
2314 1173 2363 1233 als
2396 1172 2545 1232 befänden
2584 1175 2644 1235 wir
2672 1172 2732 1232 uns
2766 1173 2793 1233 in
2827 1174 2909 1234 einem
2954 1172 3113 1232 luftleeren

2005 1223 2128 1283 Raum.
2153 1221 2246 1281 Jeder
2271 1220 2406 1280 Lebende
2436 1222 2500 1282 muß
2536 1220 2654 1280 einmal
2678 1220 2725 1280 der
2749 1220 2854 1280 Natur
2885 1220 2972 1280 seinen
3009 1218 3126 1278 Tribut

2007 1268 2191 1328 entrichten,
2215 1268 2266 1328 das
2296 1268 2393 1328 wissen
2429 1268 2504 1328 wir,
2527 1268 2584 1328 und
2614 1267 2741 1327 dennoch
2776 1268 2839 1328 will
2868 1268 2932 1328 man
2967 1266 3018 1326 sich
3048 1264 3128 1324 nicht

2008 1315 2215 1375 eingestehen,
2239 1315 2290 1375 daß
2326 1315 2371 1375 der
2401 1313 2516 1373 Vater,
2540 1312 2585 1372 der
2615 1312 2736 1372 Bruder
2771 1313 2886 1373 sterben
2916 1312 3054 1372 werden.
3078 1311 3123 1371 So

2008 1361 2101 1421 haben
2135 1361 2189 1421 wir
2212 1360 2322 1420 immer
2350 1360 2394 1420 den
2428 1360 2593 1420 Gedanken
2627 1360 2681 1420 von
2709 1358 2770 1418 uns
2798 1359 3040 1419 weggeschoben,
3063 1357 3118 1417 daß

2011 1408 2079 1468 auch
2109 1406 2229 1466 Arthur
2258 1408 2425 1468 Schnitzler
2448 1408 2568 1468 einmal
2598 1405 2672 1465 nicht
2702 1405 2787 1465 unter
2817 1405 2874 1465 uns
2909 1404 2960 1464 sein
2995 1402 3127 1462 könnte.

2011 1453 2110 1513 Seine
2140 1453 2246 1513 Größe
2282 1455 2388 1515 wurde
2424 1453 2482 1513 nur
2518 1453 2606 1513 durch
2642 1450 2718 1510 seine
2754 1451 3002 1511 Bescheidenheit
3038 1447 3131 1507 über¬

2005 1500 2114 1560 boten.
2155 1500 2252 1560 Schon
2299 1498 2327 1558 in
2374 1500 2489 1560 jungen
2536 1499 2656 1559 Jahren
2709 1497 2772 1557 war
2819 1497 2847 1557 er
2888 1496 3038 1556 Meister,
3079 1495 3124 1555 der

2015 1548 2174 1608 spielerisch
2201 1548 2245 1608 die
2271 1546 2481 1606 schwierigsten
2514 1545 2673 1605 Probleme
2699 1544 2896 1604 bewältigte.
2916 1542 2960 1602 Er
2987 1543 3126 1603 brauchte

2011 1595 2091 1655 nicht
2121 1595 2184 1655 erst
2214 1593 2242 1653 zu
2283 1593 2405 1653 lernen,
2440 1593 2468 1653 er
2505 1593 2567 1653 war
2603 1593 2655 1653 der
2690 1590 2841 1650 geborene
2876 1590 3021 1650 Könner.
3050 1587 3125 1647 Sein

2012 1641 2206 1701 universeller
2238 1638 2325 1698 Geist
2357 1640 2500 1700 umfaßte
2532 1638 2595 1698 alle
2627 1638 2782 1698 Epochen,
2808 1638 2914 1698 schritt
2946 1636 3033 1696 durch
3071 1636 3127 1696 alle

2013 1688 2289 1748 Himmelsstriche.
2318 1686 2362 1746 Er
2402 1686 2463 1746 war
2498 1686 2604 1746 daheim
2656 1683 2683 1743 in
2723 1683 2773 1743 der
2808 1683 3027 1743 wunderlichen
3067 1681 3128 1741 Ge¬

2011 1735 2217 1795 lehrtenstube
2259 1732 2312 1792 des
2354 1730 2567 1790 Paracelsus,
2603 1730 2631 1790 in
2680 1730 2732 1790 der
2774 1727 3034 1787 Artistenschenke
3082 1726 3134 1786 der

2014 1781 2185 1841 Jahobiner
2219 1778 2246 1838 in
2285 1778 2335 1838 den
2375 1778 2624 1838 Prunkräumen
2664 1775 2718 1835 von
2758 1775 2963 1835 Schönbrunn
3008 1774 3063 1834 und
3102 1771 3124 1831 in

2012 1826 2059 1886 den
2096 1826 2317 1886 Dachstübchen
2366 1823 2413 1883 der
2456 1823 2576 1883 kleinen
2625 1820 2750 1880 Wiener
2781 1820 2990 1880 Midinetten.
3027 1819 3123 1879 Jedes

2012 1874 2158 1934 Ereignis
2196 1874 2331 1934 drängte
2369 1874 2411 1934 ihn
2455 1871 2503 1931 zur
2534 1869 2743 1929 Gestaltung.
2768 1868 2817 1928 Er
2848 1868 2977 1928 schürfte
3009 1868 3032 1928 in
3070 1866 3106 1926 de

2018 1922 2239 1982 verborgensten
2270 1919 2371 1979 Tiefen
2403 1918 2450 1978 der
2475 1916 2576 1976 Seele,
2595 1917 2660 1977 auch
2685 1916 2732 1976 die
2751 1916 2925 1976 geheimsten
2956 1913 3123 1973 Regungen

2014 1966 2134 2026 wurden
2164 1966 2209 2026 ihm
2256 1963 2412 2023 offenbar,
2430 1963 2487 2023 und
2517 1963 2586 2023 was
2616 1963 2644 2023 er
2667 1961 2834 2021 gefunden,
2858 1960 2991 2020 schenkte
3014 1960 3042 2020 er
3066 1958 3129 2018 uns

2014 2014 2108 2074 heiter
2132 2011 2267 2071 lächelnd
2297 2011 2320 2071 in
2357 2011 2433 2071 einem
2480 2010 2663 2070 glänzenden
2699 2008 2810 2068 Apercu
2847 2008 2917 2068 oder
2941 2007 3000 2067 mit
3018 2005 3135 2065 ernster

2012 2062 2118 2122 Miene
2144 2059 2168 2119 in
2200 2059 2451 2119 philosophischer
2483 2056 2701 2116 Betrachtung.
2727 2055 2808 2115 Aber
2834 2055 2877 2115 die
2909 2055 3128 2115 Angelpunkte

2018 2107 2107 2167 seines
2144 2107 2307 2167 Schaffens
2344 2104 2446 2164 waren
2483 2104 2531 2164 die
2562 2104 2694 2164 Erotik,
2719 2101 2766 2161 die
2797 2101 2851 2161 das
2888 2101 2978 2161 Leben
3021 2101 3044 2161 in
3087 2098 3135 2158 die

2013 2154 2103 2214 Welt
2123 2154 2207 2214 ruft,
2234 2152 2292 2212 und
2325 2152 2376 2212 der
2404 2152 2488 2212 Tod,
2515 2149 2566 2209 der
2593 2149 2651 2209 das
2684 2147 2775 2207 Leben
2815 2146 2958 2206 beendet.
2978 2146 3042 2206 Mit
3069 2145 3120 2205 den

2009 2199 2161 2259 Quadern
2205 2199 2254 2259 des
2298 2197 2451 2257 deutschen
2495 2196 2666 2256 Satzbaues
2711 2193 2876 2253 jonglierte
2913 2192 2950 2252 er
2988 2190 3042 2250 wie
3086 2190 3128 2250 ein

2012 2247 2189 2307 geschickter
2220 2244 2319 2304 Artist
2350 2244 2411 2304 mit
2442 2244 2558 2304 leichten
2596 2241 2817 2301 Federbällen.
2848 2241 2916 2301 Der
2947 2239 3131 2299 zauberische

2018 2293 2281 2353 Sprachkünstler
2307 2292 2344 2352 ist
2370 2292 2445 2352 ganz
2477 2290 2539 2350 still
2565 2289 2740 2349 geworden,
2766 2287 2816 2347 sein
2854 2286 2973 2346 Mund,
2999 2286 3048 2346 der
3074 2286 3130 2346 uns

2017 2343 2081 2403 noch
2117 2340 2211 2400 vieles
2247 2340 2329 2400 hätte
2359 2338 2447 2398 sagen
2483 2337 2624 2397 können,
2654 2336 2689 2396 ift
2719 2334 2913 2394 verstummt.
2938 2334 3008 2394 Der
3038 2332 3131 2392 große

2021 2387 2102 2447 Geist
2134 2385 2171 2445 ist
2197 2384 2366 2444 erloschen,
2398 2384 2441 2444 die
2473 2381 2586 2441 Fackel
2618 2381 2655 2441 ist
2687 2380 2925 2440 ausgebrannt.
2951 2378 3007 2438 Ein
3051 2376 3132 2436 Licht

2016 2435 2158 2495 weniger
2188 2431 2215 2491 in
2255 2432 2350 2492 duesen
2400 2430 2504 2490 Zeiten
2543 2429 2600 2489 der
2630 2429 2831 2489 Finsternis,
2861 2426 2945 2486 durch
2985 2426 3032 2486 die
3071 2424 3127 2484 wir

2021 2481 2168 2541 ängstlich
2195 2477 2323 2537 tappen.

2021 2546 2096 2606 Ein
2134 2543 2331 2603 Nachruf
2361 2540 2397 2600 in
2446 2538 2520 2598 der
2549 2540 2842 2600 Gesellschaft
2862 2537 2936 2597 der
2965 2536 3134 2596 Aerzte.

2122 2601 2157 2661 Zu
2187 2597 2302 2657 Beginn
2347 2596 2405 2656 der
2442 2595 2586 2655 gestrigen
2615 2594 2746 2654 Sitzung
2776 2593 2826 2653 der
2855 2590 3051 2650 Gesellschaft
3088 2590 3138 2650 der

2018 2644 2125 2704 Aerzte
2144 2644 2167 2704 in
2198 2644 2282 2704 Wien
2313 2641 2384 2701 hielt
2410 2641 2619 2701 Sektionsrat
2638 2641 2704 2701 Dr.
2723 2638 2903 2698 Müller
2922 2638 2975 2698 vom
3012 2636 3138 2696 Volks¬

2015 2691 2284 2751 gesundheitsamt
2327 2688 2405 2748 einen
2442 2688 2585 2748 Nachruf
2622 2686 2682 2746 auf
2718 2684 2844 2744 Arthur
2875 2686 3139 2746 Schnitzler.

2023 2737 2059 2797 Er
2090 2736 2139 2796 hob
2170 2736 2200 2796 in
2238 2735 2330 2795 seiner
2362 2734 2447 2794 Rede
2472 2734 2601 2794 hervor,
2627 2733 2675 2793 daß
2713 2729 2761 2789 bei
2786 2729 2952 2789 Schnitzler
2984 2728 3032 2788 der
3057 2728 3137 2788 Arzt

2018 2783 2065 2843 den
2102 2782 2227 2842 Dichter
2252 2780 2305 2840 und
2342 2779 2389 2839 der
2420 2781 2545 2841 Dichter
2576 2777 2623 2837 den
2654 2779 2731 2839 Arzt
2756 2777 2912 2837 gefördert
2936 2775 3002 2835 hat.
3026 2774 3122 2834 Wenn

2020 2829 2090 2889 auch
2120 2826 2237 2886 Arthur
2268 2826 2432 2886 Schnitzler
2462 2826 2485 2886 in
2521 2823 2615 2883 seinen
2651 2823 2786 2883 späteren
2822 2822 3051 2882 Lebensjahren
3087 2820 3134 2880 der

2020 2874 2172 2934 ärztlichen
2209 2871 2403 2931 Betätigung
2433 2871 2573 2931 entrückt
2598 2871 2680 2931 war,
2710 2870 2733 2930 so
2775 2868 2827 2928 hat
2869 2868 2916 2928 der
2946 2868 3022 2928 Arzt
3058 2868 3134 2928 seine

2021 2922 2206 2982 dichterische
2237 2919 2404 2979 Tätigkeit
2441 2919 2512 2979 aufs
2555 2916 2650 2976 tiefste
2687 2916 2879 2976 beeinflußt.
2909 2915 2975 2975 Mit
3011 2915 3137 2975 Arthur

2019 2968 2183 3028 Schnitzler
2218 2967 2341 3027 verliert
2367 2967 2441 3027 auch
2475 2967 2524 3027 die
2549 2965 2682 3025 Wiener
2707 2964 2914 3024 Aerzteschaft
2940 2962 3022 3022 eines
3056 2963 3138 3023 ihrer

2021 3015 2249 3075 bedeutendsten
2287 3012 2485 3072 Mitglieder.

2062 3071 2632 3131 Schnitzler-Gedenkfeier
2667 3072 2741 3132 bei
2776 3072 2917 3132 Radio
2961 3072 3119 3132 Wien.

2101 3131 2236 3191 Sonntag
2258 3129 2325 3189 wird
2346 3129 2441 3189 Radio
2462 3128 2542 3188 Wien
2571 3128 2604 3188 um
2639 3128 2659 3188 1
2680 3128 2741 3188 Uhr
2762 3126 2795 3186 10
2823 3125 2952 3185 Minuten
2980 3125 3041 3185 eine
3062 3125 3142 3185 Feier

2020 3180 2221 3240 veranstalten,
2250 3176 2290 3236 die
2319 3176 2365 3236 dem
2412 3174 2561 3234 Gedenken
2596 3173 2711 3233 Arthur
2740 3173 2993 3233 Schnitzlers
3022 3173 3143 3233 geweiht

2017 3224 2062 3284 ist,
2086 3224 2149 3284 Dr.
2173 3221 2264 3281 Ernst
2288 3221 2456 3281 Lothar
2485 3221 2554 3281 wird
2584 3219 2624 3279 die
2653 3218 2837 3278 Gedenkrede
2867 3221 2977 3281 halten,
3006 3221 3052 3281 der
3081 3218 3138 3278 eine

2017 3271 2205 3331 Aufführung
2235 3268 2282 3328 von
2312 3267 2482 3327 Schnitzlers
2507 3265 2665 3325 einaktigem
2707 3268 2789 3328 Spiel
2813 3265 2836 3325 in
2866 3265 2966 3325 Versen
2996 3266 3143 3326 „Para¬

2011 3318 2172 3378 celsus"
2207 3313 2294 3373 unter
2324 3314 2369 3374 der
2405 3313 2601 3373 Spielleitung
2636 3313 2688 3373 von
2724 3312 2787 3372 Dr.
2816 3312 2902 3372 Hans
2932 3313 3140 3373 Nüchtern

2022 3365 2105 3425 folgt.
2130 3363 2201 3423 Auch
2226 3361 2273 3421 das
2298 3361 2466 3421 Wiener
2490 3360 2959 3420 Symphonieorchester
2989 3358 3067 3418 unter
3098 3358 3139 3418 der

2022 3412 2140 3472 Leitung
2169 3409 2287 3469 Oswald
2309 3409 2510 3469 Kabastas
2539 3406 2601 3466 wird
2630 3406 2657 3466 an
2693 3406 2776 3466 dieser
2797 3406 2880 3466 Feier
2902 3405 3083 3465 mitwirken.

2108 3513 2609 3573 Beileidskundgebung
2661 3510 2729 3570 des
2773 3510 3049 3570 preußischen

2378 3567 2802 3627 Kultusministers.

2214 3624 2409 3684 Telegramm
2458 3621 2593 3681 unseres
2629 3618 2961 3678 Korrespondenten.

2727 3669 2892 3729 Berlin,
2910 3669 2958 3729 23.
2976 3669 3111 3729 Oktober.

2120 3728 2188 3788 Wie
2214 3728 2264 3788 der
2289 3725 2458 3785 „Amtliche
2484 3725 2658 3785 preußische
2684 3722 2903 3782 Pressedienst"
2935 3722 3078 3782 mitteilt,
3098 3722 3147 3782 hat

2027 3777 2078 3837 der
2106 3776 2275 3836 preußische
2310 3773 2569 3833 Kultusminister
2599 3770 2796 3830 Grimme
2830 3771 2875 3831 an
2910 3770 2983 3830 den
3023 3768 3141 3828 Sohn

2028 3823 2201 3883 Arthur
2232 3821 2508 3881 Schnitzlers
2545 3818 2598 3878 das
2635 3818 2773 3878 folgende
2804 3815 3146 3875 Beileidstele¬

2027 3872 2174 3932 gramm
2239 3869 2410 3929 gerichtei:
2452 3866 2639 3926 „Anläßlich
2681 3863 2734 3923 des
2782 3863 2999 3923 Hinscheidens
3047 3861 3140 3921 Ihres

2033 3916 2136 3976 Vaters
2183 3915 2298 3975 spreche
2345 3913 2385 3973 ich
2433 3913 2536 3973 Ihnen
2583 3910 2762 3970 aufrichtige
2809 3909 3028 3969 Anteilnahme
3075 3906 3150 3966 aus.

2034 3964 2200 4024 Arthur
2226 3961 2463 4021 Schnitzler
2490 3958 2566 4018 wird
2592 3958 2829 4018 fortleben
2855 3955 2925 4015 als
2959 3955 3156 4015 Dichter,

2030 4009 2075 4069 der
2105 4009 2127 4069 in
2163 4009 2208 4069 der
2238 4006 2555 4066 Liebenswindigkeit
2579 4004 2671 4064 seines
2700 4003 2786 4063 Stils
2816 4000 3035 4060 unübertroffen
3070 4000 3144 4060 einer

2038 4059 2208 4119 sorgloseren
2252 4056 2306 4116 und
2344 4054 2411 4114 doch
2448 4054 2527 4114 ihrer
2564 4051 2839 4111 Fragwürdigkeit
2871 4048 3023 4108 bewußten
3060 4046 3145 4106 Welt

2029 4106 2087 4166 mit
2133 4105 2217 4165 tiefer
2264 4102 2512 4162 psychologischer
2552 4099 2748 4159 Erkenntnis
2794 4096 2957 4156 Ausdruck
3003 4096 3133 4156 verlieh.

2162 4194 2411 4254 schnitzlers
2455 4191 2726 4251 italienische
2762 4188 3033 4248 Gemeinde.
