<?xml version="1.0" encoding="UTF-8" standalone="yes"?>
<PcGts xmlns="http://schema.primaresearch.org/PAGE/gts/pagecontent/2013-07-15" xmlns:xsi="http://www.w3.org/2001/XMLSchema-instance" xsi:schemaLocation="http://schema.primaresearch.org/PAGE/gts/pagecontent/2013-07-15 http://schema.primaresearch.org/PAGE/gts/pagecontent/2013-07-15/pagecontent.xsd">
    <Metadata>
        <Creator>prov=READ-COOP:name=PyLaia@TranskribusPlatform:version=2.12.1:model_id=39995:lm=none:date=09_04_2024_22:49</Creator>
        <Created>2019-10-07T20:37:39.151+02:00</Created>
        <LastChange>2024-04-09T22:49:09.076+02:00</LastChange>
        <TranskribusMetadata docId="224459" pageId="9580455" pageNr="83" tsid="157629664" status="IN_PROGRESS" userId="64420" imgUrl="https://files.transkribus.eu/Get?id=AYIIZTOONKDACCWQTNERPLPE&amp;fileType=view" xmlUrl="https://files.transkribus.eu/Get?id=VNNXUOODLEZFEYMCBKUVRJUU" imageId="6208654"/>
    </Metadata>
    <Page imageFilename="224459_0083.jpeg" imageWidth="3392" imageHeight="4320">
        <ReadingOrder>
            <OrderedGroup id="ro_1712938066794" caption="Regions reading order">
                <RegionRefIndexed index="0" regionRef="tr_1"/>
            </OrderedGroup>
        </ReadingOrder>
        <TextRegion orientation="0.0" id="tr_1" custom="readingOrder {index:0;}">
            <Coords points="217,309 217,3509 3134,3509 3134,309"/>
            <TextLine id="tr_1_tl_1" custom="readingOrder {index:0;}">
                <Coords points="1509,354 1555,343 1601,361 1633,346 1757,361 1782,339 1845,354 1877,339 1905,361 1948,361 1948,279 1891,262 1852,279 1732,262 1683,286 1630,269 1509,269"/>
                <Baseline points="1528,334 1553,334 1578,334 1603,334 1628,335 1653,336 1678,336 1703,334 1728,334 1754,334 1779,336 1804,337 1829,337 1854,336 1879,334 1904,334 1929,334 1955,334"/>
                <Word id="tr_1_tl_1_w1" custom="readingOrder {index:0;}">
                    <Coords points="1514,294 1514,354 1643,354 1643,294"/>
                    <TextEquiv>
                        <Unicode>box</Unicode>
                    </TextEquiv>
                </Word>
                <Word id="tr_1_tl_1_w2" custom="readingOrder {index:1;}">
                    <Coords points="1720,297 1720,357 1911,357 1911,297"/>
                    <TextEquiv>
                        <Unicode>42/6</Unicode>
                    </TextEquiv>
                </Word>
                <TextEquiv>
                    <Unicode>box 42/6</Unicode>
                </TextEquiv>
            </TextLine>
            <TextLine id="tr_1_tl_2" custom="readingOrder {index:1;}">
                <Coords points="247,361 1333,375 1333,276 1255,258 884,290 788,258 247,265"/>
                <Baseline points="268,331 321,335 375,338 429,340 483,340 536,337 590,336 644,334 698,332 751,336 805,337 859,337 913,338 966,342 1020,343 1074,337 1128,334 1181,336 1235,340 1289,340 1343,349"/>
                <Word id="tr_1_tl_2_w1" custom="readingOrder {index:0;}">
                    <Coords points="256,293 256,353 351,353 351,293"/>
                    <TextEquiv>
                        <Unicode>2.</Unicode>
                    </TextEquiv>
                </Word>
                <Word id="tr_1_tl_2_w2" custom="readingOrder {index:1;}">
                    <Coords points="411,292 411,352 1010,352 1010,292"/>
                    <TextEquiv>
                        <Unicode>Schnitzlers</Unicode>
                    </TextEquiv>
                </Word>
                <Word id="tr_1_tl_2_w3" custom="readingOrder {index:2;}">
                    <Coords points="1080,297 1080,357 1311,357 1311,297"/>
                    <TextEquiv>
                        <Unicode>Death</Unicode>
                    </TextEquiv>
                </Word>
                <TextEquiv>
                    <Unicode>2. Schnitzlers Death</Unicode>
                </TextEquiv>
            </TextLine>
            <TextLine id="tr_1_tl_3" custom="readingOrder {index:2;}">
                <Coords points="707,1308 3111,1315 3107,1209 2482,1216 2368,1255 707,1237"/>
                <Baseline points="728,1289 847,1294 966,1292 1086,1295 1205,1295 1325,1298 1444,1295 1563,1297 1683,1298 1802,1298 1922,1298 2041,1298 2160,1299 2280,1301 2399,1301 2519,1302 2638,1298 2757,1301 2877,1301 2996,1302 3116,1301"/>
                <Word id="tr_1_tl_3_w1" custom="readingOrder {index:0;}">
                    <Coords points="726,1253 726,1313 994,1313 994,1253"/>
                    <TextEquiv>
                        <Unicode>Resignation,</Unicode>
                    </TextEquiv>
                </Word>
                <Word id="tr_1_tl_3_w2" custom="readingOrder {index:1;}">
                    <Coords points="1026,1254 1026,1314 1084,1314 1084,1254"/>
                    <TextEquiv>
                        <Unicode>wie</Unicode>
                    </TextEquiv>
                </Word>
                <Word id="tr_1_tl_3_w3" custom="readingOrder {index:2;}">
                    <Coords points="1115,1255 1115,1315 1224,1315 1224,1255"/>
                    <TextEquiv>
                        <Unicode>letzter</Unicode>
                    </TextEquiv>
                </Word>
                <Word id="tr_1_tl_3_w4" custom="readingOrder {index:3;}">
                    <Coords points="1255,1257 1255,1317 1383,1317 1383,1257"/>
                    <TextEquiv>
                        <Unicode>Glanz</Unicode>
                    </TextEquiv>
                </Word>
                <Word id="tr_1_tl_3_w5" custom="readingOrder {index:4;}">
                    <Coords points="1404,1255 1404,1315 1493,1315 1493,1255"/>
                    <TextEquiv>
                        <Unicode>über</Unicode>
                    </TextEquiv>
                </Word>
                <Word id="tr_1_tl_3_w6" custom="readingOrder {index:5;}">
                    <Coords points="1524,1257 1524,1317 1622,1317 1622,1257"/>
                    <TextEquiv>
                        <Unicode>einem</Unicode>
                    </TextEquiv>
                </Word>
                <Word id="tr_1_tl_3_w7" custom="readingOrder {index:6;}">
                    <Coords points="1674,1258 1674,1318 1802,1318 1802,1258"/>
                    <TextEquiv>
                        <Unicode>stillen,</Unicode>
                    </TextEquiv>
                </Word>
                <Word id="tr_1_tl_3_w8" custom="readingOrder {index:7;}">
                    <Coords points="1823,1258 1823,1318 1912,1318 1912,1258"/>
                    <TextEquiv>
                        <Unicode>ent=</Unicode>
                    </TextEquiv>
                </Word>
                <Word id="tr_1_tl_3_w9" custom="readingOrder {index:8;}">
                    <Coords points="1933,1258 1933,1318 2141,1318 2141,1258"/>
                    <TextEquiv>
                        <Unicode>Triebnach</Unicode>
                    </TextEquiv>
                </Word>
                <Word id="tr_1_tl_3_w10" custom="readingOrder {index:9;}">
                    <Coords points="2162,1261 2162,1321 2510,1321 2510,1261"/>
                    <TextEquiv>
                        <Unicode>Selbstvernichtung</Unicode>
                    </TextEquiv>
                </Word>
                <Word id="tr_1_tl_3_w11" custom="readingOrder {index:10;}">
                    <Coords points="2541,1260 2541,1320 2560,1320 2560,1260"/>
                    <TextEquiv>
                        <Unicode>in</Unicode>
                    </TextEquiv>
                </Word>
                <Word id="tr_1_tl_3_w12" custom="readingOrder {index:11;}">
                    <Coords points="2591,1258 2591,1318 2649,1318 2649,1258"/>
                    <TextEquiv>
                        <Unicode>den</Unicode>
                    </TextEquiv>
                </Word>
                <Word id="tr_1_tl_3_w13" custom="readingOrder {index:12;}">
                    <Coords points="2671,1260 2671,1320 2819,1320 2819,1260"/>
                    <TextEquiv>
                        <Unicode>Genuß.</Unicode>
                    </TextEquiv>
                </Word>
                <Word id="tr_1_tl_3_w14" custom="readingOrder {index:13;}">
                    <Coords points="2840,1261 2840,1321 2859,1321 2859,1261"/>
                    <TextEquiv>
                        <Unicode>in</Unicode>
                    </TextEquiv>
                </Word>
                <Word id="tr_1_tl_3_w15" custom="readingOrder {index:14;}">
                    <Coords points="2890,1261 2890,1321 2939,1321 2939,1261"/>
                    <TextEquiv>
                        <Unicode>die</Unicode>
                    </TextEquiv>
                </Word>
                <Word id="tr_1_tl_3_w16" custom="readingOrder {index:15;}">
                    <Coords points="2960,1261 2960,1321 3098,1321 3098,1261"/>
                    <TextEquiv>
                        <Unicode>brutale</Unicode>
                    </TextEquiv>
                </Word>
                <TextEquiv>
                    <Unicode>Resignation, wie letzter Glanz über einem stillen, ent= Triebnach Selbstvernichtung in den Genuß. in die brutale</Unicode>
                </TextEquiv>
            </TextLine>
            <TextLine id="tr_1_tl_4" custom="readingOrder {index:3;}">
                <Coords points="711,1343 855,1379 894,1361 990,1375 1015,1354 1184,1375 1184,1315 1149,1301 711,1301"/>
                <Baseline points="731,1340 756,1340 781,1340 807,1342 832,1343 857,1343 883,1343 908,1343 934,1343 959,1343 984,1343 1010,1343 1035,1343 1061,1343 1086,1343 1111,1343 1137,1343 1162,1343 1188,1343"/>
                <Word id="tr_1_tl_4_w1" custom="readingOrder {index:0;}">
                    <Coords points="719,1300 719,1360 858,1360 858,1300"/>
                    <TextEquiv>
                        <Unicode>rückten</Unicode>
                    </TextEquiv>
                </Word>
                <Word id="tr_1_tl_4_w2" custom="readingOrder {index:1;}">
                    <Coords points="890,1303 890,1363 1167,1363 1167,1303"/>
                    <TextEquiv>
                        <Unicode>Schneegipfel.</Unicode>
                    </TextEquiv>
                </Word>
                <TextEquiv>
                    <Unicode>rückten Schneegipfel.</Unicode>
                </TextEquiv>
            </TextLine>
            <TextLine id="tr_1_tl_5" custom="readingOrder {index:4;}">
                <Coords points="1923,1361 3111,1365 3107,1319 3019,1308 1923,1308"/>
                <Baseline points="1943,1343 2001,1347 2060,1349 2118,1349 2177,1349 2236,1349 2294,1349 2353,1349 2412,1349 2470,1351 2529,1352 2588,1352 2646,1350 2705,1349 2764,1352 2822,1350 2881,1349 2940,1352 2998,1352 3057,1352 3116,1352"/>
                <Word id="tr_1_tl_5_w1" custom="readingOrder {index:0;}">
                    <Coords points="1934,1308 1934,1368 2185,1368 2185,1308"/>
                    <TextEquiv>
                        <Unicode>Betäubung,</Unicode>
                    </TextEquiv>
                </Word>
                <Word id="tr_1_tl_5_w2" custom="readingOrder {index:1;}">
                    <Coords points="2221,1309 2221,1369 2276,1369 2276,1309"/>
                    <TextEquiv>
                        <Unicode>als</Unicode>
                    </TextEquiv>
                </Word>
                <Word id="tr_1_tl_5_w3" custom="readingOrder {index:2;}">
                    <Coords points="2312,1309 2312,1369 2452,1369 2452,1309"/>
                    <TextEquiv>
                        <Unicode>wollten</Unicode>
                    </TextEquiv>
                </Word>
                <Word id="tr_1_tl_5_w4" custom="readingOrder {index:3;}">
                    <Coords points="2495,1311 2495,1371 2537,1371 2537,1311"/>
                    <TextEquiv>
                        <Unicode>sie</Unicode>
                    </TextEquiv>
                </Word>
                <Word id="tr_1_tl_5_w5" custom="readingOrder {index:4;}">
                    <Coords points="2573,1311 2573,1371 2642,1371 2642,1311"/>
                    <TextEquiv>
                        <Unicode>aus</Unicode>
                    </TextEquiv>
                </Word>
                <Word id="tr_1_tl_5_w6" custom="readingOrder {index:5;}">
                    <Coords points="2678,1310 2678,1370 2950,1370 2950,1310"/>
                    <TextEquiv>
                        <Unicode>Verzweiflung</Unicode>
                    </TextEquiv>
                </Word>
                <Word id="tr_1_tl_5_w7" custom="readingOrder {index:6;}">
                    <Coords points="2986,1312 2986,1372 3098,1372 3098,1312"/>
                    <TextEquiv>
                        <Unicode>Rache</Unicode>
                    </TextEquiv>
                </Word>
                <TextEquiv>
                    <Unicode>Betäubung, als wollten sie aus Verzweiflung Rache</Unicode>
                </TextEquiv>
            </TextLine>
            <TextLine id="tr_1_tl_6" custom="readingOrder {index:5;}">
                <Coords points="1930,1425 2004,1425 2036,1403 2411,1407 2411,1361 2376,1354 2209,1350 2185,1368 1930,1357"/>
                <Baseline points="1949,1397 1975,1397 2001,1397 2027,1395 2053,1395 2080,1397 2106,1397 2132,1397 2158,1397 2185,1397 2211,1397 2237,1396 2263,1394 2289,1396 2316,1397 2342,1397 2368,1397 2394,1397 2421,1397"/>
                <Word id="tr_1_tl_6_w1" custom="readingOrder {index:0;}">
                    <Coords points="1939,1356 1939,1416 2088,1416 2088,1356"/>
                    <TextEquiv>
                        <Unicode>nehmen</Unicode>
                    </TextEquiv>
                </Word>
                <Word id="tr_1_tl_6_w2" custom="readingOrder {index:1;}">
                    <Coords points="2121,1357 2121,1417 2159,1417 2159,1357"/>
                    <TextEquiv>
                        <Unicode>an</Unicode>
                    </TextEquiv>
                </Word>
                <Word id="tr_1_tl_6_w3" custom="readingOrder {index:2;}">
                    <Coords points="2199,1356 2199,1416 2251,1416 2251,1356"/>
                    <TextEquiv>
                        <Unicode>sich</Unicode>
                    </TextEquiv>
                </Word>
                <Word id="tr_1_tl_6_w4" custom="readingOrder {index:3;}">
                    <Coords points="2284,1357 2284,1417 2400,1417 2400,1357"/>
                    <TextEquiv>
                        <Unicode>selbst.</Unicode>
                    </TextEquiv>
                </Word>
                <TextEquiv>
                    <Unicode>nehmen an sich selbst.</Unicode>
                </TextEquiv>
            </TextLine>
            <TextLine id="tr_1_tl_7" custom="readingOrder {index:6;}">
                <Coords points="2022,1449 3118,1456 3118,1393 3019,1410 2920,1368 2022,1403"/>
                <Baseline points="2042,1441 2096,1442 2150,1444 2204,1444 2258,1447 2312,1444 2366,1444 2421,1445 2475,1447 2529,1444 2583,1444 2637,1445 2691,1446 2745,1444 2800,1444 2854,1444 2908,1447 2962,1447 3016,1447 3070,1447 3125,1447"/>
                <Word id="tr_1_tl_7_w1" custom="readingOrder {index:0;}">
                    <Coords points="2036,1401 2036,1461 2135,1461 2135,1401"/>
                    <TextEquiv>
                        <Unicode>Aber</Unicode>
                    </TextEquiv>
                </Word>
                <Word id="tr_1_tl_7_w2" custom="readingOrder {index:1;}">
                    <Coords points="2161,1405 2161,1465 2310,1465 2310,1405"/>
                    <TextEquiv>
                        <Unicode>zugleich</Unicode>
                    </TextEquiv>
                </Word>
                <Word id="tr_1_tl_7_w3" custom="readingOrder {index:2;}">
                    <Coords points="2345,1405 2345,1465 2535,1465 2535,1405"/>
                    <TextEquiv>
                        <Unicode>betrachtet</Unicode>
                    </TextEquiv>
                </Word>
                <Word id="tr_1_tl_7_w4" custom="readingOrder {index:3;}">
                    <Coords points="2561,1405 2561,1465 2752,1465 2752,1405"/>
                    <TextEquiv>
                        <Unicode>Schnitzler</Unicode>
                    </TextEquiv>
                </Word>
                <Word id="tr_1_tl_7_w5" custom="readingOrder {index:4;}">
                    <Coords points="2786,1404 2786,1464 2893,1464 2893,1404"/>
                    <TextEquiv>
                        <Unicode>dieses</Unicode>
                    </TextEquiv>
                </Word>
                <Word id="tr_1_tl_7_w6" custom="readingOrder {index:5;}">
                    <Coords points="2919,1407 2919,1467 3085,1467 3085,1407"/>
                    <TextEquiv>
                        <Unicode>Taumeln</Unicode>
                    </TextEquiv>
                </Word>
                <TextEquiv>
                    <Unicode>Aber zugleich betrachtet Schnitzler dieses Taumeln</Unicode>
                </TextEquiv>
            </TextLine>
            <TextLine id="tr_1_tl_8" custom="readingOrder {index:7;}">
                <Coords points="810,1474 1902,1481 1902,1421 1771,1393 1686,1425 1626,1389 1488,1425 1163,1393 810,1421"/>
                <Baseline points="829,1468 882,1465 936,1465 990,1465 1044,1465 1098,1465 1152,1466 1206,1467 1260,1467 1314,1468 1368,1471 1421,1470 1475,1468 1529,1470 1583,1471 1637,1471 1691,1471 1745,1471 1799,1471 1853,1471 1907,1471"/>
                <Word id="tr_1_tl_8_w1" custom="readingOrder {index:0;}">
                    <Coords points="813,1425 813,1485 966,1485 966,1425"/>
                    <TextEquiv>
                        <Unicode>Immer</Unicode>
                    </TextEquiv>
                </Word>
                <Word id="tr_1_tl_8_w2" custom="readingOrder {index:1;}">
                    <Coords points="993,1425 993,1485 1120,1485 1120,1425"/>
                    <TextEquiv>
                        <Unicode>wieder</Unicode>
                    </TextEquiv>
                </Word>
                <Word id="tr_1_tl_8_w3" custom="readingOrder {index:2;}">
                    <Coords points="1147,1426 1147,1486 1213,1486 1213,1426"/>
                    <TextEquiv>
                        <Unicode>hat</Unicode>
                    </TextEquiv>
                </Word>
                <Word id="tr_1_tl_8_w4" custom="readingOrder {index:3;}">
                    <Coords points="1234,1429 1234,1489 1435,1489 1435,1429"/>
                    <TextEquiv>
                        <Unicode>Schnitzler</Unicode>
                    </TextEquiv>
                </Word>
                <Word id="tr_1_tl_8_w5" custom="readingOrder {index:4;}">
                    <Coords points="1456,1430 1456,1490 1622,1490 1622,1430"/>
                    <TextEquiv>
                        <Unicode>erfahren</Unicode>
                    </TextEquiv>
                </Word>
                <Word id="tr_1_tl_8_w6" custom="readingOrder {index:5;}">
                    <Coords points="1656,1431 1656,1491 1803,1491 1803,1431"/>
                    <TextEquiv>
                        <Unicode>wollen,</Unicode>
                    </TextEquiv>
                </Word>
                <Word id="tr_1_tl_8_w7" custom="readingOrder {index:6;}">
                    <Coords points="1824,1431 1824,1491 1896,1491 1896,1431"/>
                    <TextEquiv>
                        <Unicode>was</Unicode>
                    </TextEquiv>
                </Word>
                <TextEquiv>
                    <Unicode>Immer wieder hat Schnitzler erfahren wollen, was</Unicode>
                </TextEquiv>
            </TextLine>
            <TextLine id="tr_1_tl_9" custom="readingOrder {index:8;}">
                <Coords points="212,1499 300,1485 396,1506 414,1488 442,1506 534,1506 562,1481 622,1506 658,1499 658,1414 608,1421 583,1396 534,1414 513,1396 371,1414 300,1400 212,1432"/>
                <Baseline points="232,1477 257,1475 283,1473 308,1471 334,1473 360,1474 385,1474 411,1474 437,1474 462,1474 488,1474 514,1474 539,1474 565,1474 591,1475 616,1477 642,1476 668,1474"/>
                <Word id="tr_1_tl_9_w1" custom="readingOrder {index:0;}">
                    <Coords points="223,1436 223,1496 253,1496 253,1436"/>
                    <TextEquiv>
                        <Unicode>r</Unicode>
                    </TextEquiv>
                </Word>
                <Word id="tr_1_tl_9_w2" custom="readingOrder {index:1;}">
                    <Coords points="297,1434 297,1494 644,1494 644,1434"/>
                    <TextEquiv>
                        <Unicode>Schnitzler.</Unicode>
                    </TextEquiv>
                </Word>
                <TextEquiv>
                    <Unicode>r Schnitzler.</Unicode>
                </TextEquiv>
            </TextLine>
            <TextLine id="tr_1_tl_10" custom="readingOrder {index:9;}">
                <Coords points="1920,1499 3125,1502 3125,1463 3037,1453 1920,1442"/>
                <Baseline points="1940,1489 1999,1492 2059,1492 2119,1495 2178,1492 2238,1492 2298,1492 2357,1493 2417,1495 2477,1495 2537,1495 2596,1495 2656,1495 2716,1494 2775,1494 2835,1492 2895,1494 2954,1494 3014,1495 3074,1495 3134,1495"/>
                <Word id="tr_1_tl_10_w1" custom="readingOrder {index:0;}">
                    <Coords points="1936,1450 1936,1510 2008,1510 2008,1450"/>
                    <TextEquiv>
                        <Unicode>und</Unicode>
                    </TextEquiv>
                </Word>
                <Word id="tr_1_tl_10_w2" custom="readingOrder {index:1;}">
                    <Coords points="2049,1453 2049,1513 2235,1513 2235,1453"/>
                    <TextEquiv>
                        <Unicode>Flattern,</Unicode>
                    </TextEquiv>
                </Word>
                <Word id="tr_1_tl_10_w3" custom="readingOrder {index:2;}">
                    <Coords points="2262,1452 2262,1512 2368,1512 2368,1452"/>
                    <TextEquiv>
                        <Unicode>dieses</Unicode>
                    </TextEquiv>
                </Word>
                <Word id="tr_1_tl_10_w4" custom="readingOrder {index:3;}">
                    <Coords points="2408,1455 2408,1515 2534,1515 2534,1455"/>
                    <TextEquiv>
                        <Unicode>Zucken</Unicode>
                    </TextEquiv>
                </Word>
                <Word id="tr_1_tl_10_w5" custom="readingOrder {index:4;}">
                    <Coords points="2582,1455 2582,1515 2647,1515 2647,1455"/>
                    <TextEquiv>
                        <Unicode>und</Unicode>
                    </TextEquiv>
                </Word>
                <Word id="tr_1_tl_10_w6" custom="readingOrder {index:5;}">
                    <Coords points="2681,1454 2681,1514 2841,1514 2841,1454"/>
                    <TextEquiv>
                        <Unicode>nutzlose</Unicode>
                    </TextEquiv>
                </Word>
                <Word id="tr_1_tl_10_w7" custom="readingOrder {index:6;}">
                    <Coords points="2875,1454 2875,1514 3093,1514 3093,1454"/>
                    <TextEquiv>
                        <Unicode>Sichwehren</Unicode>
                    </TextEquiv>
                </Word>
                <TextEquiv>
                    <Unicode>und Flattern, dieses Zucken und nutzlose Sichwehren</Unicode>
                </TextEquiv>
            </TextLine>
            <TextLine id="tr_1_tl_11" custom="readingOrder {index:10;}">
                <Coords points="714,1520 1902,1531 1898,1481 1817,1474 711,1456"/>
                <Baseline points="734,1507 792,1511 851,1513 910,1516 969,1513 1028,1513 1086,1513 1145,1516 1204,1516 1263,1516 1322,1516 1380,1516 1439,1518 1498,1516 1557,1518 1616,1518 1674,1516 1733,1519 1792,1517 1851,1519 1910,1516"/>
                <Word id="tr_1_tl_11_w1" custom="readingOrder {index:0;}">
                    <Coords points="719,1467 719,1527 766,1527 766,1467"/>
                    <TextEquiv>
                        <Unicode>es</Unicode>
                    </TextEquiv>
                </Word>
                <Word id="tr_1_tl_11_w2" custom="readingOrder {index:1;}">
                    <Coords points="791,1472 791,1532 880,1532 880,1472"/>
                    <TextEquiv>
                        <Unicode>denn</Unicode>
                    </TextEquiv>
                </Word>
                <Word id="tr_1_tl_11_w3" custom="readingOrder {index:2;}">
                    <Coords points="911,1474 911,1534 976,1534 976,1474"/>
                    <TextEquiv>
                        <Unicode>mit</Unicode>
                    </TextEquiv>
                </Word>
                <Word id="tr_1_tl_11_w4" custom="readingOrder {index:3;}">
                    <Coords points="1001,1473 1001,1533 1055,1533 1055,1473"/>
                    <TextEquiv>
                        <Unicode>dem</Unicode>
                    </TextEquiv>
                </Word>
                <Word id="tr_1_tl_11_w5" custom="readingOrder {index:4;}">
                    <Coords points="1104,1476 1104,1536 1368,1536 1368,1476"/>
                    <TextEquiv>
                        <Unicode>heimtückischen</Unicode>
                    </TextEquiv>
                </Word>
                <Word id="tr_1_tl_11_w6" custom="readingOrder {index:5;}">
                    <Coords points="1405,1477 1405,1537 1657,1537 1657,1477"/>
                    <TextEquiv>
                        <Unicode>Puppenspiel</Unicode>
                    </TextEquiv>
                </Word>
                <Word id="tr_1_tl_11_w7" custom="readingOrder {index:6;}">
                    <Coords points="1682,1477 1682,1537 1736,1537 1736,1477"/>
                    <TextEquiv>
                        <Unicode>des</Unicode>
                    </TextEquiv>
                </Word>
                <Word id="tr_1_tl_11_w8" custom="readingOrder {index:7;}">
                    <Coords points="1766,1478 1766,1538 1898,1538 1898,1478"/>
                    <TextEquiv>
                        <Unicode>Lebens</Unicode>
                    </TextEquiv>
                </Word>
                <TextEquiv>
                    <Unicode>es denn mit dem heimtückischen Puppenspiel des Lebens</Unicode>
                </TextEquiv>
            </TextLine>
            <TextLine id="tr_1_tl_12" custom="readingOrder {index:11;}">
                <Coords points="1920,1555 3111,1559 3111,1502 1920,1499"/>
                <Baseline points="1940,1537 2002,1539 2064,1538 2126,1540 2188,1540 2250,1540 2312,1540 2374,1540 2436,1540 2498,1540 2560,1543 2622,1542 2684,1542 2746,1540 2808,1540 2870,1540 2932,1540 2994,1543 3056,1540 3119,1546"/>
                <Word id="tr_1_tl_12_w1" custom="readingOrder {index:0;}">
                    <Coords points="1935,1498 1935,1558 2009,1558 2009,1498"/>
                    <TextEquiv>
                        <Unicode>und</Unicode>
                    </TextEquiv>
                </Word>
                <Word id="tr_1_tl_12_w2" custom="readingOrder {index:1;}">
                    <Coords points="2066,1500 2066,1560 2360,1560 2360,1500"/>
                    <TextEquiv>
                        <Unicode>Sichzerstören,</Unicode>
                    </TextEquiv>
                </Word>
                <Word id="tr_1_tl_12_w3" custom="readingOrder {index:2;}">
                    <Coords points="2405,1500 2405,1560 2473,1560 2473,1500"/>
                    <TextEquiv>
                        <Unicode>wie</Unicode>
                    </TextEquiv>
                </Word>
                <Word id="tr_1_tl_12_w4" custom="readingOrder {index:3;}">
                    <Coords points="2531,1502 2531,1562 2611,1562 2611,1502"/>
                    <TextEquiv>
                        <Unicode>man</Unicode>
                    </TextEquiv>
                </Word>
                <Word id="tr_1_tl_12_w5" custom="readingOrder {index:4;}">
                    <Coords points="2675,1500 2675,1560 2768,1560 2768,1500"/>
                    <TextEquiv>
                        <Unicode>etwa</Unicode>
                    </TextEquiv>
                </Word>
                <Word id="tr_1_tl_12_w6" custom="readingOrder {index:5;}">
                    <Coords points="2831,1500 2831,1560 2887,1560 2887,1500"/>
                    <TextEquiv>
                        <Unicode>dem</Unicode>
                    </TextEquiv>
                </Word>
                <Word id="tr_1_tl_12_w7" custom="readingOrder {index:6;}">
                    <Coords points="2957,1501 2957,1561 3106,1561 3106,1501"/>
                    <TextEquiv>
                        <Unicode>Ablauf</Unicode>
                    </TextEquiv>
                </Word>
                <TextEquiv>
                    <Unicode>und Sichzerstören, wie man etwa dem Ablauf</Unicode>
                </TextEquiv>
            </TextLine>
            <TextLine id="tr_1_tl_13" custom="readingOrder {index:12;}">
                <Coords points="212,1562 693,1559 693,1478 636,1506 562,1485 537,1506 467,1495 407,1517 300,1481 212,1499"/>
                <Baseline points="232,1552 258,1552 284,1552 310,1550 336,1550 362,1552 388,1552 414,1552 440,1552 466,1552 492,1552 518,1552 544,1552 570,1552 596,1552 622,1552 648,1552 674,1552 701,1552"/>
                <Word id="tr_1_tl_13_w1" custom="readingOrder {index:0;}">
                    <Coords points="225,1512 225,1572 288,1572 288,1512"/>
                    <TextEquiv>
                        <Unicode>art</Unicode>
                    </TextEquiv>
                </Word>
                <Word id="tr_1_tl_13_w2" custom="readingOrder {index:1;}">
                    <Coords points="313,1511 313,1571 407,1571 407,1511"/>
                    <TextEquiv>
                        <Unicode>schon</Unicode>
                    </TextEquiv>
                </Word>
                <Word id="tr_1_tl_13_w3" custom="readingOrder {index:2;}">
                    <Coords points="447,1512 447,1572 518,1572 518,1512"/>
                    <TextEquiv>
                        <Unicode>fast</Unicode>
                    </TextEquiv>
                </Word>
                <Word id="tr_1_tl_13_w4" custom="readingOrder {index:3;}">
                    <Coords points="543,1512 543,1572 597,1572 597,1512"/>
                    <TextEquiv>
                        <Unicode>bis</Unicode>
                    </TextEquiv>
                </Word>
                <Word id="tr_1_tl_13_w5" custom="readingOrder {index:4;}">
                    <Coords points="631,1512 631,1572 693,1572 693,1512"/>
                    <TextEquiv>
                        <Unicode>zur</Unicode>
                    </TextEquiv>
                </Word>
                <TextEquiv>
                    <Unicode>art schon fast bis zur</Unicode>
                </TextEquiv>
            </TextLine>
            <TextLine id="tr_1_tl_14" custom="readingOrder {index:13;}">
                <Coords points="728,1562 1902,1573 1902,1527 1771,1520 728,1517"/>
                <Baseline points="749,1555 807,1559 865,1561 923,1561 981,1561 1039,1561 1097,1561 1155,1561 1213,1564 1271,1564 1329,1564 1387,1562 1445,1564 1503,1564 1561,1564 1619,1564 1677,1566 1735,1564 1793,1565 1851,1565 1910,1561"/>
                <Word id="tr_1_tl_14_w1" custom="readingOrder {index:0;}">
                    <Coords points="730,1516 730,1576 797,1576 797,1516"/>
                    <TextEquiv>
                        <Unicode>sei,</Unicode>
                    </TextEquiv>
                </Word>
                <Word id="tr_1_tl_14_w2" custom="readingOrder {index:1;}">
                    <Coords points="816,1519 816,1579 852,1579 852,1519"/>
                    <TextEquiv>
                        <Unicode>an</Unicode>
                    </TextEquiv>
                </Word>
                <Word id="tr_1_tl_14_w3" custom="readingOrder {index:2;}">
                    <Coords points="889,1521 889,1581 975,1581 975,1521"/>
                    <TextEquiv>
                        <Unicode>alles</Unicode>
                    </TextEquiv>
                </Word>
                <Word id="tr_1_tl_14_w4" custom="readingOrder {index:3;}">
                    <Coords points="1006,1521 1006,1581 1240,1581 1240,1521"/>
                    <TextEquiv>
                        <Unicode>Menschliche</Unicode>
                    </TextEquiv>
                </Word>
                <Word id="tr_1_tl_14_w5" custom="readingOrder {index:4;}">
                    <Coords points="1265,1524 1265,1584 1332,1584 1332,1524"/>
                    <TextEquiv>
                        <Unicode>und</Unicode>
                    </TextEquiv>
                </Word>
                <Word id="tr_1_tl_14_w6" custom="readingOrder {index:5;}">
                    <Coords points="1369,1524 1369,1584 1695,1584 1695,1524"/>
                    <TextEquiv>
                        <Unicode>Allzumenschliche</Unicode>
                    </TextEquiv>
                </Word>
                <Word id="tr_1_tl_14_w7" custom="readingOrder {index:6;}">
                    <Coords points="1720,1524 1720,1584 1842,1584 1842,1524"/>
                    <TextEquiv>
                        <Unicode>tastete</Unicode>
                    </TextEquiv>
                </Word>
                <Word id="tr_1_tl_14_w8" custom="readingOrder {index:7;}">
                    <Coords points="1868,1522 1868,1582 1898,1582 1898,1522"/>
                    <TextEquiv>
                        <Unicode>er</Unicode>
                    </TextEquiv>
                </Word>
                <TextEquiv>
                    <Unicode>sei, an alles Menschliche und Allzumenschliche tastete er</Unicode>
                </TextEquiv>
            </TextLine>
            <TextLine id="tr_1_tl_15" custom="readingOrder {index:14;}">
                <Coords points="1930,1594 3111,1601 3111,1552 3068,1548 1930,1548"/>
                <Baseline points="1949,1585 2007,1588 2066,1588 2124,1588 2183,1589 2241,1589 2300,1591 2358,1588 2417,1588 2475,1590 2534,1588 2592,1591 2651,1591 2709,1591 2768,1588 2826,1588 2885,1588 2943,1588 3002,1590 3060,1591 3119,1591"/>
                <Word id="tr_1_tl_15_w1" custom="readingOrder {index:0;}">
                    <Coords points="1931,1546 1931,1606 2025,1606 2025,1546"/>
                    <TextEquiv>
                        <Unicode>eines</Unicode>
                    </TextEquiv>
                </Word>
                <Word id="tr_1_tl_15_w2" custom="readingOrder {index:1;}">
                    <Coords points="2055,1549 2055,1609 2315,1609 2315,1549"/>
                    <TextEquiv>
                        <Unicode>Räderwerkes</Unicode>
                    </TextEquiv>
                </Word>
                <Word id="tr_1_tl_15_w3" custom="readingOrder {index:2;}">
                    <Coords points="2339,1548 2339,1608 2492,1608 2492,1548"/>
                    <TextEquiv>
                        <Unicode>zusieht:</Unicode>
                    </TextEquiv>
                </Word>
                <Word id="tr_1_tl_15_w4" custom="readingOrder {index:3;}">
                    <Coords points="2517,1548 2517,1608 2575,1608 2575,1548"/>
                    <TextEquiv>
                        <Unicode>zub</Unicode>
                    </TextEquiv>
                </Word>
                <Word id="tr_1_tl_15_w5" custom="readingOrder {index:4;}">
                    <Coords points="2606,1551 2606,1611 2717,1611 2717,1551"/>
                    <TextEquiv>
                        <Unicode>specie</Unicode>
                    </TextEquiv>
                </Word>
                <Word id="tr_1_tl_15_w6" custom="readingOrder {index:5;}">
                    <Coords points="2741,1548 2741,1608 2984,1608 2984,1548"/>
                    <TextEquiv>
                        <Unicode>aeternitatis,</Unicode>
                    </TextEquiv>
                </Word>
                <Word id="tr_1_tl_15_w7" custom="readingOrder {index:6;}">
                    <Coords points="3002,1550 3002,1610 3101,1610 3101,1550"/>
                    <TextEquiv>
                        <Unicode>unter</Unicode>
                    </TextEquiv>
                </Word>
                <TextEquiv>
                    <Unicode>eines Räderwerkes zusieht: zub specie aeternitatis, unter</Unicode>
                </TextEquiv>
            </TextLine>
            <TextLine id="tr_1_tl_16" custom="readingOrder {index:15;}">
                <Coords points="216,1630 283,1633 311,1605 403,1619 513,1601 693,1605 693,1559 216,1559"/>
                <Baseline points="235,1603 260,1600 286,1600 312,1600 338,1600 364,1600 390,1600 416,1600 442,1600 468,1600 493,1600 519,1600 545,1600 571,1600 597,1600 623,1599 649,1597 675,1596 701,1594"/>
                <Word id="tr_1_tl_16_w1" custom="readingOrder {index:0;}">
                    <Coords points="221,1560 221,1620 480,1620 480,1560"/>
                    <TextEquiv>
                        <Unicode>Poestumpften</Unicode>
                    </TextEquiv>
                </Word>
                <Word id="tr_1_tl_16_w2" custom="readingOrder {index:1;}">
                    <Coords points="526,1559 526,1619 693,1619 693,1559"/>
                    <TextEquiv>
                        <Unicode>Fatalis-</Unicode>
                    </TextEquiv>
                </Word>
                <TextEquiv>
                    <Unicode>Poestumpften Fatalis-</Unicode>
                </TextEquiv>
            </TextLine>
            <TextLine id="tr_1_tl_17" custom="readingOrder {index:16;}">
                <Coords points="721,1608 1902,1623 1863,1570 721,1566"/>
                <Baseline points="740,1603 798,1606 857,1606 915,1606 974,1606 1032,1608 1091,1606 1149,1609 1208,1609 1266,1609 1325,1609 1383,1610 1442,1612 1500,1615 1559,1612 1617,1612 1676,1612 1734,1612 1793,1614 1851,1613 1910,1612"/>
                <Word id="tr_1_tl_17_w1" custom="readingOrder {index:0;}">
                    <Coords points="727,1563 727,1623 761,1623 761,1563"/>
                    <TextEquiv>
                        <Unicode>in</Unicode>
                    </TextEquiv>
                </Word>
                <Word id="tr_1_tl_17_w2" custom="readingOrder {index:1;}">
                    <Coords points="801,1566 801,1626 857,1626 857,1566"/>
                    <TextEquiv>
                        <Unicode>den</Unicode>
                    </TextEquiv>
                </Word>
                <Word id="tr_1_tl_17_w3" custom="readingOrder {index:2;}">
                    <Coords points="897,1567 897,1627 1225,1627 1225,1567"/>
                    <TextEquiv>
                        <Unicode>verschwiegenen,</Unicode>
                    </TextEquiv>
                </Word>
                <Word id="tr_1_tl_17_w4" custom="readingOrder {index:3;}">
                    <Coords points="1271,1570 1271,1630 1503,1630 1503,1570"/>
                    <TextEquiv>
                        <Unicode>verästelten,</Unicode>
                    </TextEquiv>
                </Word>
                <Word id="tr_1_tl_17_w5" custom="readingOrder {index:4;}">
                    <Coords points="1549,1572 1549,1632 1741,1632 1741,1572"/>
                    <TextEquiv>
                        <Unicode>irgendwo</Unicode>
                    </TextEquiv>
                </Word>
                <Word id="tr_1_tl_17_w6" custom="readingOrder {index:5;}">
                    <Coords points="1775,1573 1775,1633 1899,1633 1899,1573"/>
                    <TextEquiv>
                        <Unicode>immer</Unicode>
                    </TextEquiv>
                </Word>
                <TextEquiv>
                    <Unicode>in den verschwiegenen, verästelten, irgendwo immer</Unicode>
                </TextEquiv>
            </TextLine>
            <TextLine id="tr_1_tl_18" custom="readingOrder {index:17;}">
                <Coords points="1930,1644 2757,1676 2803,1640 3111,1647 3111,1601 2991,1594 1930,1598"/>
                <Baseline points="1949,1633 2007,1636 2066,1634 2124,1636 2183,1636 2241,1636 2300,1639 2358,1636 2417,1639 2475,1639 2534,1639 2592,1641 2651,1641 2709,1642 2768,1639 2826,1637 2885,1639 2943,1639 3002,1639 3060,1639 3119,1639"/>
                <Word id="tr_1_tl_18_w1" custom="readingOrder {index:0;}">
                    <Coords points="1939,1593 1939,1653 1995,1653 1995,1593"/>
                    <TextEquiv>
                        <Unicode>dem</Unicode>
                    </TextEquiv>
                </Word>
                <Word id="tr_1_tl_18_w2" custom="readingOrder {index:1;}">
                    <Coords points="2054,1596 2054,1656 2207,1656 2207,1596"/>
                    <TextEquiv>
                        <Unicode>Prisma</Unicode>
                    </TextEquiv>
                </Word>
                <Word id="tr_1_tl_18_w3" custom="readingOrder {index:2;}">
                    <Coords points="2253,1598 2253,1658 2310,1658 2310,1598"/>
                    <TextEquiv>
                        <Unicode>der</Unicode>
                    </TextEquiv>
                </Word>
                <Word id="tr_1_tl_18_w4" custom="readingOrder {index:3;}">
                    <Coords points="2356,1599 2356,1659 2689,1659 2689,1599"/>
                    <TextEquiv>
                        <Unicode>Vergänglichkeit.</Unicode>
                    </TextEquiv>
                </Word>
                <Word id="tr_1_tl_18_w5" custom="readingOrder {index:4;}">
                    <Coords points="2722,1600 2722,1660 2772,1660 2772,1600"/>
                    <TextEquiv>
                        <Unicode>Im</Unicode>
                    </TextEquiv>
                </Word>
                <Word id="tr_1_tl_18_w6" custom="readingOrder {index:5;}">
                    <Coords points="2831,1599 2831,1659 3004,1659 3004,1599"/>
                    <TextEquiv>
                        <Unicode>Getriebe</Unicode>
                    </TextEquiv>
                </Word>
                <Word id="tr_1_tl_18_w7" custom="readingOrder {index:6;}">
                    <Coords points="3043,1599 3043,1659 3100,1659 3100,1599"/>
                    <TextEquiv>
                        <Unicode>der</Unicode>
                    </TextEquiv>
                </Word>
                <TextEquiv>
                    <Unicode>dem Prisma der Vergänglichkeit. Im Getriebe der</Unicode>
                </TextEquiv>
            </TextLine>
            <TextLine id="tr_1_tl_19" custom="readingOrder {index:18;}">
                <Coords points="265,1654 357,1647 424,1661 477,1647 693,1669 693,1601 534,1612 516,1598 474,1619 449,1605 414,1619 311,1605 265,1619"/>
                <Baseline points="283,1642 309,1644 335,1645 361,1645 387,1645 413,1645 439,1645 465,1645 492,1646 518,1647 544,1647 570,1646 596,1645 622,1645 648,1645 674,1645 701,1645"/>
                <Word id="tr_1_tl_19_w1" custom="readingOrder {index:0;}">
                    <Coords points="273,1603 273,1663 329,1663 329,1603"/>
                    <TextEquiv>
                        <Unicode>Da</Unicode>
                    </TextEquiv>
                </Word>
                <Word id="tr_1_tl_19_w2" custom="readingOrder {index:1;}">
                    <Coords points="362,1605 362,1665 449,1665 449,1605"/>
                    <TextEquiv>
                        <Unicode>wird</Unicode>
                    </TextEquiv>
                </Word>
                <Word id="tr_1_tl_19_w3" custom="readingOrder {index:2;}">
                    <Coords points="481,1607 481,1667 556,1667 556,1607"/>
                    <TextEquiv>
                        <Unicode>man</Unicode>
                    </TextEquiv>
                </Word>
                <Word id="tr_1_tl_19_w4" custom="readingOrder {index:3;}">
                    <Coords points="588,1605 588,1665 688,1665 688,1605"/>
                    <TextEquiv>
                        <Unicode>durch</Unicode>
                    </TextEquiv>
                </Word>
                <TextEquiv>
                    <Unicode>Da wird man durch</Unicode>
                </TextEquiv>
            </TextLine>
            <TextLine id="tr_1_tl_20" custom="readingOrder {index:19;}">
                <Coords points="725,1661 1895,1665 1895,1623 1771,1615 725,1612"/>
                <Baseline points="743,1650 801,1653 859,1651 917,1650 975,1651 1033,1653 1091,1655 1149,1656 1207,1656 1265,1654 1323,1653 1381,1654 1439,1656 1497,1656 1555,1656 1613,1656 1671,1658 1729,1659 1787,1657 1845,1659 1904,1656"/>
                <Word id="tr_1_tl_20_w1" custom="readingOrder {index:0;}">
                    <Coords points="733,1612 733,1672 876,1672 876,1612"/>
                    <TextEquiv>
                        <Unicode>kranken</Unicode>
                    </TextEquiv>
                </Word>
                <Word id="tr_1_tl_20_w2" custom="readingOrder {index:1;}">
                    <Coords points="913,1612 913,1672 1116,1672 1116,1612"/>
                    <TextEquiv>
                        <Unicode>Schicksalen</Unicode>
                    </TextEquiv>
                </Word>
                <Word id="tr_1_tl_20_w3" custom="readingOrder {index:2;}">
                    <Coords points="1147,1616 1147,1676 1261,1676 1261,1616"/>
                    <TextEquiv>
                        <Unicode>seiner</Unicode>
                    </TextEquiv>
                </Word>
                <Word id="tr_1_tl_20_w4" custom="readingOrder {index:3;}">
                    <Coords points="1291,1614 1291,1674 1495,1674 1495,1614"/>
                    <TextEquiv>
                        <Unicode>Gestalten,</Unicode>
                    </TextEquiv>
                </Word>
                <Word id="tr_1_tl_20_w5" custom="readingOrder {index:4;}">
                    <Coords points="1514,1616 1514,1676 1549,1676 1549,1616"/>
                    <TextEquiv>
                        <Unicode>an</Unicode>
                    </TextEquiv>
                </Word>
                <Word id="tr_1_tl_20_w6" custom="readingOrder {index:5;}">
                    <Coords points="1586,1616 1586,1676 1675,1676 1675,1616"/>
                    <TextEquiv>
                        <Unicode>alles</Unicode>
                    </TextEquiv>
                </Word>
                <Word id="tr_1_tl_20_w7" custom="readingOrder {index:6;}">
                    <Coords points="1700,1617 1700,1677 1826,1677 1826,1617"/>
                    <TextEquiv>
                        <Unicode>rührte</Unicode>
                    </TextEquiv>
                </Word>
                <Word id="tr_1_tl_20_w8" custom="readingOrder {index:7;}">
                    <Coords points="1856,1617 1856,1677 1886,1677 1886,1617"/>
                    <TextEquiv>
                        <Unicode>er</Unicode>
                    </TextEquiv>
                </Word>
                <TextEquiv>
                    <Unicode>kranken Schicksalen seiner Gestalten, an alles rührte er</Unicode>
                </TextEquiv>
            </TextLine>
            <TextLine id="tr_1_tl_21" custom="readingOrder {index:20;}">
                <Coords points="1930,1690 3111,1693 3111,1647 3015,1640 1930,1640"/>
                <Baseline points="1949,1680 2007,1681 2065,1683 2124,1683 2182,1681 2240,1684 2299,1683 2357,1683 2415,1683 2474,1685 2532,1686 2590,1686 2649,1686 2707,1686 2765,1686 2824,1684 2882,1686 2940,1686 2999,1686 3057,1686 3116,1689"/>
                <Word id="tr_1_tl_21_w1" custom="readingOrder {index:0;}">
                    <Coords points="1938,1642 1938,1702 2160,1702 2160,1642"/>
                    <TextEquiv>
                        <Unicode>Großstadt,</Unicode>
                    </TextEquiv>
                </Word>
                <Word id="tr_1_tl_21_w2" custom="readingOrder {index:1;}">
                    <Coords points="2197,1642 2197,1702 2226,1702 2226,1642"/>
                    <TextEquiv>
                        <Unicode>im</Unicode>
                    </TextEquiv>
                </Word>
                <Word id="tr_1_tl_21_w3" custom="readingOrder {index:2;}">
                    <Coords points="2293,1643 2293,1703 2383,1703 2383,1643"/>
                    <TextEquiv>
                        <Unicode>Lärm</Unicode>
                    </TextEquiv>
                </Word>
                <Word id="tr_1_tl_21_w4" custom="readingOrder {index:3;}">
                    <Coords points="2450,1645 2450,1705 2504,1705 2504,1645"/>
                    <TextEquiv>
                        <Unicode>der</Unicode>
                    </TextEquiv>
                </Word>
                <Word id="tr_1_tl_21_w5" custom="readingOrder {index:4;}">
                    <Coords points="2553,1646 2553,1706 2745,1706 2745,1646"/>
                    <TextEquiv>
                        <Unicode>Straßen,</Unicode>
                    </TextEquiv>
                </Word>
                <Word id="tr_1_tl_21_w6" custom="readingOrder {index:5;}">
                    <Coords points="2788,1644 2788,1704 2817,1704 2817,1644"/>
                    <TextEquiv>
                        <Unicode>in</Unicode>
                    </TextEquiv>
                </Word>
                <Word id="tr_1_tl_21_w7" custom="readingOrder {index:6;}">
                    <Coords points="2872,1646 2872,1706 3095,1706 3095,1646"/>
                    <TextEquiv>
                        <Unicode>erleuchteten</Unicode>
                    </TextEquiv>
                </Word>
                <TextEquiv>
                    <Unicode>Großstadt, im Lärm der Straßen, in erleuchteten</Unicode>
                </TextEquiv>
            </TextLine>
            <TextLine id="tr_1_tl_22" custom="readingOrder {index:21;}">
                <Coords points="226,1700 332,1693 354,1714 424,1693 456,1707 689,1700 689,1651 622,1665 255,1644 226,1658"/>
                <Baseline points="244,1689 269,1689 294,1689 319,1689 344,1690 370,1691 395,1692 420,1692 445,1692 471,1692 496,1692 521,1692 546,1692 571,1692 597,1692 622,1692 647,1692 672,1692 698,1692"/>
                <Word id="tr_1_tl_22_w1" custom="readingOrder {index:0;}">
                    <Coords points="234,1649 234,1709 407,1709 407,1649"/>
                    <TextEquiv>
                        <Unicode>verehrte</Unicode>
                    </TextEquiv>
                </Word>
                <Word id="tr_1_tl_22_w2" custom="readingOrder {index:1;}">
                    <Coords points="432,1652 432,1712 617,1712 617,1652"/>
                    <TextEquiv>
                        <Unicode>Stimme,</Unicode>
                    </TextEquiv>
                </Word>
                <Word id="tr_1_tl_22_w3" custom="readingOrder {index:2;}">
                    <Coords points="642,1652 642,1712 691,1712 691,1652"/>
                    <TextEquiv>
                        <Unicode>bie</Unicode>
                    </TextEquiv>
                </Word>
                <TextEquiv>
                    <Unicode>verehrte Stimme, bie</Unicode>
                </TextEquiv>
            </TextLine>
            <TextLine id="tr_1_tl_23" custom="readingOrder {index:22;}">
                <Coords points="714,1714 1898,1718 1898,1669 1845,1658 714,1658"/>
                <Baseline points="734,1698 792,1698 851,1698 909,1695 968,1699 1027,1701 1085,1701 1144,1701 1203,1701 1261,1699 1320,1701 1379,1702 1437,1704 1496,1701 1555,1704 1613,1704 1672,1704 1731,1704 1789,1704 1848,1704 1907,1701"/>
                <Word id="tr_1_tl_23_w1" custom="readingOrder {index:0;}">
                    <Coords points="728,1658 728,1718 805,1718 805,1658"/>
                    <TextEquiv>
                        <Unicode>was</Unicode>
                    </TextEquiv>
                </Word>
                <Word id="tr_1_tl_23_w2" custom="readingOrder {index:1;}">
                    <Coords points="836,1658 836,1718 865,1718 865,1658"/>
                    <TextEquiv>
                        <Unicode>je</Unicode>
                    </TextEquiv>
                </Word>
                <Word id="tr_1_tl_23_w3" custom="readingOrder {index:2;}">
                    <Coords points="890,1659 890,1719 1058,1719 1058,1659"/>
                    <TextEquiv>
                        <Unicode>Schmerz</Unicode>
                    </TextEquiv>
                </Word>
                <Word id="tr_1_tl_23_w4" custom="readingOrder {index:3;}">
                    <Coords points="1089,1661 1089,1721 1154,1721 1154,1661"/>
                    <TextEquiv>
                        <Unicode>und</Unicode>
                    </TextEquiv>
                </Word>
                <Word id="tr_1_tl_23_w5" custom="readingOrder {index:4;}">
                    <Coords points="1185,1659 1185,1719 1365,1719 1365,1659"/>
                    <TextEquiv>
                        <Unicode>Begierde</Unicode>
                    </TextEquiv>
                </Word>
                <Word id="tr_1_tl_23_w6" custom="readingOrder {index:5;}">
                    <Coords points="1390,1663 1390,1723 1461,1723 1461,1663"/>
                    <TextEquiv>
                        <Unicode>und</Unicode>
                    </TextEquiv>
                </Word>
                <Word id="tr_1_tl_23_w7" custom="readingOrder {index:6;}">
                    <Coords points="1492,1664 1492,1724 1696,1724 1696,1664"/>
                    <TextEquiv>
                        <Unicode>Sehnsucht</Unicode>
                    </TextEquiv>
                </Word>
                <Word id="tr_1_tl_23_w8" custom="readingOrder {index:7;}">
                    <Coords points="1721,1664 1721,1724 1786,1724 1786,1664"/>
                    <TextEquiv>
                        <Unicode>und</Unicode>
                    </TextEquiv>
                </Word>
                <Word id="tr_1_tl_23_w9" custom="readingOrder {index:8;}">
                    <Coords points="1823,1663 1823,1723 1901,1723 1901,1663"/>
                    <TextEquiv>
                        <Unicode>Luft</Unicode>
                    </TextEquiv>
                </Word>
                <TextEquiv>
                    <Unicode>was je Schmerz und Begierde und Sehnsucht und Luft</Unicode>
                </TextEquiv>
            </TextLine>
            <TextLine id="tr_1_tl_24" custom="readingOrder {index:23;}">
                <Coords points="1930,1743 3104,1739 3104,1693 1930,1690"/>
                <Baseline points="1949,1734 2007,1730 2065,1730 2123,1731 2181,1730 2240,1730 2298,1729 2356,1731 2414,1731 2472,1733 2531,1734 2589,1735 2647,1737 2705,1734 2763,1733 2822,1732 2880,1734 2938,1737 2996,1736 3054,1734 3113,1737"/>
                <Word id="tr_1_tl_24_w1" custom="readingOrder {index:0;}">
                    <Coords points="1937,1690 1937,1750 2120,1750 2120,1690"/>
                    <TextEquiv>
                        <Unicode>Zimmern</Unicode>
                    </TextEquiv>
                </Word>
                <Word id="tr_1_tl_24_w2" custom="readingOrder {index:1;}">
                    <Coords points="2156,1690 2156,1750 2279,1750 2279,1690"/>
                    <TextEquiv>
                        <Unicode>mitten</Unicode>
                    </TextEquiv>
                </Word>
                <Word id="tr_1_tl_24_w3" custom="readingOrder {index:2;}">
                    <Coords points="2321,1691 2321,1751 2426,1751 2426,1691"/>
                    <TextEquiv>
                        <Unicode>unter</Unicode>
                    </TextEquiv>
                </Word>
                <Word id="tr_1_tl_24_w4" custom="readingOrder {index:3;}">
                    <Coords points="2457,1694 2457,1754 2640,1754 2640,1694"/>
                    <TextEquiv>
                        <Unicode>lachenden</Unicode>
                    </TextEquiv>
                </Word>
                <Word id="tr_1_tl_24_w5" custom="readingOrder {index:4;}">
                    <Coords points="2688,1693 2688,1753 2752,1753 2752,1693"/>
                    <TextEquiv>
                        <Unicode>und</Unicode>
                    </TextEquiv>
                </Word>
                <Word id="tr_1_tl_24_w6" custom="readingOrder {index:5;}">
                    <Coords points="2788,1694 2788,1754 2988,1754 2988,1694"/>
                    <TextEquiv>
                        <Unicode>spottenden</Unicode>
                    </TextEquiv>
                </Word>
                <Word id="tr_1_tl_24_w7" custom="readingOrder {index:6;}">
                    <Coords points="3030,1694 3030,1754 3094,1754 3094,1694"/>
                    <TextEquiv>
                        <Unicode>und</Unicode>
                    </TextEquiv>
                </Word>
                <TextEquiv>
                    <Unicode>Zimmern mitten unter lachenden und spottenden und</Unicode>
                </TextEquiv>
            </TextLine>
            <TextLine id="tr_1_tl_25" custom="readingOrder {index:24;}">
                <Coords points="226,1753 290,1739 325,1768 361,1743 467,1764 506,1743 583,1757 693,1743 693,1704 636,1693 460,1707 428,1690 357,1718 332,1697 226,1700"/>
                <Baseline points="244,1737 269,1737 294,1737 320,1739 345,1740 370,1740 396,1740 421,1740 447,1740 472,1740 497,1740 523,1740 548,1740 574,1740 599,1740 624,1740 650,1740 675,1740 701,1737"/>
                <Word id="tr_1_tl_25_w1" custom="readingOrder {index:0;}">
                    <Coords points="229,1697 229,1757 275,1757 275,1697"/>
                    <TextEquiv>
                        <Unicode>rt</Unicode>
                    </TextEquiv>
                </Word>
                <Word id="tr_1_tl_25_w2" custom="readingOrder {index:1;}">
                    <Coords points="295,1699 295,1759 354,1759 354,1699"/>
                    <TextEquiv>
                        <Unicode>ist,</Unicode>
                    </TextEquiv>
                </Word>
                <Word id="tr_1_tl_25_w3" custom="readingOrder {index:2;}">
                    <Coords points="375,1700 375,1760 434,1760 434,1700"/>
                    <TextEquiv>
                        <Unicode>daß</Unicode>
                    </TextEquiv>
                </Word>
                <Word id="tr_1_tl_25_w4" custom="readingOrder {index:3;}">
                    <Coords points="469,1700 469,1760 541,1760 541,1700"/>
                    <TextEquiv>
                        <Unicode>man</Unicode>
                    </TextEquiv>
                </Word>
                <Word id="tr_1_tl_25_w5" custom="readingOrder {index:4;}">
                    <Coords points="575,1700 575,1760 614,1760 614,1700"/>
                    <TextEquiv>
                        <Unicode>sie</Unicode>
                    </TextEquiv>
                </Word>
                <Word id="tr_1_tl_25_w6" custom="readingOrder {index:5;}">
                    <Coords points="642,1700 642,1760 674,1760 674,1700"/>
                    <TextEquiv>
                        <Unicode>im</Unicode>
                    </TextEquiv>
                </Word>
                <TextEquiv>
                    <Unicode>rt ist, daß man sie im</Unicode>
                </TextEquiv>
            </TextLine>
            <TextLine id="tr_1_tl_26" custom="readingOrder {index:25;}">
                <Coords points="721,1753 1902,1760 1902,1718 1824,1711 721,1707"/>
                <Baseline points="740,1746 798,1746 856,1746 915,1746 973,1746 1031,1746 1090,1746 1148,1749 1206,1749 1265,1749 1323,1749 1381,1751 1440,1749 1498,1749 1556,1750 1615,1750 1673,1752 1731,1749 1790,1752 1848,1750 1907,1746"/>
                <Word id="tr_1_tl_26_w1" custom="readingOrder {index:0;}">
                    <Coords points="728,1706 728,1766 898,1766 898,1706"/>
                    <TextEquiv>
                        <Unicode>genannt</Unicode>
                    </TextEquiv>
                </Word>
                <Word id="tr_1_tl_26_w2" custom="readingOrder {index:1;}">
                    <Coords points="922,1706 922,1766 1010,1766 1010,1706"/>
                    <TextEquiv>
                        <Unicode>wird</Unicode>
                    </TextEquiv>
                </Word>
                <Word id="tr_1_tl_26_w3" custom="readingOrder {index:2;}">
                    <Coords points="1040,1706 1040,1766 1116,1766 1116,1706"/>
                    <TextEquiv>
                        <Unicode>oder</Unicode>
                    </TextEquiv>
                </Word>
                <Word id="tr_1_tl_26_w4" custom="readingOrder {index:3;}">
                    <Coords points="1146,1709 1146,1769 1210,1769 1210,1709"/>
                    <TextEquiv>
                        <Unicode>gar</Unicode>
                    </TextEquiv>
                </Word>
                <Word id="tr_1_tl_26_w5" custom="readingOrder {index:4;}">
                    <Coords points="1234,1709 1234,1769 1346,1769 1346,1709"/>
                    <TextEquiv>
                        <Unicode>keinen</Unicode>
                    </TextEquiv>
                </Word>
                <Word id="tr_1_tl_26_w6" custom="readingOrder {index:5;}">
                    <Coords points="1376,1709 1376,1769 1510,1769 1510,1709"/>
                    <TextEquiv>
                        <Unicode>Namen</Unicode>
                    </TextEquiv>
                </Word>
                <Word id="tr_1_tl_26_w7" custom="readingOrder {index:6;}">
                    <Coords points="1546,1710 1546,1770 1646,1770 1646,1710"/>
                    <TextEquiv>
                        <Unicode>trägt</Unicode>
                    </TextEquiv>
                </Word>
                <Word id="tr_1_tl_26_w8" custom="readingOrder {index:7;}">
                    <Coords points="1670,1711 1670,1771 1693,1771 1693,1711"/>
                    <TextEquiv>
                        <Unicode>in</Unicode>
                    </TextEquiv>
                </Word>
                <Word id="tr_1_tl_26_w9" custom="readingOrder {index:8;}">
                    <Coords points="1729,1710 1729,1770 1787,1770 1787,1710"/>
                    <TextEquiv>
                        <Unicode>den</Unicode>
                    </TextEquiv>
                </Word>
                <Word id="tr_1_tl_26_w10" custom="readingOrder {index:9;}">
                    <Coords points="1823,1709 1823,1769 1899,1769 1899,1709"/>
                    <TextEquiv>
                        <Unicode>ver¬</Unicode>
                    </TextEquiv>
                </Word>
                <TextEquiv>
                    <Unicode>genannt wird oder gar keinen Namen trägt in den ver¬</Unicode>
                </TextEquiv>
            </TextLine>
            <TextLine id="tr_1_tl_27" custom="readingOrder {index:26;}">
                <Coords points="1920,1785 3111,1796 3083,1739 1920,1746"/>
                <Baseline points="1940,1779 2002,1779 2064,1779 2126,1779 2188,1779 2250,1782 2312,1782 2374,1782 2436,1782 2498,1783 2560,1785 2622,1786 2684,1786 2746,1785 2808,1782 2870,1784 2932,1785 2994,1786 3056,1782 3119,1782"/>
                <Word id="tr_1_tl_27_w1" custom="readingOrder {index:0;}">
                    <Coords points="1928,1739 1928,1799 2197,1799 2197,1739"/>
                    <TextEquiv>
                        <Unicode>ahnungslosen</Unicode>
                    </TextEquiv>
                </Word>
                <Word id="tr_1_tl_27_w2" custom="readingOrder {index:1;}">
                    <Coords points="2241,1742 2241,1802 2455,1802 2455,1742"/>
                    <TextEquiv>
                        <Unicode>Menschen,</Unicode>
                    </TextEquiv>
                </Word>
                <Word id="tr_1_tl_27_w3" custom="readingOrder {index:2;}">
                    <Coords points="2487,1743 2487,1803 2517,1803 2517,1743"/>
                    <TextEquiv>
                        <Unicode>in</Unicode>
                    </TextEquiv>
                </Word>
                <Word id="tr_1_tl_27_w4" custom="readingOrder {index:3;}">
                    <Coords points="2561,1745 2561,1805 2621,1805 2621,1745"/>
                    <TextEquiv>
                        <Unicode>der</Unicode>
                    </TextEquiv>
                </Word>
                <Word id="tr_1_tl_27_w5" custom="readingOrder {index:4;}">
                    <Coords points="2659,1742 2659,1802 2922,1802 2922,1742"/>
                    <TextEquiv>
                        <Unicode>schwebendsten</Unicode>
                    </TextEquiv>
                </Word>
                <Word id="tr_1_tl_27_w6" custom="readingOrder {index:5;}">
                    <Coords points="2960,1743 2960,1803 3101,1803 3101,1743"/>
                    <TextEquiv>
                        <Unicode>Ironic</Unicode>
                    </TextEquiv>
                </Word>
                <TextEquiv>
                    <Unicode>ahnungslosen Menschen, in der schwebendsten Ironic</Unicode>
                </TextEquiv>
            </TextLine>
            <TextLine id="tr_1_tl_28" custom="readingOrder {index:27;}">
                <Coords points="219,1810 255,1792 304,1813 322,1792 361,1803 467,1789 495,1810 551,1792 696,1799 696,1746 594,1760 569,1739 509,1743 488,1764 364,1739 332,1760 293,1743 219,1750"/>
                <Baseline points="238,1785 263,1785 289,1785 315,1785 341,1786 367,1788 393,1788 419,1788 445,1788 471,1788 496,1788 522,1788 548,1788 574,1788 600,1788 626,1788 652,1788 678,1788 704,1785"/>
                <Word id="tr_1_tl_28_w1" custom="readingOrder {index:0;}">
                    <Coords points="223,1745 223,1805 315,1805 315,1745"/>
                    <TextEquiv>
                        <Unicode>int,</Unicode>
                    </TextEquiv>
                </Word>
                <Word id="tr_1_tl_28_w2" custom="readingOrder {index:1;}">
                    <Coords points="338,1748 338,1808 445,1808 445,1748"/>
                    <TextEquiv>
                        <Unicode>saat:</Unicode>
                    </TextEquiv>
                </Word>
                <Word id="tr_1_tl_28_w3" custom="readingOrder {index:2;}">
                    <Coords points="482,1748 482,1808 567,1808 567,1748"/>
                    <TextEquiv>
                        <Unicode>„Ich</Unicode>
                    </TextEquiv>
                </Word>
                <Word id="tr_1_tl_28_w4" custom="readingOrder {index:3;}">
                    <Coords points="604,1748 604,1808 689,1808 689,1748"/>
                    <TextEquiv>
                        <Unicode>muß</Unicode>
                    </TextEquiv>
                </Word>
                <TextEquiv>
                    <Unicode>int, saat: „Ich muß</Unicode>
                </TextEquiv>
            </TextLine>
            <TextLine id="tr_1_tl_29" custom="readingOrder {index:28;}">
                <Coords points="725,1799 1891,1803 1866,1753 725,1764"/>
                <Baseline points="743,1788 800,1794 858,1794 916,1791 974,1794 1032,1792 1090,1794 1148,1794 1206,1795 1264,1795 1322,1797 1379,1797 1437,1797 1495,1797 1553,1797 1611,1797 1669,1797 1727,1797 1785,1797 1843,1797 1901,1794"/>
                <Word id="tr_1_tl_29_w1" custom="readingOrder {index:0;}">
                    <Coords points="732,1754 732,1814 908,1814 908,1754"/>
                    <TextEquiv>
                        <Unicode>hängten,</Unicode>
                    </TextEquiv>
                </Word>
                <Word id="tr_1_tl_29_w2" custom="readingOrder {index:1;}">
                    <Coords points="933,1752 933,1812 1168,1812 1168,1752"/>
                    <TextEquiv>
                        <Unicode>unterirdisch</Unicode>
                    </TextEquiv>
                </Word>
                <Word id="tr_1_tl_29_w3" custom="readingOrder {index:2;}">
                    <Coords points="1204,1755 1204,1815 1345,1815 1345,1755"/>
                    <TextEquiv>
                        <Unicode>dunkeln</Unicode>
                    </TextEquiv>
                </Word>
                <Word id="tr_1_tl_29_w4" custom="readingOrder {index:3;}">
                    <Coords points="1387,1757 1387,1817 1693,1817 1693,1757"/>
                    <TextEquiv>
                        <Unicode>Zwischenreichen</Unicode>
                    </TextEquiv>
                </Word>
                <Word id="tr_1_tl_29_w5" custom="readingOrder {index:4;}">
                    <Coords points="1735,1757 1735,1817 1794,1817 1794,1757"/>
                    <TextEquiv>
                        <Unicode>des</Unicode>
                    </TextEquiv>
                </Word>
                <Word id="tr_1_tl_29_w6" custom="readingOrder {index:5;}">
                    <Coords points="1830,1756 1830,1816 1882,1816 1882,1756"/>
                    <TextEquiv>
                        <Unicode>Be</Unicode>
                    </TextEquiv>
                </Word>
                <TextEquiv>
                    <Unicode>hängten, unterirdisch dunkeln Zwischenreichen des Be</Unicode>
                </TextEquiv>
            </TextLine>
            <TextLine id="tr_1_tl_30" custom="readingOrder {index:29;}">
                <Coords points="1927,1842 3114,1859 3114,1796 3051,1789 1927,1789"/>
                <Baseline points="1946,1827 2004,1828 2063,1830 2122,1830 2181,1828 2240,1830 2298,1830 2357,1830 2416,1830 2475,1832 2534,1833 2592,1833 2651,1831 2710,1830 2769,1832 2828,1830 2886,1833 2945,1835 3004,1833 3063,1833 3122,1833"/>
                <Word id="tr_1_tl_30_w1" custom="readingOrder {index:0;}">
                    <Coords points="1937,1787 1937,1847 1998,1847 1998,1787"/>
                    <TextEquiv>
                        <Unicode>wie</Unicode>
                    </TextEquiv>
                </Word>
                <Word id="tr_1_tl_30_w2" custom="readingOrder {index:1;}">
                    <Coords points="2026,1789 2026,1849 2053,1849 2053,1789"/>
                    <TextEquiv>
                        <Unicode>im</Unicode>
                    </TextEquiv>
                </Word>
                <Word id="tr_1_tl_30_w3" custom="readingOrder {index:2;}">
                    <Coords points="2095,1788 2095,1848 2260,1848 2260,1788"/>
                    <TextEquiv>
                        <Unicode>Urschrei</Unicode>
                    </TextEquiv>
                </Word>
                <Word id="tr_1_tl_30_w4" custom="readingOrder {index:3;}">
                    <Coords points="2281,1790 2281,1850 2343,1850 2343,1790"/>
                    <TextEquiv>
                        <Unicode>der</Unicode>
                    </TextEquiv>
                </Word>
                <Word id="tr_1_tl_30_w5" custom="readingOrder {index:4;}">
                    <Coords points="2365,1790 2365,1850 2487,1850 2487,1790"/>
                    <TextEquiv>
                        <Unicode>Eros:</Unicode>
                    </TextEquiv>
                </Word>
                <Word id="tr_1_tl_30_w6" custom="readingOrder {index:5;}">
                    <Coords points="2516,1793 2516,1853 2660,1853 2660,1793"/>
                    <TextEquiv>
                        <Unicode>überall</Unicode>
                    </TextEquiv>
                </Word>
                <Word id="tr_1_tl_30_w7" custom="readingOrder {index:6;}">
                    <Coords points="2681,1790 2681,1850 2764,1850 2764,1790"/>
                    <TextEquiv>
                        <Unicode>hört</Unicode>
                    </TextEquiv>
                </Word>
                <Word id="tr_1_tl_30_w8" custom="readingOrder {index:7;}">
                    <Coords points="2792,1790 2792,1850 2846,1850 2846,1790"/>
                    <TextEquiv>
                        <Unicode>der</Unicode>
                    </TextEquiv>
                </Word>
                <Word id="tr_1_tl_30_w9" custom="readingOrder {index:8;}">
                    <Coords points="2875,1794 2875,1854 3012,1854 3012,1794"/>
                    <TextEquiv>
                        <Unicode>Dichter</Unicode>
                    </TextEquiv>
                </Word>
                <Word id="tr_1_tl_30_w10" custom="readingOrder {index:9;}">
                    <Coords points="3040,1793 3040,1853 3094,1853 3094,1793"/>
                    <TextEquiv>
                        <Unicode>den</Unicode>
                    </TextEquiv>
                </Word>
                <TextEquiv>
                    <Unicode>wie im Urschrei der Eros: überall hört der Dichter den</Unicode>
                </TextEquiv>
            </TextLine>
            <TextLine id="tr_1_tl_31" custom="readingOrder {index:30;}">
                <Coords points="226,1835 1902,1852 1898,1806 1718,1792 223,1799"/>
                <Baseline points="241,1833 324,1833 407,1833 490,1836 574,1833 657,1833 740,1836 824,1836 907,1839 990,1839 1074,1840 1157,1839 1240,1840 1323,1842 1407,1842 1490,1845 1573,1845 1657,1845 1740,1844 1823,1844 1907,1845"/>
                <Word id="tr_1_tl_31_w1" custom="readingOrder {index:0;}">
                    <Coords points="224,1793 224,1853 339,1853 339,1793"/>
                    <TextEquiv>
                        <Unicode>hitzter</Unicode>
                    </TextEquiv>
                </Word>
                <Word id="tr_1_tl_31_w2" custom="readingOrder {index:1;}">
                    <Coords points="374,1793 374,1853 472,1853 472,1793"/>
                    <TextEquiv>
                        <Unicode>heute</Unicode>
                    </TextEquiv>
                </Word>
                <Word id="tr_1_tl_31_w3" custom="readingOrder {index:2;}">
                    <Coords points="501,1793 501,1853 679,1853 679,1793"/>
                    <TextEquiv>
                        <Unicode>gestorben</Unicode>
                    </TextEquiv>
                </Word>
                <Word id="tr_1_tl_31_w4" custom="readingOrder {index:3;}">
                    <Coords points="727,1796 727,1856 963,1856 963,1796"/>
                    <TextEquiv>
                        <Unicode>wußtseins:</Unicode>
                    </TextEquiv>
                </Word>
                <Word id="tr_1_tl_31_w5" custom="readingOrder {index:4;}">
                    <Coords points="992,1799 992,1859 1061,1859 1061,1799"/>
                    <TextEquiv>
                        <Unicode>und</Unicode>
                    </TextEquiv>
                </Word>
                <Word id="tr_1_tl_31_w6" custom="readingOrder {index:5;}">
                    <Coords points="1096,1799 1096,1859 1229,1859 1229,1799"/>
                    <TextEquiv>
                        <Unicode>immer</Unicode>
                    </TextEquiv>
                </Word>
                <Word id="tr_1_tl_31_w7" custom="readingOrder {index:6;}">
                    <Coords points="1258,1802 1258,1862 1390,1862 1390,1802"/>
                    <TextEquiv>
                        <Unicode>wieder</Unicode>
                    </TextEquiv>
                </Word>
                <Word id="tr_1_tl_31_w8" custom="readingOrder {index:7;}">
                    <Coords points="1426,1803 1426,1863 1477,1863 1477,1803"/>
                    <TextEquiv>
                        <Unicode>kam</Unicode>
                    </TextEquiv>
                </Word>
                <Word id="tr_1_tl_31_w9" custom="readingOrder {index:8;}">
                    <Coords points="1530,1805 1530,1865 1564,1865 1564,1805"/>
                    <TextEquiv>
                        <Unicode>er</Unicode>
                    </TextEquiv>
                </Word>
                <Word id="tr_1_tl_31_w10" custom="readingOrder {index:9;}">
                    <Coords points="1593,1805 1593,1865 1720,1865 1720,1805"/>
                    <TextEquiv>
                        <Unicode>zurück</Unicode>
                    </TextEquiv>
                </Word>
                <Word id="tr_1_tl_31_w11" custom="readingOrder {index:10;}">
                    <Coords points="1749,1804 1749,1864 1812,1864 1812,1804"/>
                    <TextEquiv>
                        <Unicode>wie</Unicode>
                    </TextEquiv>
                </Word>
                <Word id="tr_1_tl_31_w12" custom="readingOrder {index:11;}">
                    <Coords points="1847,1804 1847,1864 1893,1864 1893,1804"/>
                    <TextEquiv>
                        <Unicode>ein</Unicode>
                    </TextEquiv>
                </Word>
                <TextEquiv>
                    <Unicode>hitzter heute gestorben wußtseins: und immer wieder kam er zurück wie ein</Unicode>
                </TextEquiv>
            </TextLine>
            <TextLine id="tr_1_tl_32" custom="readingOrder {index:31;}">
                <Coords points="1930,1912 2036,1874 2959,1888 2931,1838 1927,1838"/>
                <Baseline points="1946,1874 1996,1874 2047,1872 2098,1877 2149,1877 2200,1877 2251,1877 2302,1880 2353,1880 2404,1880 2455,1880 2505,1880 2556,1878 2607,1879 2658,1880 2709,1880 2760,1880 2811,1879 2862,1878 2913,1880 2964,1877"/>
                <Word id="tr_1_tl_32_w1" custom="readingOrder {index:0;}">
                    <Coords points="1930,1834 1930,1894 2015,1894 2015,1834"/>
                    <TextEquiv>
                        <Unicode>alles</Unicode>
                    </TextEquiv>
                </Word>
                <Word id="tr_1_tl_32_w2" custom="readingOrder {index:1;}">
                    <Coords points="2043,1837 2043,1897 2368,1897 2368,1837"/>
                    <TextEquiv>
                        <Unicode>durchdringenden</Unicode>
                    </TextEquiv>
                </Word>
                <Word id="tr_1_tl_32_w3" custom="readingOrder {index:2;}">
                    <Coords points="2402,1840 2402,1900 2481,1900 2481,1840"/>
                    <TextEquiv>
                        <Unicode>Ruf</Unicode>
                    </TextEquiv>
                </Word>
                <Word id="tr_1_tl_32_w4" custom="readingOrder {index:3;}">
                    <Coords points="2502,1839 2502,1899 2554,1899 2554,1839"/>
                    <TextEquiv>
                        <Unicode>des</Unicode>
                    </TextEquiv>
                </Word>
                <Word id="tr_1_tl_32_w5" custom="readingOrder {index:4;}">
                    <Coords points="2588,1840 2588,1900 2768,1900 2768,1840"/>
                    <TextEquiv>
                        <Unicode>Sterbens</Unicode>
                    </TextEquiv>
                </Word>
                <Word id="tr_1_tl_32_w6" custom="readingOrder {index:5;}">
                    <Coords points="2795,1838 2795,1898 2947,1898 2947,1838"/>
                    <TextEquiv>
                        <Unicode>heraus.</Unicode>
                    </TextEquiv>
                </Word>
                <TextEquiv>
                    <Unicode>alles durchdringenden Ruf des Sterbens heraus.</Unicode>
                </TextEquiv>
            </TextLine>
            <TextLine id="tr_1_tl_33" custom="readingOrder {index:32;}">
                <Coords points="223,1888 1891,1898 1891,1852 1838,1842 223,1831"/>
                <Baseline points="241,1877 324,1877 407,1880 490,1878 573,1880 656,1878 739,1883 822,1886 905,1889 988,1886 1071,1886 1154,1884 1237,1887 1320,1889 1403,1889 1486,1892 1569,1889 1652,1890 1735,1890 1818,1889 1901,1889"/>
                <Word id="tr_1_tl_33_w1" custom="readingOrder {index:0;}">
                    <Coords points="231,1837 231,1897 349,1897 349,1837"/>
                    <TextEquiv>
                        <Unicode>nicht</Unicode>
                    </TextEquiv>
                </Word>
                <Word id="tr_1_tl_33_w2" custom="readingOrder {index:1;}">
                    <Coords points="375,1838 375,1898 569,1898 569,1838"/>
                    <TextEquiv>
                        <Unicode>verstehen,</Unicode>
                    </TextEquiv>
                </Word>
                <Word id="tr_1_tl_33_w3" custom="readingOrder {index:2;}">
                    <Coords points="589,1838 589,1898 682,1898 682,1838"/>
                    <TextEquiv>
                        <Unicode>Man</Unicode>
                    </TextEquiv>
                </Word>
                <Word id="tr_1_tl_33_w4" custom="readingOrder {index:3;}">
                    <Coords points="726,1845 726,1905 902,1905 902,1845"/>
                    <TextEquiv>
                        <Unicode>Mensch,</Unicode>
                    </TextEquiv>
                </Word>
                <Word id="tr_1_tl_33_w5" custom="readingOrder {index:4;}">
                    <Coords points="946,1846 946,1906 1008,1906 1008,1846"/>
                    <TextEquiv>
                        <Unicode>der</Unicode>
                    </TextEquiv>
                </Word>
                <Word id="tr_1_tl_33_w6" custom="readingOrder {index:5;}">
                    <Coords points="1040,1844 1040,1904 1190,1904 1190,1844"/>
                    <TextEquiv>
                        <Unicode>gestehen</Unicode>
                    </TextEquiv>
                </Word>
                <Word id="tr_1_tl_33_w7" custom="readingOrder {index:6;}">
                    <Coords points="1229,1848 1229,1908 1341,1908 1341,1848"/>
                    <TextEquiv>
                        <Unicode>muß,</Unicode>
                    </TextEquiv>
                </Word>
                <Word id="tr_1_tl_33_w8" custom="readingOrder {index:7;}">
                    <Coords points="1386,1849 1386,1909 1448,1909 1448,1849"/>
                    <TextEquiv>
                        <Unicode>daß</Unicode>
                    </TextEquiv>
                </Word>
                <Word id="tr_1_tl_33_w9" custom="readingOrder {index:8;}">
                    <Coords points="1486,1851 1486,1911 1516,1911 1516,1851"/>
                    <TextEquiv>
                        <Unicode>er</Unicode>
                    </TextEquiv>
                </Word>
                <Word id="tr_1_tl_33_w10" custom="readingOrder {index:9;}">
                    <Coords points="1549,1849 1549,1909 1624,1909 1624,1849"/>
                    <TextEquiv>
                        <Unicode>doch</Unicode>
                    </TextEquiv>
                </Word>
                <Word id="tr_1_tl_33_w11" custom="readingOrder {index:10;}">
                    <Coords points="1662,1850 1662,1910 1755,1910 1755,1850"/>
                    <TextEquiv>
                        <Unicode>nicht</Unicode>
                    </TextEquiv>
                </Word>
                <Word id="tr_1_tl_33_w12" custom="readingOrder {index:11;}">
                    <Coords points="1787,1849 1787,1909 1893,1909 1893,1849"/>
                    <TextEquiv>
                        <Unicode>helfer</Unicode>
                    </TextEquiv>
                </Word>
                <TextEquiv>
                    <Unicode>nicht verstehen, Man Mensch, der gestehen muß, daß er doch nicht helfer</Unicode>
                </TextEquiv>
            </TextLine>
            <TextLine id="tr_1_tl_34" custom="readingOrder {index:33;}">
                <Coords points="226,1934 403,1930 435,1951 467,1930 534,1944 562,1930 689,1937 689,1888 226,1888"/>
                <Baseline points="244,1922 269,1923 294,1925 319,1925 344,1925 370,1927 395,1928 420,1928 445,1928 471,1928 496,1927 521,1925 546,1925 571,1925 597,1925 622,1925 647,1925 672,1922 698,1919"/>
                <Word id="tr_1_tl_34_w1" custom="readingOrder {index:0;}">
                    <Coords points="229,1885 229,1945 387,1945 387,1885"/>
                    <TextEquiv>
                        <Unicode>kurzer</Unicode>
                    </TextEquiv>
                </Word>
                <Word id="tr_1_tl_34_w2" custom="readingOrder {index:1;}">
                    <Coords points="415,1888 415,1948 497,1948 497,1888"/>
                    <TextEquiv>
                        <Unicode>Zeit</Unicode>
                    </TextEquiv>
                </Word>
                <Word id="tr_1_tl_34_w3" custom="readingOrder {index:2;}">
                    <Coords points="525,1885 525,1945 587,1945 587,1885"/>
                    <TextEquiv>
                        <Unicode>mit</Unicode>
                    </TextEquiv>
                </Word>
                <Word id="tr_1_tl_34_w4" custom="readingOrder {index:3;}">
                    <Coords points="615,1885 615,1945 669,1945 669,1885"/>
                    <TextEquiv>
                        <Unicode>ihm</Unicode>
                    </TextEquiv>
                </Word>
                <TextEquiv>
                    <Unicode>kurzer Zeit mit ihm</Unicode>
                </TextEquiv>
            </TextLine>
            <TextLine id="tr_1_tl_35" custom="readingOrder {index:34;}">
                <Coords points="2018,1930 3104,1944 3104,1856 3061,1849 3005,1888 2807,1898 2018,1874"/>
                <Baseline points="2039,1919 2092,1922 2146,1923 2200,1925 2253,1927 2307,1925 2361,1926 2414,1929 2468,1929 2522,1930 2576,1928 2629,1928 2683,1928 2737,1928 2790,1928 2844,1928 2898,1928 2951,1928 3005,1928 3059,1928 3113,1928"/>
                <Word id="tr_1_tl_35_w1" custom="readingOrder {index:0;}">
                    <Coords points="2030,1880 2030,1940 2112,1940 2112,1880"/>
                    <TextEquiv>
                        <Unicode>Und</Unicode>
                    </TextEquiv>
                </Word>
                <Word id="tr_1_tl_35_w2" custom="readingOrder {index:1;}">
                    <Coords points="2143,1885 2143,1945 2284,1945 2284,1885"/>
                    <TextEquiv>
                        <Unicode>überall</Unicode>
                    </TextEquiv>
                </Word>
                <Word id="tr_1_tl_35_w3" custom="readingOrder {index:2;}">
                    <Coords points="2308,1885 2308,1945 2398,1945 2398,1885"/>
                    <TextEquiv>
                        <Unicode>sehnt</Unicode>
                    </TextEquiv>
                </Word>
                <Word id="tr_1_tl_35_w4" custom="readingOrder {index:3;}">
                    <Coords points="2421,1889 2421,1949 2473,1949 2473,1889"/>
                    <TextEquiv>
                        <Unicode>sich</Unicode>
                    </TextEquiv>
                </Word>
                <Word id="tr_1_tl_35_w5" custom="readingOrder {index:4;}">
                    <Coords points="2504,1888 2504,1948 2608,1948 2608,1888"/>
                    <TextEquiv>
                        <Unicode>dieser</Unicode>
                    </TextEquiv>
                </Word>
                <Word id="tr_1_tl_35_w6" custom="readingOrder {index:5;}">
                    <Coords points="2631,1888 2631,1948 2796,1948 2796,1888"/>
                    <TextEquiv>
                        <Unicode>wissende</Unicode>
                    </TextEquiv>
                </Word>
                <Word id="tr_1_tl_35_w7" custom="readingOrder {index:6;}">
                    <Coords points="2820,1888 2820,1948 2992,1948 2992,1888"/>
                    <TextEquiv>
                        <Unicode>Skeptiker</Unicode>
                    </TextEquiv>
                </Word>
                <Word id="tr_1_tl_35_w8" custom="readingOrder {index:7;}">
                    <Coords points="3023,1888 3023,1948 3097,1948 3097,1888"/>
                    <TextEquiv>
                        <Unicode>nach</Unicode>
                    </TextEquiv>
                </Word>
                <TextEquiv>
                    <Unicode>Und überall sehnt sich dieser wissende Skeptiker nach</Unicode>
                </TextEquiv>
            </TextLine>
            <TextLine id="tr_1_tl_36" custom="readingOrder {index:35;}">
                <Coords points="718,1944 1898,1955 1898,1902 1831,1895 718,1891"/>
                <Baseline points="737,1931 795,1932 854,1934 912,1934 971,1931 1029,1931 1088,1931 1146,1931 1205,1934 1263,1934 1322,1934 1380,1934 1439,1936 1497,1937 1556,1935 1614,1937 1673,1937 1731,1937 1790,1937 1848,1937 1907,1943"/>
                <Word id="tr_1_tl_36_w1" custom="readingOrder {index:0;}">
                    <Coords points="726,1891 726,1951 842,1951 842,1891"/>
                    <TextEquiv>
                        <Unicode>kann.</Unicode>
                    </TextEquiv>
                </Word>
                <Word id="tr_1_tl_36_w2" custom="readingOrder {index:1;}">
                    <Coords points="886,1893 886,1953 940,1953 940,1893"/>
                    <TextEquiv>
                        <Unicode>Je</Unicode>
                    </TextEquiv>
                </Word>
                <Word id="tr_1_tl_36_w3" custom="readingOrder {index:2;}">
                    <Coords points="972,1891 972,1951 1063,1951 1063,1891"/>
                    <TextEquiv>
                        <Unicode>älter</Unicode>
                    </TextEquiv>
                </Word>
                <Word id="tr_1_tl_36_w4" custom="readingOrder {index:3;}">
                    <Coords points="1094,1893 1094,1953 1285,1953 1285,1893"/>
                    <TextEquiv>
                        <Unicode>Schnitzler</Unicode>
                    </TextEquiv>
                </Word>
                <Word id="tr_1_tl_36_w5" custom="readingOrder {index:4;}">
                    <Coords points="1322,1894 1322,1954 1463,1954 1463,1894"/>
                    <TextEquiv>
                        <Unicode>wurde,</Unicode>
                    </TextEquiv>
                </Word>
                <Word id="tr_1_tl_36_w6" custom="readingOrder {index:5;}">
                    <Coords points="1488,1896 1488,1956 1519,1956 1519,1896"/>
                    <TextEquiv>
                        <Unicode>je</Unicode>
                    </TextEquiv>
                </Word>
                <Word id="tr_1_tl_36_w7" custom="readingOrder {index:6;}">
                    <Coords points="1544,1896 1544,1956 1679,1956 1679,1896"/>
                    <TextEquiv>
                        <Unicode>länger</Unicode>
                    </TextEquiv>
                </Word>
                <Word id="tr_1_tl_36_w8" custom="readingOrder {index:7;}">
                    <Coords points="1710,1897 1710,1957 1765,1957 1765,1897"/>
                    <TextEquiv>
                        <Unicode>der</Unicode>
                    </TextEquiv>
                </Word>
                <Word id="tr_1_tl_36_w9" custom="readingOrder {index:8;}">
                    <Coords points="1802,1897 1802,1957 1881,1957 1881,1897"/>
                    <TextEquiv>
                        <Unicode>Weg</Unicode>
                    </TextEquiv>
                </Word>
                <TextEquiv>
                    <Unicode>kann. Je älter Schnitzler wurde, je länger der Weg</Unicode>
                </TextEquiv>
            </TextLine>
            <TextLine id="tr_1_tl_37" custom="readingOrder {index:36;}">
                <Coords points="1930,1976 2337,1983 2376,2018 3114,2008 3111,1941 3061,1934 1930,1920"/>
                <Baseline points="1949,1967 2007,1971 2066,1973 2124,1973 2183,1973 2241,1973 2300,1973 2358,1976 2417,1977 2475,1977 2534,1979 2592,1976 2651,1978 2709,1979 2768,1979 2826,1979 2885,1979 2943,1979 3002,1979 3060,1979 3119,1976"/>
                <Word id="tr_1_tl_37_w1" custom="readingOrder {index:0;}">
                    <Coords points="1937,1930 1937,1990 2056,1990 2056,1930"/>
                    <TextEquiv>
                        <Unicode>Liebe.</Unicode>
                    </TextEquiv>
                </Word>
                <Word id="tr_1_tl_37_w2" custom="readingOrder {index:1;}">
                    <Coords points="2083,1933 2083,1993 2161,1993 2161,1933"/>
                    <TextEquiv>
                        <Unicode>Wie</Unicode>
                    </TextEquiv>
                </Word>
                <Word id="tr_1_tl_37_w3" custom="readingOrder {index:2;}">
                    <Coords points="2179,1933 2179,1993 2299,1993 2299,1933"/>
                    <TextEquiv>
                        <Unicode>einer,</Unicode>
                    </TextEquiv>
                </Word>
                <Word id="tr_1_tl_37_w4" custom="readingOrder {index:3;}">
                    <Coords points="2317,1935 2317,1995 2369,1995 2369,1935"/>
                    <TextEquiv>
                        <Unicode>der</Unicode>
                    </TextEquiv>
                </Word>
                <Word id="tr_1_tl_37_w5" custom="readingOrder {index:4;}">
                    <Coords points="2396,1937 2396,1997 2446,1997 2446,1937"/>
                    <TextEquiv>
                        <Unicode>die</Unicode>
                    </TextEquiv>
                </Word>
                <Word id="tr_1_tl_37_w6" custom="readingOrder {index:5;}">
                    <Coords points="2473,1938 2473,1998 2602,1998 2602,1938"/>
                    <TextEquiv>
                        <Unicode>Hände</Unicode>
                    </TextEquiv>
                </Word>
                <Word id="tr_1_tl_37_w7" custom="readingOrder {index:6;}">
                    <Coords points="2629,1938 2629,1998 2733,1998 2733,1938"/>
                    <TextEquiv>
                        <Unicode>faltet</Unicode>
                    </TextEquiv>
                </Word>
                <Word id="tr_1_tl_37_w8" custom="readingOrder {index:7;}">
                    <Coords points="2751,1939 2751,1999 2819,1999 2819,1939"/>
                    <TextEquiv>
                        <Unicode>und</Unicode>
                    </TextEquiv>
                </Word>
                <Word id="tr_1_tl_37_w9" custom="readingOrder {index:8;}">
                    <Coords points="2854,1939 2854,1999 3027,1999 3027,1939"/>
                    <TextEquiv>
                        <Unicode>schließlich</Unicode>
                    </TextEquiv>
                </Word>
                <Word id="tr_1_tl_37_w10" custom="readingOrder {index:9;}">
                    <Coords points="3054,1938 3054,1998 3087,1998 3087,1938"/>
                    <TextEquiv>
                        <Unicode>im</Unicode>
                    </TextEquiv>
                </Word>
                <TextEquiv>
                    <Unicode>Liebe. Wie einer, der die Hände faltet und schließlich im</Unicode>
                </TextEquiv>
            </TextLine>
            <TextLine id="tr_1_tl_38" custom="readingOrder {index:37;}">
                <Coords points="223,1987 1902,1994 1902,1951 1782,1937 223,1937"/>
                <Baseline points="241,1970 324,1973 407,1973 491,1973 574,1973 658,1973 741,1976 825,1976 908,1979 992,1977 1075,1979 1158,1977 1242,1982 1325,1980 1409,1982 1492,1982 1576,1982 1659,1983 1743,1983 1826,1983 1910,1982"/>
                <Word id="tr_1_tl_38_w1" custom="readingOrder {index:0;}">
                    <Coords points="225,1930 225,1990 306,1990 306,1930"/>
                    <TextEquiv>
                        <Unicode>ruft</Unicode>
                    </TextEquiv>
                </Word>
                <Word id="tr_1_tl_38_w2" custom="readingOrder {index:1;}">
                    <Coords points="338,1933 338,1993 393,1993 393,1933"/>
                    <TextEquiv>
                        <Unicode>sich</Unicode>
                    </TextEquiv>
                </Word>
                <Word id="tr_1_tl_38_w3" custom="readingOrder {index:2;}">
                    <Coords points="425,1933 425,1993 518,1993 518,1933"/>
                    <TextEquiv>
                        <Unicode>seine</Unicode>
                    </TextEquiv>
                </Word>
                <Word id="tr_1_tl_38_w4" custom="readingOrder {index:3;}">
                    <Coords points="544,1933 544,1993 694,1993 694,1933"/>
                    <TextEquiv>
                        <Unicode>Worte,</Unicode>
                    </TextEquiv>
                </Word>
                <Word id="tr_1_tl_38_w5" custom="readingOrder {index:4;}">
                    <Coords points="726,1936 726,1996 794,1996 794,1936"/>
                    <TextEquiv>
                        <Unicode>auf</Unicode>
                    </TextEquiv>
                </Word>
                <Word id="tr_1_tl_38_w6" custom="readingOrder {index:5;}">
                    <Coords points="827,1937 827,1997 882,1997 882,1937"/>
                    <TextEquiv>
                        <Unicode>den</Unicode>
                    </TextEquiv>
                </Word>
                <Word id="tr_1_tl_38_w7" custom="readingOrder {index:6;}">
                    <Coords points="920,1938 920,1998 957,1998 957,1938"/>
                    <TextEquiv>
                        <Unicode>er</Unicode>
                    </TextEquiv>
                </Word>
                <Word id="tr_1_tl_38_w8" custom="readingOrder {index:7;}">
                    <Coords points="989,1937 989,1997 1246,1997 1246,1937"/>
                    <TextEquiv>
                        <Unicode>zurückblickte,</Unicode>
                    </TextEquiv>
                </Word>
                <Word id="tr_1_tl_38_w9" custom="readingOrder {index:8;}">
                    <Coords points="1272,1940 1272,2000 1302,2000 1302,1940"/>
                    <TextEquiv>
                        <Unicode>je</Unicode>
                    </TextEquiv>
                </Word>
                <Word id="tr_1_tl_38_w10" custom="readingOrder {index:9;}">
                    <Coords points="1334,1942 1334,2002 1585,2002 1585,1942"/>
                    <TextEquiv>
                        <Unicode>schmerzlicher</Unicode>
                    </TextEquiv>
                </Word>
                <Word id="tr_1_tl_38_w11" custom="readingOrder {index:10;}">
                    <Coords points="1623,1942 1623,2002 1653,2002 1653,1942"/>
                    <TextEquiv>
                        <Unicode>er</Unicode>
                    </TextEquiv>
                </Word>
                <Word id="tr_1_tl_38_w12" custom="readingOrder {index:11;}">
                    <Coords points="1685,1943 1685,2003 1791,2003 1791,1943"/>
                    <TextEquiv>
                        <Unicode>selbst</Unicode>
                    </TextEquiv>
                </Word>
                <Word id="tr_1_tl_38_w13" custom="readingOrder {index:12;}">
                    <Coords points="1817,1942 1817,2002 1879,2002 1879,1942"/>
                    <TextEquiv>
                        <Unicode>vom</Unicode>
                    </TextEquiv>
                </Word>
                <TextEquiv>
                    <Unicode>ruft sich seine Worte, auf den er zurückblickte, je schmerzlicher er selbst vom</Unicode>
                </TextEquiv>
            </TextLine>
            <TextLine id="tr_1_tl_39" custom="readingOrder {index:38;}">
                <Coords points="1930,2029 1973,2029 2026,2064 2093,2054 2117,2029 2153,2057 2192,2036 2241,2033 2266,2057 2301,2036 2354,2036 2351,1983 2224,1976 2195,1990 2170,1976 2082,1976 2072,1990 1930,1976"/>
                <Baseline points="1949,2009 1974,2014 2000,2018 2026,2018 2052,2018 2077,2018 2103,2018 2129,2018 2155,2020 2180,2021 2206,2021 2232,2021 2258,2021 2283,2023 2309,2024 2335,2024 2361,2024"/>
                <Word id="tr_1_tl_39_w1" custom="readingOrder {index:0;}">
                    <Coords points="1943,1977 1943,2037 2055,2037 2055,1977"/>
                    <TextEquiv>
                        <Unicode>Gebet</Unicode>
                    </TextEquiv>
                </Word>
                <Word id="tr_1_tl_39_w2" custom="readingOrder {index:1;}">
                    <Coords points="2081,1978 2081,2038 2192,2038 2192,1978"/>
                    <TextEquiv>
                        <Unicode>Ruhe</Unicode>
                    </TextEquiv>
                </Word>
                <Word id="tr_1_tl_39_w3" custom="readingOrder {index:2;}">
                    <Coords points="2218,1983 2218,2043 2354,2043 2354,1983"/>
                    <TextEquiv>
                        <Unicode>findet.</Unicode>
                    </TextEquiv>
                </Word>
                <TextEquiv>
                    <Unicode>Gebet Ruhe findet.</Unicode>
                </TextEquiv>
            </TextLine>
            <TextLine id="tr_1_tl_40" custom="readingOrder {index:39;}">
                <Coords points="219,2047 237,2047 247,2040 258,2043 265,2036 269,2040 272,2036 308,2036 311,1987 283,1987 272,1976 269,1980 251,1983 223,1980"/>
                <Baseline points="238,2024 264,2022 290,2021 316,2021"/>
                <Word id="tr_1_tl_40_w1" custom="readingOrder {index:0;}">
                    <Coords points="224,1982 224,2042 287,2042 287,1982"/>
                    <TextEquiv>
                        <Unicode>heln</Unicode>
                    </TextEquiv>
                </Word>
                <TextEquiv>
                    <Unicode>heln</Unicode>
                </TextEquiv>
            </TextLine>
            <TextLine id="tr_1_tl_41" custom="readingOrder {index:40;}">
                <Coords points="336,2022 1813,2043 1905,2040 1905,1994 332,1983"/>
                <Baseline points="355,2021 432,2021 510,2021 588,2020 666,2021 743,2019 821,2024 899,2024 977,2024 1054,2027 1132,2027 1210,2027 1288,2027 1365,2024 1443,2027 1521,2029 1599,2029 1676,2027 1754,2028 1832,2030 1910,2027"/>
                <Word id="tr_1_tl_41_w1" custom="readingOrder {index:0;}">
                    <Coords points="347,1981 347,2041 402,2041 402,1981"/>
                    <TextEquiv>
                        <Unicode>ins</Unicode>
                    </TextEquiv>
                </Word>
                <Word id="tr_1_tl_41_w2" custom="readingOrder {index:1;}">
                    <Coords points="459,1980 459,2040 684,2040 684,1980"/>
                    <TextEquiv>
                        <Unicode>Gedächtnis</Unicode>
                    </TextEquiv>
                </Word>
                <Word id="tr_1_tl_41_w3" custom="readingOrder {index:2;}">
                    <Coords points="729,1983 729,2043 904,2043 904,1983"/>
                    <TextEquiv>
                        <Unicode>Schicksal</Unicode>
                    </TextEquiv>
                </Word>
                <Word id="tr_1_tl_41_w4" custom="readingOrder {index:3;}">
                    <Coords points="936,1985 936,2045 1091,2045 1091,1985"/>
                    <TextEquiv>
                        <Unicode>verfolgt</Unicode>
                    </TextEquiv>
                </Word>
                <Word id="tr_1_tl_41_w5" custom="readingOrder {index:4;}">
                    <Coords points="1124,1987 1124,2047 1267,2047 1267,1987"/>
                    <TextEquiv>
                        <Unicode>wurde,</Unicode>
                    </TextEquiv>
                </Word>
                <Word id="tr_1_tl_41_w6" custom="readingOrder {index:5;}">
                    <Coords points="1312,1984 1312,2044 1399,2044 1399,1984"/>
                    <TextEquiv>
                        <Unicode>desto</Unicode>
                    </TextEquiv>
                </Word>
                <Word id="tr_1_tl_41_w7" custom="readingOrder {index:6;}">
                    <Coords points="1437,1988 1437,2048 1537,2048 1537,1988"/>
                    <TextEquiv>
                        <Unicode>tiefer</Unicode>
                    </TextEquiv>
                </Word>
                <Word id="tr_1_tl_41_w8" custom="readingOrder {index:7;}">
                    <Coords points="1576,1987 1576,2047 1744,2047 1744,1987"/>
                    <TextEquiv>
                        <Unicode>empfand</Unicode>
                    </TextEquiv>
                </Word>
                <Word id="tr_1_tl_41_w9" custom="readingOrder {index:8;}">
                    <Coords points="1776,1989 1776,2049 1813,2049 1813,1989"/>
                    <TextEquiv>
                        <Unicode>er</Unicode>
                    </TextEquiv>
                </Word>
                <Word id="tr_1_tl_41_w10" custom="readingOrder {index:9;}">
                    <Coords points="1845,1988 1845,2048 1900,2048 1900,1988"/>
                    <TextEquiv>
                        <Unicode>die</Unicode>
                    </TextEquiv>
                </Word>
                <TextEquiv>
                    <Unicode>ins Gedächtnis Schicksal verfolgt wurde, desto tiefer empfand er die</Unicode>
                </TextEquiv>
            </TextLine>
            <TextLine id="tr_1_tl_42" custom="readingOrder {index:41;}">
                <Coords points="251,2079 325,2082 339,2096 389,2072 534,2093 569,2072 693,2079 693,2033 661,2029 615,2029 594,2047 559,2026 428,2018 389,2040 332,2004 304,2033 251,2040"/>
                <Baseline points="271,2071 296,2068 321,2068 346,2068 372,2070 397,2070 422,2069 448,2068 473,2068 498,2069 523,2071 549,2069 574,2068 599,2068 625,2068 650,2068 675,2065 701,2062"/>
                <Word id="tr_1_tl_42_w1" custom="readingOrder {index:0;}">
                    <Coords points="267,2028 267,2088 373,2088 373,2028"/>
                    <TextEquiv>
                        <Unicode>reißt</Unicode>
                    </TextEquiv>
                </Word>
                <Word id="tr_1_tl_42_w2" custom="readingOrder {index:1;}">
                    <Coords points="401,2028 401,2088 561,2088 561,2028"/>
                    <TextEquiv>
                        <Unicode>hundert</Unicode>
                    </TextEquiv>
                </Word>
                <Word id="tr_1_tl_42_w3" custom="readingOrder {index:2;}">
                    <Coords points="608,2027 608,2087 694,2087 694,2027"/>
                    <TextEquiv>
                        <Unicode>ver¬</Unicode>
                    </TextEquiv>
                </Word>
                <TextEquiv>
                    <Unicode>reißt hundert ver¬</Unicode>
                </TextEquiv>
            </TextLine>
            <TextLine id="tr_1_tl_43" custom="readingOrder {index:42;}">
                <Coords points="718,2075 1898,2086 1898,2036 1838,2029 718,2026"/>
                <Baseline points="737,2065 795,2068 854,2070 912,2071 971,2071 1029,2071 1088,2071 1146,2071 1205,2073 1263,2071 1322,2074 1380,2072 1439,2074 1497,2074 1556,2073 1614,2073 1673,2074 1731,2076 1790,2074 1848,2074 1907,2071"/>
                <Word id="tr_1_tl_43_w1" custom="readingOrder {index:0;}">
                    <Coords points="726,2028 726,2088 905,2088 905,2028"/>
                    <TextEquiv>
                        <Unicode>Wehmut</Unicode>
                    </TextEquiv>
                </Word>
                <Word id="tr_1_tl_43_w2" custom="readingOrder {index:1;}">
                    <Coords points="930,2031 930,2091 1020,2091 1020,2031"/>
                    <TextEquiv>
                        <Unicode>eines</Unicode>
                    </TextEquiv>
                </Word>
                <Word id="tr_1_tl_43_w3" custom="readingOrder {index:2;}">
                    <Coords points="1051,2031 1051,2091 1261,2091 1261,2031"/>
                    <TextEquiv>
                        <Unicode>Menschen,</Unicode>
                    </TextEquiv>
                </Word>
                <Word id="tr_1_tl_43_w4" custom="readingOrder {index:3;}">
                    <Coords points="1280,2033 1280,2093 1333,2093 1333,2033"/>
                    <TextEquiv>
                        <Unicode>der</Unicode>
                    </TextEquiv>
                </Word>
                <Word id="tr_1_tl_43_w5" custom="readingOrder {index:4;}">
                    <Coords points="1364,2034 1364,2094 1587,2094 1587,2034"/>
                    <TextEquiv>
                        <Unicode>tausendfach</Unicode>
                    </TextEquiv>
                </Word>
                <Word id="tr_1_tl_43_w6" custom="readingOrder {index:5;}">
                    <Coords points="1618,2033 1618,2093 1671,2093 1671,2033"/>
                    <TextEquiv>
                        <Unicode>der</Unicode>
                    </TextEquiv>
                </Word>
                <Word id="tr_1_tl_43_w7" custom="readingOrder {index:6;}">
                    <Coords points="1696,2035 1696,2095 1798,2095 1798,2035"/>
                    <TextEquiv>
                        <Unicode>Liebe</Unicode>
                    </TextEquiv>
                </Word>
                <Word id="tr_1_tl_43_w8" custom="readingOrder {index:7;}">
                    <Coords points="1822,2033 1822,2093 1900,2093 1900,2033"/>
                    <TextEquiv>
                        <Unicode>ent¬</Unicode>
                    </TextEquiv>
                </Word>
                <TextEquiv>
                    <Unicode>Wehmut eines Menschen, der tausendfach der Liebe ent¬</Unicode>
                </TextEquiv>
            </TextLine>
            <TextLine id="tr_1_tl_44" custom="readingOrder {index:43;}">
                <Coords points="219,2132 262,2142 346,2117 431,2142 523,2117 594,2142 693,2125 693,2082 587,2072 530,2093 389,2072 325,2093 219,2050"/>
                <Baseline points="238,2119 263,2116 289,2116 314,2116 340,2116 365,2116 391,2116 416,2116 442,2117 468,2119 493,2119 519,2119 544,2117 570,2116 595,2118 621,2119 646,2119 672,2116 698,2113"/>
                <Word id="tr_1_tl_44_w1" custom="readingOrder {index:0;}">
                    <Coords points="223,2076 223,2136 290,2136 290,2076"/>
                    <TextEquiv>
                        <Unicode>nen</Unicode>
                    </TextEquiv>
                </Word>
                <Word id="tr_1_tl_44_w2" custom="readingOrder {index:1;}">
                    <Coords points="350,2076 350,2136 491,2136 491,2076"/>
                    <TextEquiv>
                        <Unicode>Jahren</Unicode>
                    </TextEquiv>
                </Word>
                <Word id="tr_1_tl_44_w3" custom="readingOrder {index:2;}">
                    <Coords points="552,2078 552,2138 686,2138 686,2078"/>
                    <TextEquiv>
                        <Unicode>wieder</Unicode>
                    </TextEquiv>
                </Word>
                <TextEquiv>
                    <Unicode>nen Jahren wieder</Unicode>
                </TextEquiv>
            </TextLine>
            <TextLine id="tr_1_tl_45" custom="readingOrder {index:44;}">
                <Coords points="725,2128 1902,2149 1898,2089 1813,2079 725,2075"/>
                <Baseline points="743,2119 801,2119 859,2119 917,2119 975,2119 1034,2120 1092,2120 1150,2119 1208,2119 1266,2119 1325,2119 1383,2119 1441,2119 1499,2122 1557,2122 1616,2122 1674,2122 1732,2125 1790,2123 1848,2125 1907,2119"/>
                <Word id="tr_1_tl_45_w1" custom="readingOrder {index:0;}">
                    <Coords points="727,2079 727,2139 828,2139 828,2079"/>
                    <TextEquiv>
                        <Unicode>sagen</Unicode>
                    </TextEquiv>
                </Word>
                <Word id="tr_1_tl_45_w2" custom="readingOrder {index:1;}">
                    <Coords points="871,2079 871,2139 973,2139 973,2079"/>
                    <TextEquiv>
                        <Unicode>muß,</Unicode>
                    </TextEquiv>
                </Word>
                <Word id="tr_1_tl_45_w3" custom="readingOrder {index:2;}">
                    <Coords points="998,2079 998,2139 1040,2139 1040,2079"/>
                    <TextEquiv>
                        <Unicode>um</Unicode>
                    </TextEquiv>
                </Word>
                <Word id="tr_1_tl_45_w4" custom="readingOrder {index:3;}">
                    <Coords points="1095,2079 1095,2139 1246,2139 1246,2079"/>
                    <TextEquiv>
                        <Unicode>dennoch</Unicode>
                    </TextEquiv>
                </Word>
                <Word id="tr_1_tl_45_w5" custom="readingOrder {index:4;}">
                    <Coords points="1283,2079 1283,2139 1505,2139 1505,2079"/>
                    <TextEquiv>
                        <Unicode>tausendfach</Unicode>
                    </TextEquiv>
                </Word>
                <Word id="tr_1_tl_45_w6" custom="readingOrder {index:5;}">
                    <Coords points="1542,2082 1542,2142 1596,2142 1596,2082"/>
                    <TextEquiv>
                        <Unicode>die</Unicode>
                    </TextEquiv>
                </Word>
                <Word id="tr_1_tl_45_w7" custom="readingOrder {index:6;}">
                    <Coords points="1633,2082 1633,2142 1735,2142 1735,2082"/>
                    <TextEquiv>
                        <Unicode>Liebe</Unicode>
                    </TextEquiv>
                </Word>
                <Word id="tr_1_tl_45_w8" custom="readingOrder {index:7;}">
                    <Coords points="1772,2083 1772,2143 1802,2143 1802,2083"/>
                    <TextEquiv>
                        <Unicode>zu</Unicode>
                    </TextEquiv>
                </Word>
                <Word id="tr_1_tl_45_w9" custom="readingOrder {index:8;}">
                    <Coords points="1845,2082 1845,2142 1904,2142 1904,2082"/>
                    <TextEquiv>
                        <Unicode>be¬</Unicode>
                    </TextEquiv>
                </Word>
                <TextEquiv>
                    <Unicode>sagen muß, um dennoch tausendfach die Liebe zu be¬</Unicode>
                </TextEquiv>
            </TextLine>
            <TextLine id="tr_1_tl_46" custom="readingOrder {index:45;}">
                <Coords points="2011,2146 3121,2149 3121,2086 3026,2064 2011,2089"/>
                <Baseline points="2030,2134 2084,2137 2139,2137 2194,2137 2249,2140 2304,2140 2359,2140 2414,2140 2469,2140 2524,2140 2579,2140 2633,2140 2688,2140 2743,2140 2798,2140 2853,2143 2908,2143 2963,2143 3018,2140 3073,2140 3128,2137"/>
                <Word id="tr_1_tl_46_w1" custom="readingOrder {index:0;}">
                    <Coords points="2030,2096 2030,2156 2137,2156 2137,2096"/>
                    <TextEquiv>
                        <Unicode>Noch</Unicode>
                    </TextEquiv>
                </Word>
                <Word id="tr_1_tl_46_w2" custom="readingOrder {index:1;}">
                    <Coords points="2158,2097 2158,2157 2265,2157 2265,2097"/>
                    <TextEquiv>
                        <Unicode>etwas</Unicode>
                    </TextEquiv>
                </Word>
                <Word id="tr_1_tl_46_w3" custom="readingOrder {index:2;}">
                    <Coords points="2295,2100 2295,2160 2422,2160 2422,2100"/>
                    <TextEquiv>
                        <Unicode>andres</Unicode>
                    </TextEquiv>
                </Word>
                <Word id="tr_1_tl_46_w4" custom="readingOrder {index:3;}">
                    <Coords points="2453,2100 2453,2160 2550,2160 2550,2100"/>
                    <TextEquiv>
                        <Unicode>fließt</Unicode>
                    </TextEquiv>
                </Word>
                <Word id="tr_1_tl_46_w5" custom="readingOrder {index:4;}">
                    <Coords points="2580,2100 2580,2160 2785,2160 2785,2100"/>
                    <TextEquiv>
                        <Unicode>ungreifbar</Unicode>
                    </TextEquiv>
                </Word>
                <Word id="tr_1_tl_46_w6" custom="readingOrder {index:5;}">
                    <Coords points="2816,2102 2816,2162 2854,2162 2854,2102"/>
                    <TextEquiv>
                        <Unicode>um</Unicode>
                    </TextEquiv>
                </Word>
                <Word id="tr_1_tl_46_w7" custom="readingOrder {index:6;}">
                    <Coords points="2905,2103 2905,2163 3011,2163 3011,2103"/>
                    <TextEquiv>
                        <Unicode>oles,</Unicode>
                    </TextEquiv>
                </Word>
                <Word id="tr_1_tl_46_w8" custom="readingOrder {index:7;}">
                    <Coords points="3022,2100 3022,2160 3090,2160 3090,2100"/>
                    <TextEquiv>
                        <Unicode>was</Unicode>
                    </TextEquiv>
                </Word>
                <TextEquiv>
                    <Unicode>Noch etwas andres fließt ungreifbar um oles, was</Unicode>
                </TextEquiv>
            </TextLine>
            <TextLine id="tr_1_tl_47" custom="readingOrder {index:46;}">
                <Coords points="247,2174 272,2170 308,2195 336,2195 364,2170 431,2170 456,2192 498,2170 686,2181 686,2125 590,2142 520,2117 474,2135 460,2121 431,2142 308,2117 247,2135"/>
                <Baseline points="268,2164 294,2164 321,2164 347,2164 374,2164 400,2165 427,2167 453,2167 480,2167 506,2167 533,2167 559,2167 586,2167 612,2166 639,2165 665,2163 692,2161"/>
                <Word id="tr_1_tl_47_w1" custom="readingOrder {index:0;}">
                    <Coords points="265,2124 265,2184 398,2184 398,2124"/>
                    <TextEquiv>
                        <Unicode>töricht</Unicode>
                    </TextEquiv>
                </Word>
                <Word id="tr_1_tl_47_w2" custom="readingOrder {index:1;}">
                    <Coords points="448,2127 448,2187 589,2187 589,2127"/>
                    <TextEquiv>
                        <Unicode>daran,</Unicode>
                    </TextEquiv>
                </Word>
                <Word id="tr_1_tl_47_w3" custom="readingOrder {index:2;}">
                    <Coords points="632,2123 632,2183 687,2183 687,2123"/>
                    <TextEquiv>
                        <Unicode>als</Unicode>
                    </TextEquiv>
                </Word>
                <TextEquiv>
                    <Unicode>töricht daran, als</Unicode>
                </TextEquiv>
            </TextLine>
            <TextLine id="tr_1_tl_48" custom="readingOrder {index:47;}">
                <Coords points="711,2199 838,2167 1619,2174 1619,2128 1584,2125 711,2125"/>
                <Baseline points="731,2161 775,2164 820,2164 865,2164 910,2167 955,2164 999,2167 1044,2164 1089,2164 1134,2164 1179,2164 1223,2167 1268,2167 1313,2167 1358,2167 1403,2167 1447,2170 1492,2167 1537,2167 1582,2170 1627,2170"/>
                <Word id="tr_1_tl_48_w1" custom="readingOrder {index:0;}">
                    <Coords points="720,2124 720,2184 898,2184 898,2124"/>
                    <TextEquiv>
                        <Unicode>wahren.</Unicode>
                    </TextEquiv>
                </Word>
                <Word id="tr_1_tl_48_w2" custom="readingOrder {index:1;}">
                    <Coords points="943,2126 943,2186 1057,2186 1057,2126"/>
                    <TextEquiv>
                        <Unicode>Trotz</Unicode>
                    </TextEquiv>
                </Word>
                <Word id="tr_1_tl_48_w3" custom="readingOrder {index:2;}">
                    <Coords points="1077,2124 1077,2184 1244,2184 1244,2124"/>
                    <TextEquiv>
                        <Unicode>Abschied</Unicode>
                    </TextEquiv>
                </Word>
                <Word id="tr_1_tl_48_w4" custom="readingOrder {index:3;}">
                    <Coords points="1276,2127 1276,2187 1346,2187 1346,2127"/>
                    <TextEquiv>
                        <Unicode>und</Unicode>
                    </TextEquiv>
                </Word>
                <Word id="tr_1_tl_48_w5" custom="readingOrder {index:4;}">
                    <Coords points="1379,2127 1379,2187 1621,2187 1621,2127"/>
                    <TextEquiv>
                        <Unicode>Einsamkeit.</Unicode>
                    </TextEquiv>
                </Word>
                <TextEquiv>
                    <Unicode>wahren. Trotz Abschied und Einsamkeit.</Unicode>
                </TextEquiv>
            </TextLine>
            <TextLine id="tr_1_tl_49" custom="readingOrder {index:48;}">
                <Coords points="1920,2195 3104,2195 3104,2149 3015,2139 2538,2163 1920,2125"/>
                <Baseline points="1940,2179 1998,2183 2057,2185 2115,2188 2174,2187 2233,2185 2291,2188 2350,2185 2409,2187 2467,2187 2526,2188 2585,2188 2643,2188 2702,2191 2761,2191 2819,2189 2878,2191 2937,2191 2995,2191 3054,2191 3113,2191"/>
                <Word id="tr_1_tl_49_w1" custom="readingOrder {index:0;}">
                    <Coords points="1930,2144 1930,2204 2130,2204 2130,2144"/>
                    <TextEquiv>
                        <Unicode>Schnitzler</Unicode>
                    </TextEquiv>
                </Word>
                <Word id="tr_1_tl_49_w2" custom="readingOrder {index:1;}">
                    <Coords points="2179,2147 2179,2207 2399,2207 2399,2147"/>
                    <TextEquiv>
                        <Unicode>geschaffen:</Unicode>
                    </TextEquiv>
                </Word>
                <Word id="tr_1_tl_49_w3" custom="readingOrder {index:2;}">
                    <Coords points="2442,2147 2442,2207 2517,2207 2517,2147"/>
                    <TextEquiv>
                        <Unicode>eine</Unicode>
                    </TextEquiv>
                </Word>
                <Word id="tr_1_tl_49_w4" custom="readingOrder {index:3;}">
                    <Coords points="2566,2149 2566,2209 2794,2209 2794,2149"/>
                    <TextEquiv>
                        <Unicode>wunderbar</Unicode>
                    </TextEquiv>
                </Word>
                <Word id="tr_1_tl_49_w5" custom="readingOrder {index:4;}">
                    <Coords points="2843,2151 2843,2211 3105,2211 3105,2151"/>
                    <TextEquiv>
                        <Unicode>ungeklnstelte</Unicode>
                    </TextEquiv>
                </Word>
                <TextEquiv>
                    <Unicode>Schnitzler geschaffen: eine wunderbar ungeklnstelte</Unicode>
                </TextEquiv>
            </TextLine>
            <TextLine id="tr_1_tl_50" custom="readingOrder {index:49;}">
                <Coords points="810,2224 1888,2231 1866,2142 1435,2192 810,2178"/>
                <Baseline points="829,2209 882,2209 935,2209 988,2209 1042,2211 1095,2212 1148,2212 1202,2215 1255,2215 1308,2215 1362,2215 1415,2218 1468,2215 1521,2215 1575,2215 1628,2213 1681,2215 1735,2215 1788,2216 1841,2216 1895,2215"/>
                <Word id="tr_1_tl_50_w1" custom="readingOrder {index:0;}">
                    <Coords points="820,2169 820,2229 874,2229 874,2169"/>
                    <TextEquiv>
                        <Unicode>Es</Unicode>
                    </TextEquiv>
                </Word>
                <Word id="tr_1_tl_50_w2" custom="readingOrder {index:1;}">
                    <Coords points="909,2169 909,2229 991,2229 991,2169"/>
                    <TextEquiv>
                        <Unicode>gibt</Unicode>
                    </TextEquiv>
                </Word>
                <Word id="tr_1_tl_50_w3" custom="readingOrder {index:2;}">
                    <Coords points="1019,2171 1019,2231 1107,2231 1107,2171"/>
                    <TextEquiv>
                        <Unicode>keine</Unicode>
                    </TextEquiv>
                </Word>
                <Word id="tr_1_tl_50_w4" custom="readingOrder {index:3;}">
                    <Coords points="1136,2175 1136,2235 1416,2235 1416,2175"/>
                    <TextEquiv>
                        <Unicode>Vereinigung,</Unicode>
                    </TextEquiv>
                </Word>
                <Word id="tr_1_tl_50_w5" custom="readingOrder {index:4;}">
                    <Coords points="1451,2175 1451,2235 1539,2235 1539,2175"/>
                    <TextEquiv>
                        <Unicode>keine</Unicode>
                    </TextEquiv>
                </Word>
                <Word id="tr_1_tl_50_w6" custom="readingOrder {index:5;}">
                    <Coords points="1574,2175 1574,2235 1862,2235 1862,2175"/>
                    <TextEquiv>
                        <Unicode>Verschmelzung</Unicode>
                    </TextEquiv>
                </Word>
                <TextEquiv>
                    <Unicode>Es gibt keine Vereinigung, keine Verschmelzung</Unicode>
                </TextEquiv>
            </TextLine>
            <TextLine id="tr_1_tl_51" custom="readingOrder {index:50;}">
                <Coords points="325,2224 382,2224 424,2241 456,2216 481,2216 491,2227 559,2227 597,2248 629,2227 693,2227 693,2181 636,2178 622,2163 583,2181 491,2174 474,2192 452,2192 431,2170 414,2181 361,2170 325,2188"/>
                <Baseline points="346,2215 371,2215 396,2215 421,2215 446,2215 471,2215 496,2216 522,2218 547,2217 572,2215 597,2215 622,2215 647,2213 672,2213 698,2215"/>
                <Word id="tr_1_tl_51_w1" custom="readingOrder {index:0;}">
                    <Coords points="349,2175 349,2235 410,2235 410,2175"/>
                    <TextEquiv>
                        <Unicode>die</Unicode>
                    </TextEquiv>
                </Word>
                <Word id="tr_1_tl_51_w2" custom="readingOrder {index:1;}">
                    <Coords points="481,2175 481,2235 687,2235 687,2175"/>
                    <TextEquiv>
                        <Unicode>furchtbare</Unicode>
                    </TextEquiv>
                </Word>
                <TextEquiv>
                    <Unicode>die furchtbare</Unicode>
                </TextEquiv>
            </TextLine>
            <TextLine id="tr_1_tl_52" custom="readingOrder {index:51;}">
                <Coords points="1920,2234 3107,2248 3086,2195 1920,2192"/>
                <Baseline points="1940,2230 1998,2233 2057,2233 2116,2233 2175,2233 2234,2235 2292,2236 2351,2236 2410,2236 2469,2236 2528,2236 2586,2237 2645,2237 2704,2236 2763,2238 2822,2238 2880,2239 2939,2240 2998,2240 3057,2239 3116,2239"/>
                <Word id="tr_1_tl_52_w1" custom="readingOrder {index:0;}">
                    <Coords points="1929,2193 1929,2253 2163,2253 2163,2193"/>
                    <TextEquiv>
                        <Unicode>Einfachheit</Unicode>
                    </TextEquiv>
                </Word>
                <Word id="tr_1_tl_52_w2" custom="readingOrder {index:1;}">
                    <Coords points="2190,2194 2190,2254 2254,2254 2254,2194"/>
                    <TextEquiv>
                        <Unicode>und</Unicode>
                    </TextEquiv>
                </Word>
                <Word id="tr_1_tl_52_w3" custom="readingOrder {index:2;}">
                    <Coords points="2287,2196 2287,2256 2431,2256 2431,2196"/>
                    <TextEquiv>
                        <Unicode>zugleich</Unicode>
                    </TextEquiv>
                </Word>
                <Word id="tr_1_tl_52_w4" custom="readingOrder {index:3;}">
                    <Coords points="2464,2196 2464,2256 2672,2256 2672,2196"/>
                    <TextEquiv>
                        <Unicode>unendliche</Unicode>
                    </TextEquiv>
                </Word>
                <Word id="tr_1_tl_52_w5" custom="readingOrder {index:4;}">
                    <Coords points="2699,2198 2699,2258 2985,2258 2985,2198"/>
                    <TextEquiv>
                        <Unicode>Verfeinerung,</Unicode>
                    </TextEquiv>
                </Word>
                <Word id="tr_1_tl_52_w6" custom="readingOrder {index:5;}">
                    <Coords points="3005,2199 3005,2259 3102,2259 3102,2199"/>
                    <TextEquiv>
                        <Unicode>Tiefe</Unicode>
                    </TextEquiv>
                </Word>
                <TextEquiv>
                    <Unicode>Einfachheit und zugleich unendliche Verfeinerung, Tiefe</Unicode>
                </TextEquiv>
            </TextLine>
            <TextLine id="tr_1_tl_53" custom="readingOrder {index:52;}">
                <Coords points="718,2262 1898,2269 1898,2231 1831,2224 718,2206"/>
                <Baseline points="737,2254 795,2257 854,2257 912,2257 971,2259 1029,2257 1088,2257 1146,2257 1205,2258 1263,2260 1322,2260 1380,2260 1439,2260 1497,2260 1556,2261 1614,2262 1673,2262 1731,2262 1790,2262 1848,2262 1907,2262"/>
                <Word id="tr_1_tl_53_w1" custom="readingOrder {index:0;}">
                    <Coords points="725,2214 725,2274 754,2274 754,2214"/>
                    <TextEquiv>
                        <Unicode>in</Unicode>
                    </TextEquiv>
                </Word>
                <Word id="tr_1_tl_53_w2" custom="readingOrder {index:1;}">
                    <Coords points="796,2217 796,2277 890,2277 890,2217"/>
                    <TextEquiv>
                        <Unicode>jeder</Unicode>
                    </TextEquiv>
                </Word>
                <Word id="tr_1_tl_53_w3" custom="readingOrder {index:2;}">
                    <Coords points="926,2217 926,2277 1156,2277 1156,2217"/>
                    <TextEquiv>
                        <Unicode>Umarmung</Unicode>
                    </TextEquiv>
                </Word>
                <Word id="tr_1_tl_53_w4" custom="readingOrder {index:3;}">
                    <Coords points="1198,2219 1198,2279 1310,2279 1310,2219"/>
                    <TextEquiv>
                        <Unicode>bleibt</Unicode>
                    </TextEquiv>
                </Word>
                <Word id="tr_1_tl_53_w5" custom="readingOrder {index:4;}">
                    <Coords points="1340,2220 1340,2280 1428,2280 1428,2220"/>
                    <TextEquiv>
                        <Unicode>jedes</Unicode>
                    </TextEquiv>
                </Word>
                <Word id="tr_1_tl_53_w6" custom="readingOrder {index:5;}">
                    <Coords points="1464,2220 1464,2280 1599,2280 1599,2220"/>
                    <TextEquiv>
                        <Unicode>allein,</Unicode>
                    </TextEquiv>
                </Word>
                <Word id="tr_1_tl_53_w7" custom="readingOrder {index:6;}">
                    <Coords points="1624,2222 1624,2282 1711,2282 1711,2222"/>
                    <TextEquiv>
                        <Unicode>jedes</Unicode>
                    </TextEquiv>
                </Word>
                <Word id="tr_1_tl_53_w8" custom="readingOrder {index:7;}">
                    <Coords points="1753,2222 1753,2282 1900,2282 1900,2222"/>
                    <TextEquiv>
                        <Unicode>einsam.</Unicode>
                    </TextEquiv>
                </Word>
                <TextEquiv>
                    <Unicode>in jeder Umarmung bleibt jedes allein, jedes einsam.</Unicode>
                </TextEquiv>
            </TextLine>
            <TextLine id="tr_1_tl_54" custom="readingOrder {index:53;}">
                <Coords points="428,2262 452,2262 463,2269 484,2266 495,2273 516,2269 544,2277 573,2266 601,2266 601,2238 576,2238 551,2224 491,2224 484,2216 452,2216 445,2224 428,2224"/>
                <Baseline points="447,2262 474,2262 501,2264 528,2265 555,2265 582,2263 609,2260"/>
                <Word id="tr_1_tl_54_w1" custom="readingOrder {index:0;}">
                    <Coords points="442,2223 442,2283 547,2283 547,2223"/>
                    <TextEquiv>
                        <Unicode>Aber</Unicode>
                    </TextEquiv>
                </Word>
                <TextEquiv>
                    <Unicode>Aber</Unicode>
                </TextEquiv>
            </TextLine>
            <TextLine id="tr_1_tl_55" custom="readingOrder {index:54;}">
                <Coords points="216,2266 258,2277 279,2277 293,2269 304,2277 329,2280 389,2269 385,2224 354,2231 336,2227 315,2209 300,2209 283,2227 240,2227 230,2216 212,2216"/>
                <Baseline points="235,2262 261,2264 288,2265 314,2265 341,2266 367,2268 394,2268"/>
                <Word id="tr_1_tl_55_w1" custom="readingOrder {index:0;}">
                    <Coords points="216,2225 216,2285 382,2285 382,2225"/>
                    <TextEquiv>
                        <Unicode>nachen.</Unicode>
                    </TextEquiv>
                </Word>
                <TextEquiv>
                    <Unicode>nachen.</Unicode>
                </TextEquiv>
            </TextLine>
            <TextLine id="tr_1_tl_56" custom="readingOrder {index:55;}">
                <Coords points="1923,2284 3104,2298 3104,2245 3037,2241 1923,2238"/>
                <Baseline points="1943,2277 2001,2279 2060,2279 2118,2280 2177,2282 2235,2280 2294,2280 2352,2280 2411,2283 2469,2281 2528,2283 2586,2283 2645,2283 2703,2286 2762,2284 2820,2286 2879,2286 2937,2284 2996,2286 3054,2286 3113,2286"/>
                <Word id="tr_1_tl_56_w1" custom="readingOrder {index:0;}">
                    <Coords points="1937,2237 1937,2297 2004,2297 2004,2237"/>
                    <TextEquiv>
                        <Unicode>und</Unicode>
                    </TextEquiv>
                </Word>
                <Word id="tr_1_tl_56_w2" custom="readingOrder {index:1;}">
                    <Coords points="2041,2239 2041,2299 2169,2299 2169,2239"/>
                    <TextEquiv>
                        <Unicode>wieder</Unicode>
                    </TextEquiv>
                </Word>
                <Word id="tr_1_tl_56_w3" custom="readingOrder {index:2;}">
                    <Coords points="2207,2240 2207,2300 2463,2300 2463,2240"/>
                    <TextEquiv>
                        <Unicode>unbeschwerte</Unicode>
                    </TextEquiv>
                </Word>
                <Word id="tr_1_tl_56_w4" custom="readingOrder {index:3;}">
                    <Coords points="2495,2243 2495,2303 2653,2303 2653,2243"/>
                    <TextEquiv>
                        <Unicode>Grazie,</Unicode>
                    </TextEquiv>
                </Word>
                <Word id="tr_1_tl_56_w5" custom="readingOrder {index:4;}">
                    <Coords points="2672,2244 2672,2304 2904,2304 2904,2244"/>
                    <TextEquiv>
                        <Unicode>behutsames</Unicode>
                    </TextEquiv>
                </Word>
                <Word id="tr_1_tl_56_w6" custom="readingOrder {index:5;}">
                    <Coords points="2936,2246 2936,2306 3100,2306 3100,2246"/>
                    <TextEquiv>
                        <Unicode>Mitleid,</Unicode>
                    </TextEquiv>
                </Word>
                <TextEquiv>
                    <Unicode>und wieder unbeschwerte Grazie, behutsames Mitleid,</Unicode>
                </TextEquiv>
            </TextLine>
            <TextLine id="tr_1_tl_57" custom="readingOrder {index:56;}">
                <Coords points="223,2322 696,2322 696,2277 636,2280 601,2248 548,2280 431,2252 378,2277 223,2269"/>
                <Baseline points="241,2310 266,2310 292,2310 317,2310 343,2310 368,2310 394,2310 419,2310 445,2310 471,2310 496,2310 522,2311 547,2312 573,2312 598,2310 624,2308 649,2307 675,2309 701,2310"/>
                <Word id="tr_1_tl_57_w1" custom="readingOrder {index:0;}">
                    <Coords points="226,2270 226,2330 415,2330 415,2270"/>
                    <TextEquiv>
                        <Unicode>verwachte</Unicode>
                    </TextEquiv>
                </Word>
                <Word id="tr_1_tl_57_w2" custom="readingOrder {index:1;}">
                    <Coords points="449,2272 449,2332 678,2332 678,2272"/>
                    <TextEquiv>
                        <Unicode>Bewußtsein</Unicode>
                    </TextEquiv>
                </Word>
                <TextEquiv>
                    <Unicode>verwachte Bewußtsein</Unicode>
                </TextEquiv>
            </TextLine>
            <TextLine id="tr_1_tl_58" custom="readingOrder {index:57;}">
                <Coords points="714,2305 2786,2368 2888,2330 3100,2344 3100,2294 711,2259"/>
                <Baseline points="734,2301 852,2304 971,2301 1090,2304 1209,2306 1328,2306 1446,2307 1565,2307 1684,2308 1803,2310 1922,2316 2040,2328 2159,2328 2278,2330 2397,2331 2516,2331 2634,2334 2753,2334 2872,2333 2991,2334 3110,2334"/>
                <Word id="tr_1_tl_58_w1" custom="readingOrder {index:0;}">
                    <Coords points="724,2261 724,2321 795,2321 795,2261"/>
                    <TextEquiv>
                        <Unicode>Ein</Unicode>
                    </TextEquiv>
                </Word>
                <Word id="tr_1_tl_58_w2" custom="readingOrder {index:1;}">
                    <Coords points="828,2263 828,2323 955,2323 955,2263"/>
                    <TextEquiv>
                        <Unicode>ewiges</Unicode>
                    </TextEquiv>
                </Word>
                <Word id="tr_1_tl_58_w3" custom="readingOrder {index:2;}">
                    <Coords points="988,2264 988,2324 1203,2324 1203,2264"/>
                    <TextEquiv>
                        <Unicode>Geheimnis</Unicode>
                    </TextEquiv>
                </Word>
                <Word id="tr_1_tl_58_w4" custom="readingOrder {index:3;}">
                    <Coords points="1228,2266 1228,2326 1267,2326 1267,2266"/>
                    <TextEquiv>
                        <Unicode>ist</Unicode>
                    </TextEquiv>
                </Word>
                <Word id="tr_1_tl_58_w5" custom="readingOrder {index:4;}">
                    <Coords points="1292,2266 1292,2326 1315,2326 1315,2266"/>
                    <TextEquiv>
                        <Unicode>in</Unicode>
                    </TextEquiv>
                </Word>
                <Word id="tr_1_tl_58_w6" custom="readingOrder {index:5;}">
                    <Coords points="1356,2266 1356,2326 1443,2326 1443,2266"/>
                    <TextEquiv>
                        <Unicode>jedem</Unicode>
                    </TextEquiv>
                </Word>
                <Word id="tr_1_tl_58_w7" custom="readingOrder {index:6;}">
                    <Coords points="1492,2267 1492,2327 1700,2327 1700,2267"/>
                    <TextEquiv>
                        <Unicode>Menschen,</Unicode>
                    </TextEquiv>
                </Word>
                <Word id="tr_1_tl_58_w8" custom="readingOrder {index:7;}">
                    <Coords points="1717,2269 1717,2329 1788,2329 1788,2269"/>
                    <TextEquiv>
                        <Unicode>und</Unicode>
                    </TextEquiv>
                </Word>
                <Word id="tr_1_tl_58_w9" custom="readingOrder {index:8;}">
                    <Coords points="1821,2272 1821,2332 1892,2332 1892,2272"/>
                    <TextEquiv>
                        <Unicode>doch</Unicode>
                    </TextEquiv>
                </Word>
                <Word id="tr_1_tl_58_w10" custom="readingOrder {index:9;}">
                    <Coords points="1932,2286 1932,2346 2123,2346 2123,2286"/>
                    <TextEquiv>
                        <Unicode>bitterfüße</Unicode>
                    </TextEquiv>
                </Word>
                <Word id="tr_1_tl_58_w11" custom="readingOrder {index:10;}">
                    <Coords points="2156,2290 2156,2350 2476,2350 2476,2290"/>
                    <TextEquiv>
                        <Unicode>Nachdenklichkeit</Unicode>
                    </TextEquiv>
                </Word>
                <Word id="tr_1_tl_58_w12" custom="readingOrder {index:11;}">
                    <Coords points="2501,2291 2501,2351 2564,2351 2564,2291"/>
                    <TextEquiv>
                        <Unicode>und</Unicode>
                    </TextEquiv>
                </Word>
                <Word id="tr_1_tl_58_w13" custom="readingOrder {index:12;}">
                    <Coords points="2597,2294 2597,2354 2676,2354 2676,2294"/>
                    <TextEquiv>
                        <Unicode>eine</Unicode>
                    </TextEquiv>
                </Word>
                <Word id="tr_1_tl_58_w14" custom="readingOrder {index:13;}">
                    <Coords points="2701,2293 2701,2353 2876,2353 2876,2293"/>
                    <TextEquiv>
                        <Unicode>köstliche,</Unicode>
                    </TextEquiv>
                </Word>
                <Word id="tr_1_tl_58_w15" custom="readingOrder {index:14;}">
                    <Coords points="2917,2293 2917,2353 2948,2353 2948,2293"/>
                    <TextEquiv>
                        <Unicode>in</Unicode>
                    </TextEquiv>
                </Word>
                <Word id="tr_1_tl_58_w16" custom="readingOrder {index:15;}">
                    <Coords points="2997,2294 2997,2354 3084,2354 3084,2294"/>
                    <TextEquiv>
                        <Unicode>allen</Unicode>
                    </TextEquiv>
                </Word>
                <TextEquiv>
                    <Unicode>Ein ewiges Geheimnis ist in jedem Menschen, und doch bitterfüße Nachdenklichkeit und eine köstliche, in allen</Unicode>
                </TextEquiv>
            </TextLine>
            <TextLine id="tr_1_tl_59" custom="readingOrder {index:58;}">
                <Coords points="714,2354 1393,2393 1446,2361 1888,2372 1888,2315 714,2305"/>
                <Baseline points="734,2349 792,2351 850,2349 908,2349 966,2349 1025,2349 1083,2351 1141,2352 1199,2352 1257,2354 1316,2355 1374,2355 1432,2355 1490,2355 1548,2356 1607,2357 1665,2355 1723,2358 1781,2358 1839,2358 1898,2355"/>
                <Word id="tr_1_tl_59_w1" custom="readingOrder {index:0;}">
                    <Coords points="723,2310 723,2370 824,2370 824,2310"/>
                    <TextEquiv>
                        <Unicode>leben</Unicode>
                    </TextEquiv>
                </Word>
                <Word id="tr_1_tl_59_w2" custom="readingOrder {index:1;}">
                    <Coords points="863,2309 863,2369 926,2369 926,2309"/>
                    <TextEquiv>
                        <Unicode>wir</Unicode>
                    </TextEquiv>
                </Word>
                <Word id="tr_1_tl_59_w3" custom="readingOrder {index:2;}">
                    <Coords points="959,2309 959,2369 1028,2369 1028,2309"/>
                    <TextEquiv>
                        <Unicode>nur</Unicode>
                    </TextEquiv>
                </Word>
                <Word id="tr_1_tl_59_w4" custom="readingOrder {index:3;}">
                    <Coords points="1061,2311 1061,2371 1206,2371 1206,2311"/>
                    <TextEquiv>
                        <Unicode>wirklich</Unicode>
                    </TextEquiv>
                </Word>
                <Word id="tr_1_tl_59_w5" custom="readingOrder {index:4;}">
                    <Coords points="1246,2314 1246,2374 1270,2374 1270,2314"/>
                    <TextEquiv>
                        <Unicode>in</Unicode>
                    </TextEquiv>
                </Word>
                <Word id="tr_1_tl_59_w6" custom="readingOrder {index:5;}">
                    <Coords points="1310,2315 1310,2375 1405,2375 1405,2315"/>
                    <TextEquiv>
                        <Unicode>jenen</Unicode>
                    </TextEquiv>
                </Word>
                <Word id="tr_1_tl_59_w7" custom="readingOrder {index:6;}">
                    <Coords points="1444,2316 1444,2376 1730,2376 1730,2316"/>
                    <TextEquiv>
                        <Unicode>Augenblicken,</Unicode>
                    </TextEquiv>
                </Word>
                <Word id="tr_1_tl_59_w8" custom="readingOrder {index:7;}">
                    <Coords points="1750,2318 1750,2378 1788,2378 1788,2318"/>
                    <TextEquiv>
                        <Unicode>da</Unicode>
                    </TextEquiv>
                </Word>
                <Word id="tr_1_tl_59_w9" custom="readingOrder {index:8;}">
                    <Coords points="1827,2317 1827,2377 1890,2377 1890,2317"/>
                    <TextEquiv>
                        <Unicode>wi¬</Unicode>
                    </TextEquiv>
                </Word>
                <TextEquiv>
                    <Unicode>leben wir nur wirklich in jenen Augenblicken, da wi¬</Unicode>
                </TextEquiv>
            </TextLine>
            <TextLine id="tr_1_tl_60" custom="readingOrder {index:59;}">
                <Coords points="219,2368 693,2365 693,2322 498,2326 438,2308 389,2333 329,2315 219,2322"/>
                <Baseline points="238,2358 263,2358 289,2358 315,2358 340,2358 366,2358 392,2358 418,2358 443,2358 469,2358 495,2358 520,2358 546,2358 572,2359 598,2361 623,2359 649,2358 675,2358 701,2358"/>
                <Word id="tr_1_tl_60_w1" custom="readingOrder {index:0;}">
                    <Coords points="221,2318 221,2378 278,2378 278,2318"/>
                    <TextEquiv>
                        <Unicode>if,</Unicode>
                    </TextEquiv>
                </Word>
                <Word id="tr_1_tl_60_w2" custom="readingOrder {index:1;}">
                    <Coords points="292,2318 292,2378 342,2378 342,2318"/>
                    <TextEquiv>
                        <Unicode>die</Unicode>
                    </TextEquiv>
                </Word>
                <Word id="tr_1_tl_60_w3" custom="readingOrder {index:2;}">
                    <Coords points="369,2318 369,2378 509,2378 509,2318"/>
                    <TextEquiv>
                        <Unicode>Wände</Unicode>
                    </TextEquiv>
                </Word>
                <Word id="tr_1_tl_60_w4" custom="readingOrder {index:3;}">
                    <Coords points="535,2320 535,2380 675,2380 675,2320"/>
                    <TextEquiv>
                        <Unicode>scheinen</Unicode>
                    </TextEquiv>
                </Word>
                <TextEquiv>
                    <Unicode>if, die Wände scheinen</Unicode>
                </TextEquiv>
            </TextLine>
            <TextLine id="tr_1_tl_61" custom="readingOrder {index:60;}">
                <Coords points="1916,2386 3104,2386 3104,2344 2973,2333 1916,2333"/>
                <Baseline points="1937,2376 1995,2376 2054,2376 2113,2376 2172,2375 2231,2376 2289,2379 2348,2378 2407,2377 2466,2379 2525,2379 2583,2380 2642,2382 2701,2382 2760,2381 2819,2381 2877,2385 2936,2382 2995,2382 3054,2382 3113,2382"/>
                <Word id="tr_1_tl_61_w1" custom="readingOrder {index:0;}">
                    <Coords points="1924,2336 1924,2396 2099,2396 2099,2336"/>
                    <TextEquiv>
                        <Unicode>Nuancen</Unicode>
                    </TextEquiv>
                </Word>
                <Word id="tr_1_tl_61_w2" custom="readingOrder {index:1;}">
                    <Coords points="2132,2335 2132,2395 2188,2395 2188,2335"/>
                    <TextEquiv>
                        <Unicode>des</Unicode>
                    </TextEquiv>
                </Word>
                <Word id="tr_1_tl_61_w3" custom="readingOrder {index:2;}">
                    <Coords points="2213,2338 2213,2398 2358,2398 2358,2338"/>
                    <TextEquiv>
                        <Unicode>Esprits</Unicode>
                    </TextEquiv>
                </Word>
                <Word id="tr_1_tl_61_w4" custom="readingOrder {index:3;}">
                    <Coords points="2383,2339 2383,2399 2584,2399 2584,2339"/>
                    <TextEquiv>
                        <Unicode>schillernde</Unicode>
                    </TextEquiv>
                </Word>
                <Word id="tr_1_tl_61_w5" custom="readingOrder {index:4;}">
                    <Coords points="2610,2342 2610,2402 2766,2402 2766,2342"/>
                    <TextEquiv>
                        <Unicode>Ironie,</Unicode>
                    </TextEquiv>
                </Word>
                <Word id="tr_1_tl_61_w6" custom="readingOrder {index:5;}">
                    <Coords points="2805,2341 2805,2401 2854,2401 2854,2341"/>
                    <TextEquiv>
                        <Unicode>ein</Unicode>
                    </TextEquiv>
                </Word>
                <Word id="tr_1_tl_61_w7" custom="readingOrder {index:6;}">
                    <Coords points="2905,2342 2905,2402 3099,2402 3099,2342"/>
                    <TextEquiv>
                        <Unicode>vornehm¬</Unicode>
                    </TextEquiv>
                </Word>
                <TextEquiv>
                    <Unicode>Nuancen des Esprits schillernde Ironie, ein vornehm¬</Unicode>
                </TextEquiv>
            </TextLine>
            <TextLine id="tr_1_tl_62" custom="readingOrder {index:61;}">
                <Coords points="711,2425 778,2407 802,2432 834,2418 873,2436 972,2411 1060,2436 1106,2414 1131,2429 1152,2411 1241,2418 1241,2361 711,2358"/>
                <Baseline points="731,2397 758,2397 785,2397 812,2397 840,2397 867,2397 894,2397 922,2398 949,2400 976,2400 1004,2400 1031,2400 1058,2400 1086,2400 1113,2400 1140,2400 1168,2400 1195,2400 1222,2400 1250,2400"/>
                <Word id="tr_1_tl_62_w1" custom="readingOrder {index:0;}">
                    <Coords points="722,2357 722,2417 904,2417 904,2357"/>
                    <TextEquiv>
                        <Unicode>imstande</Unicode>
                    </TextEquiv>
                </Word>
                <Word id="tr_1_tl_62_w2" custom="readingOrder {index:1;}">
                    <Coords points="926,2360 926,2420 1016,2420 1016,2360"/>
                    <TextEquiv>
                        <Unicode>sind,</Unicode>
                    </TextEquiv>
                </Word>
                <Word id="tr_1_tl_62_w3" custom="readingOrder {index:2;}">
                    <Coords points="1038,2360 1038,2420 1073,2420 1073,2360"/>
                    <TextEquiv>
                        <Unicode>zu</Unicode>
                    </TextEquiv>
                </Word>
                <Word id="tr_1_tl_62_w4" custom="readingOrder {index:3;}">
                    <Coords points="1102,2360 1102,2420 1235,2420 1235,2360"/>
                    <TextEquiv>
                        <Unicode>lieben.</Unicode>
                    </TextEquiv>
                </Word>
                <TextEquiv>
                    <Unicode>imstande sind, zu lieben.</Unicode>
                </TextEquiv>
            </TextLine>
            <TextLine id="tr_1_tl_63" custom="readingOrder {index:62;}">
                <Coords points="216,2414 689,2418 689,2365 665,2361 216,2368"/>
                <Baseline points="235,2406 260,2406 286,2406 312,2404 337,2404 363,2406 389,2406 415,2406 440,2406 466,2406 492,2408 517,2408 543,2406 569,2406 595,2406 620,2404 646,2404 672,2405 698,2406"/>
                <Word id="tr_1_tl_63_w1" custom="readingOrder {index:0;}">
                    <Coords points="225,2366 225,2426 301,2426 301,2366"/>
                    <TextEquiv>
                        <Unicode>und</Unicode>
                    </TextEquiv>
                </Word>
                <Word id="tr_1_tl_63_w2" custom="readingOrder {index:1;}">
                    <Coords points="334,2366 334,2426 416,2426 416,2366"/>
                    <TextEquiv>
                        <Unicode>über</Unicode>
                    </TextEquiv>
                </Word>
                <Word id="tr_1_tl_63_w3" custom="readingOrder {index:2;}">
                    <Coords points="449,2366 449,2426 499,2426 499,2366"/>
                    <TextEquiv>
                        <Unicode>die</Unicode>
                    </TextEquiv>
                </Word>
                <Word id="tr_1_tl_63_w4" custom="readingOrder {index:3;}">
                    <Coords points="526,2365 526,2425 685,2425 685,2365"/>
                    <TextEquiv>
                        <Unicode>trostlofe</Unicode>
                    </TextEquiv>
                </Word>
                <TextEquiv>
                    <Unicode>und über die trostlofe</Unicode>
                </TextEquiv>
            </TextLine>
            <TextLine id="tr_1_tl_64" custom="readingOrder {index:63;}">
                <Coords points="1923,2429 3121,2453 3121,2390 3058,2386 1923,2386"/>
                <Baseline points="1943,2424 2002,2425 2061,2427 2120,2424 2179,2427 2238,2427 2297,2427 2356,2428 2415,2430 2474,2430 2534,2430 2593,2430 2652,2432 2711,2430 2770,2430 2829,2432 2888,2430 2947,2431 3006,2431 3065,2430 3125,2430"/>
                <Word id="tr_1_tl_64_w1" custom="readingOrder {index:0;}">
                    <Coords points="1932,2385 1932,2445 2084,2445 2084,2385"/>
                    <TextEquiv>
                        <Unicode>ruhiger</Unicode>
                    </TextEquiv>
                </Word>
                <Word id="tr_1_tl_64_w2" custom="readingOrder {index:1;}">
                    <Coords points="2110,2387 2110,2447 2472,2447 2472,2387"/>
                    <TextEquiv>
                        <Unicode>grandseigneuraler</Unicode>
                    </TextEquiv>
                </Word>
                <Word id="tr_1_tl_64_w3" custom="readingOrder {index:2;}">
                    <Coords points="2492,2390 2492,2450 2664,2450 2664,2390"/>
                    <TextEquiv>
                        <Unicode>Reichtum</Unicode>
                    </TextEquiv>
                </Word>
                <Word id="tr_1_tl_64_w4" custom="readingOrder {index:3;}">
                    <Coords points="2709,2390 2709,2450 2760,2450 2760,2390"/>
                    <TextEquiv>
                        <Unicode>des</Unicode>
                    </TextEquiv>
                </Word>
                <Word id="tr_1_tl_64_w5" custom="readingOrder {index:4;}">
                    <Coords points="2792,2391 2792,2451 2925,2451 2925,2391"/>
                    <TextEquiv>
                        <Unicode>Geistes</Unicode>
                    </TextEquiv>
                </Word>
                <Word id="tr_1_tl_64_w6" custom="readingOrder {index:5;}">
                    <Coords points="2951,2391 2951,2451 3014,2451 3014,2391"/>
                    <TextEquiv>
                        <Unicode>und</Unicode>
                    </TextEquiv>
                </Word>
                <Word id="tr_1_tl_64_w7" custom="readingOrder {index:6;}">
                    <Coords points="3041,2390 3041,2450 3097,2450 3097,2390"/>
                    <TextEquiv>
                        <Unicode>die</Unicode>
                    </TextEquiv>
                </Word>
                <TextEquiv>
                    <Unicode>ruhiger grandseigneuraler Reichtum des Geistes und die</Unicode>
                </TextEquiv>
            </TextLine>
            <TextLine id="tr_1_tl_65" custom="readingOrder {index:64;}">
                <Coords points="216,2457 262,2471 290,2457 343,2471 361,2457 693,2464 693,2414 658,2407 516,2407 502,2421 445,2407 216,2414"/>
                <Baseline points="235,2454 260,2454 286,2452 312,2452 338,2454 364,2454 390,2454 416,2452 442,2452 468,2453 493,2454 519,2454 545,2454 571,2454 597,2454 623,2454 649,2454 675,2451 701,2448"/>
                <Word id="tr_1_tl_65_w1" custom="readingOrder {index:0;}">
                    <Coords points="224,2414 224,2474 261,2474 261,2414"/>
                    <TextEquiv>
                        <Unicode>in</Unicode>
                    </TextEquiv>
                </Word>
                <Word id="tr_1_tl_65_w2" custom="readingOrder {index:1;}">
                    <Coords points="287,2412 287,2472 343,2472 343,2412"/>
                    <TextEquiv>
                        <Unicode>die</Unicode>
                    </TextEquiv>
                </Word>
                <Word id="tr_1_tl_65_w3" custom="readingOrder {index:2;}">
                    <Coords points="369,2412 369,2472 482,2472 482,2412"/>
                    <TextEquiv>
                        <Unicode>letzten</Unicode>
                    </TextEquiv>
                </Word>
                <Word id="tr_1_tl_65_w4" custom="readingOrder {index:3;}">
                    <Coords points="514,2414 514,2474 677,2474 677,2414"/>
                    <TextEquiv>
                        <Unicode>Wurzeln</Unicode>
                    </TextEquiv>
                </Word>
                <TextEquiv>
                    <Unicode>in die letzten Wurzeln</Unicode>
                </TextEquiv>
            </TextLine>
            <TextLine id="tr_1_tl_66" custom="readingOrder {index:65;}">
                <Coords points="1920,2482 3118,2499 3118,2446 3040,2432 1920,2429"/>
                <Baseline points="1940,2471 1999,2472 2058,2474 2117,2474 2176,2474 2235,2474 2294,2477 2353,2477 2412,2477 2471,2477 2531,2477 2590,2479 2649,2478 2708,2477 2767,2479 2826,2479 2885,2480 2944,2480 3003,2480 3062,2480 3122,2483"/>
                <Word id="tr_1_tl_66_w1" custom="readingOrder {index:0;}">
                    <Coords points="1929,2433 1929,2493 2133,2493 2133,2433"/>
                    <TextEquiv>
                        <Unicode>ästhetische</Unicode>
                    </TextEquiv>
                </Word>
                <Word id="tr_1_tl_66_w2" custom="readingOrder {index:1;}">
                    <Coords points="2153,2434 2153,2494 2293,2494 2293,2434"/>
                    <TextEquiv>
                        <Unicode>Freude</Unicode>
                    </TextEquiv>
                </Word>
                <Word id="tr_1_tl_66_w3" custom="readingOrder {index:2;}">
                    <Coords points="2313,2437 2313,2497 2351,2497 2351,2437"/>
                    <TextEquiv>
                        <Unicode>an</Unicode>
                    </TextEquiv>
                </Word>
                <Word id="tr_1_tl_66_w4" custom="readingOrder {index:3;}">
                    <Coords points="2377,2437 2377,2497 2517,2497 2517,2437"/>
                    <TextEquiv>
                        <Unicode>leichten</Unicode>
                    </TextEquiv>
                </Word>
                <Word id="tr_1_tl_66_w5" custom="readingOrder {index:4;}">
                    <Coords points="2544,2438 2544,2498 2614,2498 2614,2438"/>
                    <TextEquiv>
                        <Unicode>und</Unicode>
                    </TextEquiv>
                </Word>
                <Word id="tr_1_tl_66_w6" custom="readingOrder {index:5;}">
                    <Coords points="2640,2437 2640,2497 2781,2497 2781,2437"/>
                    <TextEquiv>
                        <Unicode>schönen</Unicode>
                    </TextEquiv>
                </Word>
                <Word id="tr_1_tl_66_w7" custom="readingOrder {index:6;}">
                    <Coords points="2813,2440 2813,2500 2979,2500 2979,2440"/>
                    <TextEquiv>
                        <Unicode>Dingen:</Unicode>
                    </TextEquiv>
                </Word>
                <Word id="tr_1_tl_66_w8" custom="readingOrder {index:7;}">
                    <Coords points="2999,2440 2999,2500 3107,2500 3107,2440"/>
                    <TextEquiv>
                        <Unicode>alles,</Unicode>
                    </TextEquiv>
                </Word>
                <TextEquiv>
                    <Unicode>ästhetische Freude an leichten und schönen Dingen: alles,</Unicode>
                </TextEquiv>
            </TextLine>
            <TextLine id="tr_1_tl_67" custom="readingOrder {index:66;}">
                <Coords points="216,2517 265,2496 300,2513 442,2503 509,2510 530,2531 633,2517 689,2535 689,2464 668,2460 361,2453 343,2471 290,2457 272,2474 216,2457"/>
                <Baseline points="235,2504 260,2499 286,2501 311,2501 337,2501 362,2501 388,2501 413,2499 439,2499 465,2501 490,2501 516,2501 541,2499 567,2498 592,2500 618,2501 643,2501 669,2501 695,2501"/>
                <Word id="tr_1_tl_67_w1" custom="readingOrder {index:0;}">
                    <Coords points="220,2464 220,2524 240,2524 240,2464"/>
                    <TextEquiv>
                        <Unicode>6</Unicode>
                    </TextEquiv>
                </Word>
                <Word id="tr_1_tl_67_w2" custom="readingOrder {index:1;}">
                    <Coords points="269,2461 269,2521 317,2521 317,2461"/>
                    <TextEquiv>
                        <Unicode>an</Unicode>
                    </TextEquiv>
                </Word>
                <Word id="tr_1_tl_67_w3" custom="readingOrder {index:2;}">
                    <Coords points="360,2460 360,2520 690,2520 690,2460"/>
                    <TextEquiv>
                        <Unicode>Unwiederbring¬</Unicode>
                    </TextEquiv>
                </Word>
                <TextEquiv>
                    <Unicode>6 an Unwiederbring¬</Unicode>
                </TextEquiv>
            </TextLine>
            <TextLine id="tr_1_tl_68" custom="readingOrder {index:67;}">
                <Coords points="802,2510 1895,2524 1895,2439 1764,2421 1499,2464 1311,2425 1138,2464 802,2429"/>
                <Baseline points="823,2501 877,2504 931,2504 985,2504 1039,2504 1093,2507 1147,2504 1201,2505 1255,2507 1309,2510 1363,2510 1417,2510 1471,2510 1525,2508 1579,2510 1633,2510 1687,2510 1741,2510 1795,2510 1849,2510 1904,2513"/>
                <Word id="tr_1_tl_68_w1" custom="readingOrder {index:0;}">
                    <Coords points="822,2463 822,2523 922,2523 922,2463"/>
                    <TextEquiv>
                        <Unicode>Alles</Unicode>
                    </TextEquiv>
                </Word>
                <Word id="tr_1_tl_68_w2" custom="readingOrder {index:1;}">
                    <Coords points="946,2464 946,2524 1062,2524 1062,2464"/>
                    <TextEquiv>
                        <Unicode>andre</Unicode>
                    </TextEquiv>
                </Word>
                <Word id="tr_1_tl_68_w3" custom="readingOrder {index:2;}">
                    <Coords points="1087,2466 1087,2526 1124,2526 1124,2466"/>
                    <TextEquiv>
                        <Unicode>ist</Unicode>
                    </TextEquiv>
                </Word>
                <Word id="tr_1_tl_68_w4" custom="readingOrder {index:3;}">
                    <Coords points="1149,2466 1149,2526 1342,2526 1342,2466"/>
                    <TextEquiv>
                        <Unicode>Schatten,</Unicode>
                    </TextEquiv>
                </Word>
                <Word id="tr_1_tl_68_w5" custom="readingOrder {index:4;}">
                    <Coords points="1360,2470 1360,2530 1513,2530 1513,2470"/>
                    <TextEquiv>
                        <Unicode>Illusion</Unicode>
                    </TextEquiv>
                </Word>
                <Word id="tr_1_tl_68_w6" custom="readingOrder {index:5;}">
                    <Coords points="1562,2470 1562,2530 1631,2530 1631,2470"/>
                    <TextEquiv>
                        <Unicode>und</Unicode>
                    </TextEquiv>
                </Word>
                <Word id="tr_1_tl_68_w7" custom="readingOrder {index:6;}">
                    <Coords points="1663,2470 1663,2530 1879,2530 1879,2470"/>
                    <TextEquiv>
                        <Unicode>Desillusion</Unicode>
                    </TextEquiv>
                </Word>
                <TextEquiv>
                    <Unicode>Alles andre ist Schatten, Illusion und Desillusion</Unicode>
                </TextEquiv>
            </TextLine>
            <TextLine id="tr_1_tl_69" custom="readingOrder {index:68;}">
                <Coords points="1920,2528 2991,2545 3107,2538 3104,2492 1916,2482"/>
                <Baseline points="1940,2519 1998,2522 2057,2522 2116,2522 2175,2523 2234,2525 2292,2522 2351,2523 2410,2524 2469,2522 2528,2525 2586,2526 2645,2526 2704,2525 2763,2525 2822,2525 2880,2525 2939,2528 2998,2528 3057,2528 3116,2531"/>
                <Word id="tr_1_tl_69_w1" custom="readingOrder {index:0;}">
                    <Coords points="1924,2480 1924,2540 2005,2540 2005,2480"/>
                    <TextEquiv>
                        <Unicode>was</Unicode>
                    </TextEquiv>
                </Word>
                <Word id="tr_1_tl_69_w2" custom="readingOrder {index:1;}">
                    <Coords points="2037,2482 2037,2542 2168,2542 2168,2482"/>
                    <TextEquiv>
                        <Unicode>einmal</Unicode>
                    </TextEquiv>
                </Word>
                <Word id="tr_1_tl_69_w3" custom="readingOrder {index:2;}">
                    <Coords points="2194,2484 2194,2544 2250,2544 2250,2484"/>
                    <TextEquiv>
                        <Unicode>das</Unicode>
                    </TextEquiv>
                </Word>
                <Word id="tr_1_tl_69_w4" custom="readingOrder {index:3;}">
                    <Coords points="2282,2483 2282,2543 2457,2543 2457,2483"/>
                    <TextEquiv>
                        <Unicode>kostbarste</Unicode>
                    </TextEquiv>
                </Word>
                <Word id="tr_1_tl_69_w5" custom="readingOrder {index:4;}">
                    <Coords points="2483,2485 2483,2545 2620,2545 2620,2485"/>
                    <TextEquiv>
                        <Unicode>gelstige</Unicode>
                    </TextEquiv>
                </Word>
                <Word id="tr_1_tl_69_w6" custom="readingOrder {index:5;}">
                    <Coords points="2646,2485 2646,2545 2727,2545 2727,2485"/>
                    <TextEquiv>
                        <Unicode>Gut</Unicode>
                    </TextEquiv>
                </Word>
                <Word id="tr_1_tl_69_w7" custom="readingOrder {index:6;}">
                    <Coords points="2746,2485 2746,2545 2852,2545 2852,2485"/>
                    <TextEquiv>
                        <Unicode>dieser</Unicode>
                    </TextEquiv>
                </Word>
                <Word id="tr_1_tl_69_w8" custom="readingOrder {index:7;}">
                    <Coords points="2878,2487 2878,2547 2990,2547 2990,2487"/>
                    <TextEquiv>
                        <Unicode>Stadt</Unicode>
                    </TextEquiv>
                </Word>
                <Word id="tr_1_tl_69_w9" custom="readingOrder {index:8;}">
                    <Coords points="3010,2488 3010,2548 3103,2548 3103,2488"/>
                    <TextEquiv>
                        <Unicode>war,</Unicode>
                    </TextEquiv>
                </Word>
                <TextEquiv>
                    <Unicode>was einmal das kostbarste gelstige Gut dieser Stadt war,</Unicode>
                </TextEquiv>
            </TextLine>
            <TextLine id="tr_1_tl_70" custom="readingOrder {index:69;}">
                <Coords points="230,2552 258,2563 293,2563 304,2552 318,2563 350,2556 389,2577 435,2559 491,2570 527,2563 527,2510 382,2503 308,2517 276,2499 230,2510"/>
                <Baseline points="250,2552 275,2550 301,2552 326,2551 352,2549 377,2547 403,2546 428,2546 454,2546 479,2546 505,2547 531,2549"/>
                <Word id="tr_1_tl_70_w1" custom="readingOrder {index:0;}">
                    <Coords points="240,2510 240,2570 286,2570 286,2510"/>
                    <TextEquiv>
                        <Unicode>ist</Unicode>
                    </TextEquiv>
                </Word>
                <Word id="tr_1_tl_70_w2" custom="readingOrder {index:1;}">
                    <Coords points="314,2506 314,2566 521,2566 521,2506"/>
                    <TextEquiv>
                        <Unicode>gestorben.</Unicode>
                    </TextEquiv>
                </Word>
                <TextEquiv>
                    <Unicode>ist gestorben.</Unicode>
                </TextEquiv>
            </TextLine>
            <TextLine id="tr_1_tl_71" custom="readingOrder {index:70;}">
                <Coords points="711,2559 1891,2570 1859,2520 979,2528 711,2485"/>
                <Baseline points="731,2546 789,2550 847,2552 906,2555 964,2552 1022,2552 1081,2552 1139,2552 1197,2555 1256,2553 1314,2558 1372,2558 1431,2558 1489,2558 1547,2558 1606,2558 1664,2561 1722,2561 1781,2558 1839,2558 1898,2558"/>
                <Word id="tr_1_tl_71_w1" custom="readingOrder {index:0;}">
                    <Coords points="719,2511 719,2571 958,2571 958,2511"/>
                    <TextEquiv>
                        <Unicode>Phantome,</Unicode>
                    </TextEquiv>
                </Word>
                <Word id="tr_1_tl_71_w2" custom="readingOrder {index:1;}">
                    <Coords points="983,2512 983,2572 1091,2572 1091,2512"/>
                    <TextEquiv>
                        <Unicode>unter</Unicode>
                    </TextEquiv>
                </Word>
                <Word id="tr_1_tl_71_w3" custom="readingOrder {index:2;}">
                    <Coords points="1122,2513 1122,2573 1230,2573 1230,2513"/>
                    <TextEquiv>
                        <Unicode>denen</Unicode>
                    </TextEquiv>
                </Word>
                <Word id="tr_1_tl_71_w4" custom="readingOrder {index:3;}">
                    <Coords points="1273,2516 1273,2576 1321,2576 1321,2516"/>
                    <TextEquiv>
                        <Unicode>ein</Unicode>
                    </TextEquiv>
                </Word>
                <Word id="tr_1_tl_71_w5" custom="readingOrder {index:4;}">
                    <Coords points="1364,2518 1364,2578 1610,2578 1610,2518"/>
                    <TextEquiv>
                        <Unicode>unmöglicher</Unicode>
                    </TextEquiv>
                </Word>
                <Word id="tr_1_tl_71_w6" custom="readingOrder {index:5;}">
                    <Coords points="1641,2521 1641,2581 1767,2581 1767,2521"/>
                    <TextEquiv>
                        <Unicode>Traum</Unicode>
                    </TextEquiv>
                </Word>
                <Word id="tr_1_tl_71_w7" custom="readingOrder {index:6;}">
                    <Coords points="1822,2518 1822,2578 1893,2578 1893,2518"/>
                    <TextEquiv>
                        <Unicode>ver¬</Unicode>
                    </TextEquiv>
                </Word>
                <TextEquiv>
                    <Unicode>Phantome, unter denen ein unmöglicher Traum ver¬</Unicode>
                </TextEquiv>
            </TextLine>
            <TextLine id="tr_1_tl_72" custom="readingOrder {index:71;}">
                <Coords points="1923,2573 3121,2591 3121,2542 3005,2531 1923,2528"/>
                <Baseline points="1943,2564 2002,2567 2061,2569 2120,2570 2179,2568 2238,2570 2297,2570 2356,2570 2415,2570 2474,2570 2534,2571 2593,2573 2652,2573 2711,2573 2770,2574 2829,2574 2888,2576 2947,2573 3006,2573 3065,2573 3125,2576"/>
                <Word id="tr_1_tl_72_w1" custom="readingOrder {index:0;}">
                    <Coords points="1932,2525 1932,2585 2003,2585 2003,2525"/>
                    <TextEquiv>
                        <Unicode>was</Unicode>
                    </TextEquiv>
                </Word>
                <Word id="tr_1_tl_72_w2" custom="readingOrder {index:1;}">
                    <Coords points="2043,2529 2043,2589 2121,2589 2121,2529"/>
                    <TextEquiv>
                        <Unicode>man</Unicode>
                    </TextEquiv>
                </Word>
                <Word id="tr_1_tl_72_w3" custom="readingOrder {index:2;}">
                    <Coords points="2168,2528 2168,2588 2199,2588 2199,2528"/>
                    <TextEquiv>
                        <Unicode>im</Unicode>
                    </TextEquiv>
                </Word>
                <Word id="tr_1_tl_72_w4" custom="readingOrder {index:3;}">
                    <Coords points="2252,2530 2252,2590 2455,2590 2455,2530"/>
                    <TextEquiv>
                        <Unicode>sublimsten</Unicode>
                    </TextEquiv>
                </Word>
                <Word id="tr_1_tl_72_w5" custom="readingOrder {index:4;}">
                    <Coords points="2501,2531 2501,2591 2625,2591 2625,2531"/>
                    <TextEquiv>
                        <Unicode>Sinne</Unicode>
                    </TextEquiv>
                </Word>
                <Word id="tr_1_tl_72_w6" custom="readingOrder {index:5;}">
                    <Coords points="2665,2533 2665,2593 2724,2593 2724,2533"/>
                    <TextEquiv>
                        <Unicode>des</Unicode>
                    </TextEquiv>
                </Word>
                <Word id="tr_1_tl_72_w7" custom="readingOrder {index:6;}">
                    <Coords points="2764,2535 2764,2595 2953,2595 2953,2535"/>
                    <TextEquiv>
                        <Unicode>Begriffes</Unicode>
                    </TextEquiv>
                </Word>
                <Word id="tr_1_tl_72_w8" custom="readingOrder {index:7;}">
                    <Coords points="2993,2533 2993,2593 3096,2593 3096,2533"/>
                    <TextEquiv>
                        <Unicode>unter</Unicode>
                    </TextEquiv>
                </Word>
                <TextEquiv>
                    <Unicode>was man im sublimsten Sinne des Begriffes unter</Unicode>
                </TextEquiv>
            </TextLine>
            <TextLine id="tr_1_tl_73" custom="readingOrder {index:72;}">
                <Coords points="223,2609 265,2619 304,2605 350,2627 389,2609 435,2623 488,2605 640,2623 689,2612 693,2535 619,2531 590,2552 555,2531 513,2570 438,2556 385,2577 350,2556 226,2552"/>
                <Baseline points="241,2606 266,2605 291,2603 317,2603 342,2603 367,2605 393,2606 418,2606 444,2606 469,2606 494,2605 520,2603 545,2603 571,2603 596,2603 621,2603 647,2603 672,2603 698,2603"/>
                <Word id="tr_1_tl_73_w1" custom="readingOrder {index:0;}">
                    <Coords points="237,2563 237,2623 385,2623 385,2563"/>
                    <TextEquiv>
                        <Unicode>große,</Unicode>
                    </TextEquiv>
                </Word>
                <Word id="tr_1_tl_73_w2" custom="readingOrder {index:1;}">
                    <Coords points="412,2566 412,2626 501,2626 501,2566"/>
                    <TextEquiv>
                        <Unicode>reine</Unicode>
                    </TextEquiv>
                </Word>
                <Word id="tr_1_tl_73_w3" custom="readingOrder {index:2;}">
                    <Coords points="528,2563 528,2623 692,2623 692,2563"/>
                    <TextEquiv>
                        <Unicode>Mensch,</Unicode>
                    </TextEquiv>
                </Word>
                <TextEquiv>
                    <Unicode>große, reine Mensch,</Unicode>
                </TextEquiv>
            </TextLine>
            <TextLine id="tr_1_tl_74" custom="readingOrder {index:73;}">
                <Coords points="721,2602 1891,2619 1891,2570 1799,2559 721,2559"/>
                <Baseline points="740,2600 798,2602 856,2602 914,2603 972,2601 1030,2602 1088,2600 1146,2600 1204,2604 1262,2604 1320,2606 1378,2606 1436,2606 1494,2606 1552,2606 1610,2608 1668,2608 1726,2609 1784,2609 1842,2609 1901,2609"/>
                <Word id="tr_1_tl_74_w1" custom="readingOrder {index:0;}">
                    <Coords points="723,2561 723,2621 872,2621 872,2561"/>
                    <TextEquiv>
                        <Unicode>schüttet</Unicode>
                    </TextEquiv>
                </Word>
                <Word id="tr_1_tl_74_w2" custom="readingOrder {index:1;}">
                    <Coords points="892,2561 892,2621 998,2621 998,2561"/>
                    <TextEquiv>
                        <Unicode>liegt.</Unicode>
                    </TextEquiv>
                </Word>
                <Word id="tr_1_tl_74_w3" custom="readingOrder {index:2;}">
                    <Coords points="1011,2560 1011,2620 1135,2620 1135,2560"/>
                    <TextEquiv>
                        <Unicode>Etwas</Unicode>
                    </TextEquiv>
                </Word>
                <Word id="tr_1_tl_74_w4" custom="readingOrder {index:3;}">
                    <Coords points="1161,2563 1161,2623 1235,2623 1235,2563"/>
                    <TextEquiv>
                        <Unicode>voll</Unicode>
                    </TextEquiv>
                </Word>
                <Word id="tr_1_tl_74_w5" custom="readingOrder {index:4;}">
                    <Coords points="1255,2566 1255,2626 1480,2626 1480,2566"/>
                    <TextEquiv>
                        <Unicode>gefährlicher</Unicode>
                    </TextEquiv>
                </Word>
                <Word id="tr_1_tl_74_w6" custom="readingOrder {index:5;}">
                    <Coords points="1505,2566 1505,2626 1636,2626 1636,2566"/>
                    <TextEquiv>
                        <Unicode>Unrast</Unicode>
                    </TextEquiv>
                </Word>
                <Word id="tr_1_tl_74_w7" custom="readingOrder {index:6;}">
                    <Coords points="1662,2568 1662,2628 1699,2628 1699,2568"/>
                    <TextEquiv>
                        <Unicode>ist</Unicode>
                    </TextEquiv>
                </Word>
                <Word id="tr_1_tl_74_w8" custom="readingOrder {index:7;}">
                    <Coords points="1718,2569 1718,2629 1742,2629 1742,2569"/>
                    <TextEquiv>
                        <Unicode>in</Unicode>
                    </TextEquiv>
                </Word>
                <Word id="tr_1_tl_74_w9" custom="readingOrder {index:8;}">
                    <Coords points="1775,2569 1775,2629 1874,2629 1874,2569"/>
                    <TextEquiv>
                        <Unicode>diesen</Unicode>
                    </TextEquiv>
                </Word>
                <TextEquiv>
                    <Unicode>schüttet liegt. Etwas voll gefährlicher Unrast ist in diesen</Unicode>
                </TextEquiv>
            </TextLine>
            <TextLine id="tr_1_tl_75" custom="readingOrder {index:74;}">
                <Coords points="1923,2619 3107,2634 3107,2584 2984,2573 1923,2573"/>
                <Baseline points="1943,2615 2001,2615 2060,2617 2118,2618 2177,2618 2236,2618 2294,2621 2353,2621 2412,2621 2470,2621 2529,2618 2588,2622 2646,2624 2705,2624 2764,2623 2822,2625 2881,2621 2940,2621 2998,2623 3057,2624 3116,2624"/>
                <Word id="tr_1_tl_75_w1" custom="readingOrder {index:0;}">
                    <Coords points="1932,2575 1932,2635 2097,2635 2097,2575"/>
                    <TextEquiv>
                        <Unicode>Wiener,</Unicode>
                    </TextEquiv>
                </Word>
                <Word id="tr_1_tl_75_w2" custom="readingOrder {index:1;}">
                    <Coords points="2125,2578 2125,2638 2231,2638 2231,2578"/>
                    <TextEquiv>
                        <Unicode>unter</Unicode>
                    </TextEquiv>
                </Word>
                <Word id="tr_1_tl_75_w3" custom="readingOrder {index:2;}">
                    <Coords points="2265,2581 2265,2641 2610,2641 2610,2581"/>
                    <TextEquiv>
                        <Unicode>altösterreichischer</Unicode>
                    </TextEquiv>
                </Word>
                <Word id="tr_1_tl_75_w4" custom="readingOrder {index:3;}">
                    <Coords points="2644,2583 2644,2643 2782,2643 2782,2583"/>
                    <TextEquiv>
                        <Unicode>Kultur</Unicode>
                    </TextEquiv>
                </Word>
                <Word id="tr_1_tl_75_w5" custom="readingOrder {index:4;}">
                    <Coords points="2824,2581 2824,2641 3088,2641 3088,2581"/>
                    <TextEquiv>
                        <Unicode>zusamenfatte</Unicode>
                    </TextEquiv>
                </Word>
                <TextEquiv>
                    <Unicode>Wiener, unter altösterreichischer Kultur zusamenfatte</Unicode>
                </TextEquiv>
            </TextLine>
            <TextLine id="tr_1_tl_76" custom="readingOrder {index:75;}">
                <Coords points="216,2672 410,2655 576,2676 604,2655 689,2658 689,2609 216,2616"/>
                <Baseline points="235,2654 260,2650 286,2648 311,2649 337,2651 362,2651 388,2651 413,2651 439,2651 465,2651 490,2651 516,2651 541,2651 567,2651 592,2653 618,2653 643,2651 669,2651 695,2651"/>
                <Word id="tr_1_tl_76_w1" custom="readingOrder {index:0;}">
                    <Coords points="226,2608 226,2668 322,2668 322,2608"/>
                    <TextEquiv>
                        <Unicode>mehr</Unicode>
                    </TextEquiv>
                </Word>
                <Word id="tr_1_tl_76_w2" custom="readingOrder {index:1;}">
                    <Coords points="344,2611 344,2671 405,2671 405,2611"/>
                    <TextEquiv>
                        <Unicode>ist,</Unicode>
                    </TextEquiv>
                </Word>
                <Word id="tr_1_tl_76_w3" custom="readingOrder {index:2;}">
                    <Coords points="420,2611 420,2671 455,2671 455,2611"/>
                    <TextEquiv>
                        <Unicode>sie</Unicode>
                    </TextEquiv>
                </Word>
                <Word id="tr_1_tl_76_w4" custom="readingOrder {index:3;}">
                    <Coords points="483,2611 483,2671 524,2671 524,2611"/>
                    <TextEquiv>
                        <Unicode>ist</Unicode>
                    </TextEquiv>
                </Word>
                <Word id="tr_1_tl_76_w5" custom="readingOrder {index:4;}">
                    <Coords points="545,2613 545,2673 676,2673 676,2613"/>
                    <TextEquiv>
                        <Unicode>doppel</Unicode>
                    </TextEquiv>
                </Word>
                <TextEquiv>
                    <Unicode>mehr ist, sie ist doppel</Unicode>
                </TextEquiv>
            </TextLine>
            <TextLine id="tr_1_tl_77" custom="readingOrder {index:76;}">
                <Coords points="711,2655 1891,2658 1891,2619 1707,2609 711,2602"/>
                <Baseline points="731,2648 789,2648 847,2648 906,2651 964,2650 1022,2650 1081,2651 1139,2648 1197,2649 1256,2653 1314,2654 1372,2652 1431,2654 1489,2654 1547,2654 1606,2654 1664,2654 1722,2657 1781,2657 1839,2657 1898,2657"/>
                <Word id="tr_1_tl_77_w1" custom="readingOrder {index:0;}">
                    <Coords points="719,2608 719,2668 888,2668 888,2608"/>
                    <TextEquiv>
                        <Unicode>Traum,</Unicode>
                    </TextEquiv>
                </Word>
                <Word id="tr_1_tl_77_w2" custom="readingOrder {index:1;}">
                    <Coords points="907,2610 907,2670 957,2670 957,2610"/>
                    <TextEquiv>
                        <Unicode>den</Unicode>
                    </TextEquiv>
                </Word>
                <Word id="tr_1_tl_77_w3" custom="readingOrder {index:2;}">
                    <Coords points="995,2610 995,2670 1058,2670 1058,2610"/>
                    <TextEquiv>
                        <Unicode>fast</Unicode>
                    </TextEquiv>
                </Word>
                <Word id="tr_1_tl_77_w4" custom="readingOrder {index:3;}">
                    <Coords points="1077,2609 1077,2669 1145,2669 1145,2609"/>
                    <TextEquiv>
                        <Unicode>alle</Unicode>
                    </TextEquiv>
                </Word>
                <Word id="tr_1_tl_77_w5" custom="readingOrder {index:4;}">
                    <Coords points="1165,2613 1165,2673 1347,2673 1347,2613"/>
                    <TextEquiv>
                        <Unicode>Gestalten</Unicode>
                    </TextEquiv>
                </Word>
                <Word id="tr_1_tl_77_w6" custom="readingOrder {index:5;}">
                    <Coords points="1379,2614 1379,2674 1591,2674 1591,2614"/>
                    <TextEquiv>
                        <Unicode>Schnitzlers</Unicode>
                    </TextEquiv>
                </Word>
                <Word id="tr_1_tl_77_w7" custom="readingOrder {index:6;}">
                    <Coords points="1618,2614 1618,2674 1648,2674 1648,2614"/>
                    <TextEquiv>
                        <Unicode>in</Unicode>
                    </TextEquiv>
                </Word>
                <Word id="tr_1_tl_77_w8" custom="readingOrder {index:7;}">
                    <Coords points="1680,2616 1680,2676 1730,2676 1730,2616"/>
                    <TextEquiv>
                        <Unicode>sich</Unicode>
                    </TextEquiv>
                </Word>
                <Word id="tr_1_tl_77_w9" custom="readingOrder {index:8;}">
                    <Coords points="1756,2617 1756,2677 1874,2677 1874,2617"/>
                    <TextEquiv>
                        <Unicode>tragen</Unicode>
                    </TextEquiv>
                </Word>
                <TextEquiv>
                    <Unicode>Traum, den fast alle Gestalten Schnitzlers in sich tragen</Unicode>
                </TextEquiv>
            </TextLine>
            <TextLine id="tr_1_tl_78" custom="readingOrder {index:77;}">
                <Coords points="1916,2672 3104,2683 3104,2627 1916,2623"/>
                <Baseline points="1937,2666 1995,2663 2054,2665 2113,2666 2172,2666 2231,2666 2289,2669 2348,2668 2407,2667 2466,2669 2525,2669 2583,2671 2642,2669 2701,2669 2760,2670 2819,2672 2877,2672 2936,2672 2995,2672 3054,2672 3113,2672"/>
                <Word id="tr_1_tl_78_w1" custom="readingOrder {index:0;}">
                    <Coords points="1925,2623 1925,2683 2048,2683 2048,2623"/>
                    <TextEquiv>
                        <Unicode>Neben</Unicode>
                    </TextEquiv>
                </Word>
                <Word id="tr_1_tl_78_w2" custom="readingOrder {index:1;}">
                    <Coords points="2095,2626 2095,2686 2152,2686 2152,2626"/>
                    <TextEquiv>
                        <Unicode>dem</Unicode>
                    </TextEquiv>
                </Word>
                <Word id="tr_1_tl_78_w3" custom="readingOrder {index:2;}">
                    <Coords points="2212,2626 2212,2686 2283,2686 2283,2626"/>
                    <TextEquiv>
                        <Unicode>rein</Unicode>
                    </TextEquiv>
                </Word>
                <Word id="tr_1_tl_78_w4" custom="readingOrder {index:3;}">
                    <Coords points="2330,2628 2330,2688 2564,2688 2564,2628"/>
                    <TextEquiv>
                        <Unicode>dichterischen</Unicode>
                    </TextEquiv>
                </Word>
                <Word id="tr_1_tl_78_w5" custom="readingOrder {index:4;}">
                    <Coords points="2611,2629 2611,2689 2733,2689 2733,2629"/>
                    <TextEquiv>
                        <Unicode>Wert,</Unicode>
                    </TextEquiv>
                </Word>
                <Word id="tr_1_tl_78_w6" custom="readingOrder {index:5;}">
                    <Coords points="2865,2632 2865,2692 2923,2692 2923,2632"/>
                    <TextEquiv>
                        <Unicode>dem</Unicode>
                    </TextEquiv>
                </Word>
                <Word id="tr_1_tl_78_w7" custom="readingOrder {index:6;}">
                    <Coords points="2976,2632 2976,2692 3099,2692 3099,2632"/>
                    <TextEquiv>
                        <Unicode>Werke</Unicode>
                    </TextEquiv>
                </Word>
                <TextEquiv>
                    <Unicode>Neben dem rein dichterischen Wert,  dem Werke</Unicode>
                </TextEquiv>
            </TextLine>
            <TextLine id="tr_1_tl_79" custom="readingOrder {index:78;}">
                <Coords points="262,2708 3097,2725 3097,2680 3026,2672 262,2658"/>
                <Baseline points="280,2695 421,2695 562,2700 704,2697 845,2698 986,2695 1128,2698 1269,2698 1410,2701 1552,2701 1693,2704 1834,2702 1976,2709 2117,2713 2258,2713 2400,2716 2541,2716 2682,2719 2824,2716 2965,2719 3107,2719"/>
                <Word id="tr_1_tl_79_w1" custom="readingOrder {index:0;}">
                    <Coords points="279,2655 279,2715 534,2715 534,2655"/>
                    <TextEquiv>
                        <Unicode>verworrenen</Unicode>
                    </TextEquiv>
                </Word>
                <Word id="tr_1_tl_79_w2" custom="readingOrder {index:1;}">
                    <Coords points="589,2658 589,2718 690,2718 690,2658"/>
                    <TextEquiv>
                        <Unicode>Zeit,</Unicode>
                    </TextEquiv>
                </Word>
                <Word id="tr_1_tl_79_w3" custom="readingOrder {index:2;}">
                    <Coords points="718,2657 718,2717 791,2717 791,2657"/>
                    <TextEquiv>
                        <Unicode>eine</Unicode>
                    </TextEquiv>
                </Word>
                <Word id="tr_1_tl_79_w4" custom="readingOrder {index:3;}">
                    <Coords points="819,2656 819,2716 1042,2716 1042,2656"/>
                    <TextEquiv>
                        <Unicode>unsichtbare</Unicode>
                    </TextEquiv>
                </Word>
                <Word id="tr_1_tl_79_w5" custom="readingOrder {index:4;}">
                    <Coords points="1070,2658 1070,2718 1285,2718 1285,2658"/>
                    <TextEquiv>
                        <Unicode>dämonische</Unicode>
                    </TextEquiv>
                </Word>
                <Word id="tr_1_tl_79_w6" custom="readingOrder {index:5;}">
                    <Coords points="1313,2660 1313,2720 1462,2720 1462,2660"/>
                    <TextEquiv>
                        <Unicode>Macht,</Unicode>
                    </TextEquiv>
                </Word>
                <Word id="tr_1_tl_79_w7" custom="readingOrder {index:6;}">
                    <Coords points="1483,2661 1483,2721 1529,2721 1529,2661"/>
                    <TextEquiv>
                        <Unicode>die</Unicode>
                    </TextEquiv>
                </Word>
                <Word id="tr_1_tl_79_w8" custom="readingOrder {index:7;}">
                    <Coords points="1564,2662 1564,2722 1684,2722 1684,2662"/>
                    <TextEquiv>
                        <Unicode>Schein</Unicode>
                    </TextEquiv>
                </Word>
                <Word id="tr_1_tl_79_w9" custom="readingOrder {index:8;}">
                    <Coords points="1719,2663 1719,2723 1745,2723 1745,2663"/>
                    <TextEquiv>
                        <Unicode>in</Unicode>
                    </TextEquiv>
                </Word>
                <Word id="tr_1_tl_79_w10" custom="readingOrder {index:9;}">
                    <Coords points="1780,2662 1780,2722 1901,2722 1901,2662"/>
                    <TextEquiv>
                        <Unicode>Wirk=</Unicode>
                    </TextEquiv>
                </Word>
                <Word id="tr_1_tl_79_w11" custom="readingOrder {index:10;}">
                    <Coords points="1929,2670 1929,2730 2151,2730 2151,2670"/>
                    <TextEquiv>
                        <Unicode>Schnitzlers</Unicode>
                    </TextEquiv>
                </Word>
                <Word id="tr_1_tl_79_w12" custom="readingOrder {index:11;}">
                    <Coords points="2200,2673 2200,2733 2253,2733 2253,2673"/>
                    <TextEquiv>
                        <Unicode>die</Unicode>
                    </TextEquiv>
                </Word>
                <Word id="tr_1_tl_79_w13" custom="readingOrder {index:12;}">
                    <Coords points="2301,2676 2301,2736 2571,2736 2571,2676"/>
                    <TextEquiv>
                        <Unicode>Ausstrahlung</Unicode>
                    </TextEquiv>
                </Word>
                <Word id="tr_1_tl_79_w14" custom="readingOrder {index:13;}">
                    <Coords points="2619,2678 2619,2738 2686,2738 2686,2678"/>
                    <TextEquiv>
                        <Unicode>auf</Unicode>
                    </TextEquiv>
                </Word>
                <Word id="tr_1_tl_79_w15" custom="readingOrder {index:14;}">
                    <Coords points="2727,2676 2727,2736 2828,2736 2828,2676"/>
                    <TextEquiv>
                        <Unicode>späte</Unicode>
                    </TextEquiv>
                </Word>
                <Word id="tr_1_tl_79_w16" custom="readingOrder {index:15;}">
                    <Coords points="2869,2679 2869,2739 3091,2739 3091,2679"/>
                    <TextEquiv>
                        <Unicode>Geschlecheer</Unicode>
                    </TextEquiv>
                </Word>
                <TextEquiv>
                    <Unicode>verworrenen Zeit, eine unsichtbare dämonische Macht, die Schein in Wirk= Schnitzlers die Ausstrahlung auf späte Geschlecheer</Unicode>
                </TextEquiv>
            </TextLine>
            <TextLine id="tr_1_tl_80" custom="readingOrder {index:79;}">
                <Coords points="205,2750 424,2750 481,2779 573,2754 679,2779 679,2704 297,2711 272,2697 237,2711 205,2697"/>
                <Baseline points="226,2746 251,2745 277,2744 303,2742 328,2740 354,2742 380,2743 406,2745 431,2745 457,2744 483,2743 508,2743 534,2745 560,2746 586,2744 611,2744 637,2746 663,2745 689,2743"/>
                <Word id="tr_1_tl_80_w1" custom="readingOrder {index:0;}">
                    <Coords points="209,2705 209,2765 282,2765 282,2705"/>
                    <TextEquiv>
                        <Unicode>gen</Unicode>
                    </TextEquiv>
                </Word>
                <Word id="tr_1_tl_80_w2" custom="readingOrder {index:1;}">
                    <Coords points="342,2704 342,2764 547,2764 547,2704"/>
                    <TextEquiv>
                        <Unicode>Realitäten</Unicode>
                    </TextEquiv>
                </Word>
                <Word id="tr_1_tl_80_w3" custom="readingOrder {index:2;}">
                    <Coords points="607,2705 607,2765 665,2765 665,2705"/>
                    <TextEquiv>
                        <Unicode>ent</Unicode>
                    </TextEquiv>
                </Word>
                <TextEquiv>
                    <Unicode>gen Realitäten ent</Unicode>
                </TextEquiv>
            </TextLine>
            <TextLine id="tr_1_tl_81" custom="readingOrder {index:80;}">
                <Coords points="707,2747 1891,2754 1891,2711 1831,2708 707,2701"/>
                <Baseline points="728,2746 786,2743 845,2747 903,2746 962,2744 1021,2746 1079,2746 1138,2746 1197,2748 1255,2748 1314,2749 1373,2749 1431,2751 1490,2752 1549,2752 1607,2750 1666,2752 1725,2750 1783,2752 1842,2752 1901,2752"/>
                <Word id="tr_1_tl_81_w1" custom="readingOrder {index:0;}">
                    <Coords points="715,2703 715,2763 865,2763 865,2703"/>
                    <TextEquiv>
                        <Unicode>lichkeit,</Unicode>
                    </TextEquiv>
                </Word>
                <Word id="tr_1_tl_81_w2" custom="readingOrder {index:1;}">
                    <Coords points="891,2705 891,2765 1128,2765 1128,2705"/>
                    <TextEquiv>
                        <Unicode>Wirklichkeit</Unicode>
                    </TextEquiv>
                </Word>
                <Word id="tr_1_tl_81_w3" custom="readingOrder {index:2;}">
                    <Coords points="1160,2707 1160,2767 1191,2767 1191,2707"/>
                    <TextEquiv>
                        <Unicode>in</Unicode>
                    </TextEquiv>
                </Word>
                <Word id="tr_1_tl_81_w4" custom="readingOrder {index:3;}">
                    <Coords points="1235,2708 1235,2768 1360,2768 1360,2708"/>
                    <TextEquiv>
                        <Unicode>Schein</Unicode>
                    </TextEquiv>
                </Word>
                <Word id="tr_1_tl_81_w5" custom="readingOrder {index:4;}">
                    <Coords points="1405,2712 1405,2772 1579,2772 1579,2712"/>
                    <TextEquiv>
                        <Unicode>wandelt,</Unicode>
                    </TextEquiv>
                </Word>
                <Word id="tr_1_tl_81_w6" custom="readingOrder {index:5;}">
                    <Coords points="1611,2711 1611,2771 1686,2771 1686,2711"/>
                    <TextEquiv>
                        <Unicode>eine</Unicode>
                    </TextEquiv>
                </Word>
                <Word id="tr_1_tl_81_w7" custom="readingOrder {index:6;}">
                    <Coords points="1718,2712 1718,2772 1855,2772 1855,2712"/>
                    <TextEquiv>
                        <Unicode>Komöd</Unicode>
                    </TextEquiv>
                </Word>
                <TextEquiv>
                    <Unicode>lichkeit, Wirklichkeit in Schein wandelt, eine Komöd</Unicode>
                </TextEquiv>
            </TextLine>
            <TextLine id="tr_1_tl_82" custom="readingOrder {index:81;}">
                <Coords points="1927,2761 3107,2771 3083,2725 1927,2715"/>
                <Baseline points="1946,2755 2004,2758 2063,2758 2121,2761 2180,2761 2238,2761 2297,2764 2355,2761 2414,2764 2472,2764 2531,2764 2589,2764 2648,2764 2706,2764 2765,2766 2823,2764 2882,2767 2940,2765 2999,2767 3057,2765 3116,2767"/>
                <Word id="tr_1_tl_82_w1" custom="readingOrder {index:0;}">
                    <Coords points="1930,2717 1930,2777 2065,2777 2065,2717"/>
                    <TextEquiv>
                        <Unicode>sichert,</Unicode>
                    </TextEquiv>
                </Word>
                <Word id="tr_1_tl_82_w2" custom="readingOrder {index:1;}">
                    <Coords points="2086,2721 2086,2781 2215,2781 2215,2721"/>
                    <TextEquiv>
                        <Unicode>kommt</Unicode>
                    </TextEquiv>
                </Word>
                <Word id="tr_1_tl_82_w3" custom="readingOrder {index:2;}">
                    <Coords points="2249,2723 2249,2783 2306,2783 2306,2723"/>
                    <TextEquiv>
                        <Unicode>dem</Unicode>
                    </TextEquiv>
                </Word>
                <Word id="tr_1_tl_82_w4" custom="readingOrder {index:3;}">
                    <Coords points="2353,2724 2353,2784 2516,2784 2516,2724"/>
                    <TextEquiv>
                        <Unicode>Schaffen</Unicode>
                    </TextEquiv>
                </Word>
                <Word id="tr_1_tl_82_w5" custom="readingOrder {index:4;}">
                    <Coords points="2556,2724 2556,2784 2659,2784 2659,2724"/>
                    <TextEquiv>
                        <Unicode>dieses</Unicode>
                    </TextEquiv>
                </Word>
                <Word id="tr_1_tl_82_w6" custom="readingOrder {index:5;}">
                    <Coords points="2692,2725 2692,2785 2841,2785 2841,2725"/>
                    <TextEquiv>
                        <Unicode>Genius</Unicode>
                    </TextEquiv>
                </Word>
                <Word id="tr_1_tl_82_w7" custom="readingOrder {index:6;}">
                    <Coords points="2868,2725 2868,2785 2959,2785 2959,2725"/>
                    <TextEquiv>
                        <Unicode>schon</Unicode>
                    </TextEquiv>
                </Word>
                <Word id="tr_1_tl_82_w8" custom="readingOrder {index:7;}">
                    <Coords points="2992,2725 2992,2785 3095,2785 3095,2725"/>
                    <TextEquiv>
                        <Unicode>heute</Unicode>
                    </TextEquiv>
                </Word>
                <TextEquiv>
                    <Unicode>sichert, kommt dem Schaffen dieses Genius schon heute</Unicode>
                </TextEquiv>
            </TextLine>
            <TextLine id="tr_1_tl_83" custom="readingOrder {index:82;}">
                <Coords points="205,2817 255,2814 269,2800 283,2810 308,2800 332,2814 354,2800 382,2810 403,2800 442,2800 442,2750 354,2754 339,2743 308,2743 297,2754 290,2747 255,2757 205,2754"/>
                <Baseline points="226,2791 254,2791 282,2790 310,2788 338,2788 366,2788 394,2790 422,2791 450,2791"/>
                <Word id="tr_1_tl_83_w1" custom="readingOrder {index:0;}">
                    <Coords points="216,2750 216,2810 310,2810 310,2750"/>
                    <TextEquiv>
                        <Unicode>ubt</Unicode>
                    </TextEquiv>
                </Word>
                <Word id="tr_1_tl_83_w2" custom="readingOrder {index:1;}">
                    <Coords points="334,2749 334,2809 442,2809 442,2749"/>
                    <TextEquiv>
                        <Unicode>wird.</Unicode>
                    </TextEquiv>
                </Word>
                <TextEquiv>
                    <Unicode>ubt wird.</Unicode>
                </TextEquiv>
            </TextLine>
            <TextLine id="tr_1_tl_84" custom="readingOrder {index:83;}">
                <Coords points="703,2800 3107,2824 3107,2771 2984,2764 703,2750"/>
                <Baseline points="722,2791 841,2792 961,2794 1081,2794 1200,2795 1320,2797 1440,2803 1559,2797 1679,2800 1799,2797 1919,2801 2038,2807 2158,2809 2278,2811 2397,2812 2517,2809 2637,2812 2756,2815 2876,2815 2996,2809 3116,2809"/>
                <Word id="tr_1_tl_84_w1" custom="readingOrder {index:0;}">
                    <Coords points="712,2751 712,2811 776,2811 776,2751"/>
                    <TextEquiv>
                        <Unicode>der</Unicode>
                    </TextEquiv>
                </Word>
                <Word id="tr_1_tl_84_w2" custom="readingOrder {index:1;}">
                    <Coords points="803,2752 803,2812 945,2812 945,2752"/>
                    <TextEquiv>
                        <Unicode>Worte,</Unicode>
                    </TextEquiv>
                </Word>
                <Word id="tr_1_tl_84_w3" custom="readingOrder {index:2;}">
                    <Coords points="966,2754 966,2814 1030,2814 1030,2754"/>
                    <TextEquiv>
                        <Unicode>mit</Unicode>
                    </TextEquiv>
                </Word>
                <Word id="tr_1_tl_84_w4" custom="readingOrder {index:3;}">
                    <Coords points="1050,2754 1050,2814 1108,2814 1108,2754"/>
                    <TextEquiv>
                        <Unicode>der</Unicode>
                    </TextEquiv>
                </Word>
                <Word id="tr_1_tl_84_w5" custom="readingOrder {index:4;}">
                    <Coords points="1135,2754 1135,2814 1186,2814 1186,2754"/>
                    <TextEquiv>
                        <Unicode>sich</Unicode>
                    </TextEquiv>
                </Word>
                <Word id="tr_1_tl_84_w6" custom="readingOrder {index:5;}">
                    <Coords points="1213,2755 1213,2815 1264,2815 1264,2755"/>
                    <TextEquiv>
                        <Unicode>die</Unicode>
                    </TextEquiv>
                </Word>
                <Word id="tr_1_tl_84_w7" custom="readingOrder {index:6;}">
                    <Coords points="1291,2758 1291,2818 1402,2818 1402,2758"/>
                    <TextEquiv>
                        <Unicode>armen</Unicode>
                    </TextEquiv>
                </Word>
                <Word id="tr_1_tl_84_w8" custom="readingOrder {index:7;}">
                    <Coords points="1435,2757 1435,2817 1708,2817 1708,2757"/>
                    <TextEquiv>
                        <Unicode>Heldenspieler</Unicode>
                    </TextEquiv>
                </Word>
                <Word id="tr_1_tl_84_w9" custom="readingOrder {index:8;}">
                    <Coords points="1734,2757 1734,2817 1818,2817 1818,2757"/>
                    <TextEquiv>
                        <Unicode>über</Unicode>
                    </TextEquiv>
                </Word>
                <Word id="tr_1_tl_84_w10" custom="readingOrder {index:9;}">
                    <Coords points="1845,2759 1845,2819 1890,2819 1890,2759"/>
                    <TextEquiv>
                        <Unicode>die</Unicode>
                    </TextEquiv>
                </Word>
                <Word id="tr_1_tl_84_w11" custom="readingOrder {index:10;}">
                    <Coords points="1931,2763 1931,2823 1988,2823 1988,2763"/>
                    <TextEquiv>
                        <Unicode>die</Unicode>
                    </TextEquiv>
                </Word>
                <Word id="tr_1_tl_84_w12" custom="readingOrder {index:11;}">
                    <Coords points="2015,2768 2015,2828 2236,2828 2236,2768"/>
                    <TextEquiv>
                        <Unicode>Bedeutung</Unicode>
                    </TextEquiv>
                </Word>
                <Word id="tr_1_tl_84_w13" custom="readingOrder {index:12;}">
                    <Coords points="2275,2771 2275,2831 2372,2831 2372,2771"/>
                    <TextEquiv>
                        <Unicode>eines</Unicode>
                    </TextEquiv>
                </Word>
                <Word id="tr_1_tl_84_w14" custom="readingOrder {index:13;}">
                    <Coords points="2406,2770 2406,2830 2744,2830 2744,2770"/>
                    <TextEquiv>
                        <Unicode>kulturhistorischen</Unicode>
                    </TextEquiv>
                </Word>
                <Word id="tr_1_tl_84_w15" custom="readingOrder {index:14;}">
                    <Coords points="2784,2773 2784,2833 3011,2833 3011,2773"/>
                    <TextEquiv>
                        <Unicode>Dokuments</Unicode>
                    </TextEquiv>
                </Word>
                <Word id="tr_1_tl_84_w16" custom="readingOrder {index:15;}">
                    <Coords points="3044,2769 3044,2829 3076,2829 3076,2769"/>
                    <TextEquiv>
                        <Unicode>zu</Unicode>
                    </TextEquiv>
                </Word>
                <TextEquiv>
                    <Unicode>der Worte, mit der sich die armen Heldenspieler über die die Bedeutung eines kulturhistorischen Dokuments zu</Unicode>
                </TextEquiv>
            </TextLine>
            <TextLine id="tr_1_tl_85" custom="readingOrder {index:84;}">
                <Coords points="707,2846 1891,2881 1870,2810 707,2800"/>
                <Baseline points="725,2839 783,2842 842,2842 901,2842 960,2844 1019,2844 1077,2845 1136,2844 1195,2843 1254,2845 1313,2845 1371,2845 1430,2845 1489,2845 1548,2846 1607,2848 1665,2848 1724,2851 1783,2851 1842,2851 1901,2845"/>
                <Word id="tr_1_tl_85_w1" custom="readingOrder {index:0;}">
                    <Coords points="715,2802 715,2862 941,2862 941,2802"/>
                    <TextEquiv>
                        <Unicode>Lebenslüge</Unicode>
                    </TextEquiv>
                </Word>
                <Word id="tr_1_tl_85_w2" custom="readingOrder {index:1;}">
                    <Coords points="979,2804 979,2864 1230,2864 1230,2804"/>
                    <TextEquiv>
                        <Unicode>hinweglügen</Unicode>
                    </TextEquiv>
                </Word>
                <Word id="tr_1_tl_85_w3" custom="readingOrder {index:2;}">
                    <Coords points="1268,2805 1268,2865 1414,2865 1414,2805"/>
                    <TextEquiv>
                        <Unicode>möchten</Unicode>
                    </TextEquiv>
                </Word>
                <Word id="tr_1_tl_85_w4" custom="readingOrder {index:3;}">
                    <Coords points="1452,2805 1452,2865 1470,2865 1470,2805"/>
                    <TextEquiv>
                        <Unicode>—</Unicode>
                    </TextEquiv>
                </Word>
                <Word id="tr_1_tl_85_w5" custom="readingOrder {index:4;}">
                    <Coords points="1526,2808 1526,2868 1734,2868 1734,2808"/>
                    <TextEquiv>
                        <Unicode>Betrüger,</Unicode>
                    </TextEquiv>
                </Word>
                <Word id="tr_1_tl_85_w6" custom="readingOrder {index:5;}">
                    <Coords points="1759,2811 1759,2871 1808,2871 1808,2811"/>
                    <TextEquiv>
                        <Unicode>die</Unicode>
                    </TextEquiv>
                </Word>
                <Word id="tr_1_tl_85_w7" custom="readingOrder {index:6;}">
                    <Coords points="1839,2808 1839,2868 1894,2868 1894,2808"/>
                    <TextEquiv>
                        <Unicode>er¬</Unicode>
                    </TextEquiv>
                </Word>
                <TextEquiv>
                    <Unicode>Lebenslüge hinweglügen möchten — Betrüger, die er¬</Unicode>
                </TextEquiv>
            </TextLine>
            <TextLine id="tr_1_tl_86" custom="readingOrder {index:85;}">
                <Coords points="251,2874 293,2860 329,2881 346,2863 414,2885 527,2867 562,2885 679,2874 679,2803 654,2796 506,2793 488,2810 371,2796 339,2814 300,2796 251,2803"/>
                <Baseline points="271,2845 297,2847 323,2848 349,2848 375,2848 401,2848 427,2848 453,2848 480,2850 506,2851 532,2851 558,2851 584,2851 610,2851 636,2851 662,2849 689,2845"/>
                <Word id="tr_1_tl_86_w1" custom="readingOrder {index:0;}">
                    <Coords points="264,2805 264,2865 301,2865 301,2805"/>
                    <TextEquiv>
                        <Unicode>es</Unicode>
                    </TextEquiv>
                </Word>
                <Word id="tr_1_tl_86_w2" custom="readingOrder {index:1;}">
                    <Coords points="350,2808 350,2868 451,2868 451,2808"/>
                    <TextEquiv>
                        <Unicode>heißt</Unicode>
                    </TextEquiv>
                </Word>
                <Word id="tr_1_tl_86_w3" custom="readingOrder {index:2;}">
                    <Coords points="500,2811 500,2871 593,2871 593,2811"/>
                    <TextEquiv>
                        <Unicode>jetzt,</Unicode>
                    </TextEquiv>
                </Word>
                <Word id="tr_1_tl_86_w4" custom="readingOrder {index:3;}">
                    <Coords points="633,2809 633,2869 679,2869 679,2809"/>
                    <TextEquiv>
                        <Unicode>sid</Unicode>
                    </TextEquiv>
                </Word>
                <TextEquiv>
                    <Unicode>es heißt jetzt, sid</Unicode>
                </TextEquiv>
            </TextLine>
            <TextLine id="tr_1_tl_87" custom="readingOrder {index:86;}">
                <Coords points="2011,2867 2545,2863 2669,2902 3086,2877 3086,2817 2011,2814"/>
                <Baseline points="2030,2854 2083,2854 2136,2855 2189,2857 2243,2859 2296,2860 2349,2860 2402,2858 2456,2860 2509,2860 2562,2863 2615,2863 2669,2863 2722,2864 2775,2866 2828,2866 2882,2866 2935,2863 2988,2862 3041,2862 3095,2866"/>
                <Word id="tr_1_tl_87_w1" custom="readingOrder {index:0;}">
                    <Coords points="2023,2814 2023,2874 2104,2874 2104,2814"/>
                    <TextEquiv>
                        <Unicode>Das</Unicode>
                    </TextEquiv>
                </Word>
                <Word id="tr_1_tl_87_w2" custom="readingOrder {index:1;}">
                    <Coords points="2143,2819 2143,2879 2374,2879 2374,2819"/>
                    <TextEquiv>
                        <Unicode>Spiegelbild</Unicode>
                    </TextEquiv>
                </Word>
                <Word id="tr_1_tl_87_w3" custom="readingOrder {index:2;}">
                    <Coords points="2413,2820 2413,2880 2509,2880 2509,2820"/>
                    <TextEquiv>
                        <Unicode>einer</Unicode>
                    </TextEquiv>
                </Word>
                <Word id="tr_1_tl_87_w4" custom="readingOrder {index:3;}">
                    <Coords points="2548,2823 2548,2883 2681,2883 2681,2823"/>
                    <TextEquiv>
                        <Unicode>Stadt,</Unicode>
                    </TextEquiv>
                </Word>
                <Word id="tr_1_tl_87_w5" custom="readingOrder {index:4;}">
                    <Coords points="2712,2824 2712,2884 2764,2884 2764,2824"/>
                    <TextEquiv>
                        <Unicode>die</Unicode>
                    </TextEquiv>
                </Word>
                <Word id="tr_1_tl_87_w6" custom="readingOrder {index:5;}">
                    <Coords points="2795,2825 2795,2885 2989,2885 2989,2825"/>
                    <TextEquiv>
                        <Unicode>inzwischen</Unicode>
                    </TextEquiv>
                </Word>
                <Word id="tr_1_tl_87_w7" custom="readingOrder {index:6;}">
                    <Coords points="3035,2822 3035,2882 3064,2882 3064,2822"/>
                    <TextEquiv>
                        <Unicode>ih</Unicode>
                    </TextEquiv>
                </Word>
                <TextEquiv>
                    <Unicode>Das Spiegelbild einer Stadt, die inzwischen ih</Unicode>
                </TextEquiv>
            </TextLine>
            <TextLine id="tr_1_tl_88" custom="readingOrder {index:87;}">
                <Coords points="703,2906 1637,2909 1637,2860 1509,2842 703,2849"/>
                <Baseline points="722,2892 768,2892 814,2892 860,2892 906,2892 952,2892 998,2895 1045,2893 1091,2894 1137,2893 1183,2895 1229,2895 1275,2894 1321,2893 1368,2895 1414,2894 1460,2893 1506,2893 1552,2894 1598,2895 1645,2895"/>
                <Word id="tr_1_tl_88_w1" custom="readingOrder {index:0;}">
                    <Coords points="712,2852 712,2912 841,2912 841,2852"/>
                    <TextEquiv>
                        <Unicode>kennen</Unicode>
                    </TextEquiv>
                </Word>
                <Word id="tr_1_tl_88_w2" custom="readingOrder {index:1;}">
                    <Coords points="875,2852 875,2912 1031,2912 1031,2852"/>
                    <TextEquiv>
                        <Unicode>müssen,</Unicode>
                    </TextEquiv>
                </Word>
                <Word id="tr_1_tl_88_w3" custom="readingOrder {index:2;}">
                    <Coords points="1051,2853 1051,2913 1109,2913 1109,2853"/>
                    <TextEquiv>
                        <Unicode>daß</Unicode>
                    </TextEquiv>
                </Word>
                <Word id="tr_1_tl_88_w4" custom="readingOrder {index:3;}">
                    <Coords points="1143,2854 1143,2914 1182,2914 1182,2854"/>
                    <TextEquiv>
                        <Unicode>sie</Unicode>
                    </TextEquiv>
                </Word>
                <Word id="tr_1_tl_88_w5" custom="readingOrder {index:4;}">
                    <Coords points="1202,2855 1202,2915 1253,2915 1253,2855"/>
                    <TextEquiv>
                        <Unicode>die</Unicode>
                    </TextEquiv>
                </Word>
                <Word id="tr_1_tl_88_w6" custom="readingOrder {index:5;}">
                    <Coords points="1280,2854 1280,2914 1508,2914 1508,2854"/>
                    <TextEquiv>
                        <Unicode>Betrogenen</Unicode>
                    </TextEquiv>
                </Word>
                <Word id="tr_1_tl_88_w7" custom="readingOrder {index:6;}">
                    <Coords points="1541,2854 1541,2914 1632,2914 1632,2854"/>
                    <TextEquiv>
                        <Unicode>sind.</Unicode>
                    </TextEquiv>
                </Word>
                <TextEquiv>
                    <Unicode>kennen müssen, daß sie die Betrogenen sind.</Unicode>
                </TextEquiv>
            </TextLine>
            <TextLine id="tr_1_tl_89" custom="readingOrder {index:88;}">
                <Coords points="1916,2931 2573,2927 2570,2870 2542,2863 2075,2870 1912,2846"/>
                <Baseline points="1934,2904 1966,2902 1998,2902 2031,2904 2063,2904 2096,2906 2128,2906 2160,2904 2193,2904 2225,2905 2258,2907 2290,2907 2322,2907 2355,2907 2387,2907 2420,2910 2452,2910 2484,2909 2517,2907 2549,2909 2582,2907"/>
                <Word id="tr_1_tl_89_w1" custom="readingOrder {index:0;}">
                    <Coords points="1931,2863 1931,2923 2105,2923 2105,2863"/>
                    <TextEquiv>
                        <Unicode>eigenstes</Unicode>
                    </TextEquiv>
                </Word>
                <Word id="tr_1_tl_89_w2" custom="readingOrder {index:1;}">
                    <Coords points="2136,2864 2136,2924 2196,2924 2196,2864"/>
                    <TextEquiv>
                        <Unicode>Ich</Unicode>
                    </TextEquiv>
                </Word>
                <Word id="tr_1_tl_89_w3" custom="readingOrder {index:2;}">
                    <Coords points="2227,2867 2227,2927 2392,2927 2392,2867"/>
                    <TextEquiv>
                        <Unicode>verlieren</Unicode>
                    </TextEquiv>
                </Word>
                <Word id="tr_1_tl_89_w4" custom="readingOrder {index:3;}">
                    <Coords points="2431,2868 2431,2928 2566,2928 2566,2868"/>
                    <TextEquiv>
                        <Unicode>mußte.</Unicode>
                    </TextEquiv>
                </Word>
                <TextEquiv>
                    <Unicode>eigenstes Ich verlieren mußte.</Unicode>
                </TextEquiv>
            </TextLine>
            <TextLine id="tr_1_tl_90" custom="readingOrder {index:89;}">
                <Coords points="198,2959 279,2948 378,2966 403,2945 421,2962 527,2966 551,2945 689,2962 689,2909 661,2913 626,2881 559,2909 498,2877 382,2877 293,2909 198,2902"/>
                <Baseline points="217,2949 242,2951 267,2952 292,2950 317,2949 342,2949 367,2949 393,2949 418,2949 443,2949 468,2951 493,2952 518,2950 544,2949 569,2949 594,2949 619,2949 644,2949 669,2949 695,2949"/>
                <Word id="tr_1_tl_90_w1" custom="readingOrder {index:0;}">
                    <Coords points="203,2909 203,2969 249,2969 249,2909"/>
                    <TextEquiv>
                        <Unicode>r</Unicode>
                    </TextEquiv>
                </Word>
                <Word id="tr_1_tl_90_w2" custom="readingOrder {index:1;}">
                    <Coords points="297,2909 297,2969 359,2969 359,2909"/>
                    <TextEquiv>
                        <Unicode>dem</Unicode>
                    </TextEquiv>
                </Word>
                <Word id="tr_1_tl_90_w3" custom="readingOrder {index:2;}">
                    <Coords points="415,2911 415,2971 532,2971 532,2911"/>
                    <TextEquiv>
                        <Unicode>Bilde</Unicode>
                    </TextEquiv>
                </Word>
                <Word id="tr_1_tl_90_w4" custom="readingOrder {index:3;}">
                    <Coords points="564,2909 564,2969 681,2969 681,2909"/>
                    <TextEquiv>
                        <Unicode>Artur</Unicode>
                    </TextEquiv>
                </Word>
                <TextEquiv>
                    <Unicode>r dem Bilde Artur</Unicode>
                </TextEquiv>
            </TextLine>
            <TextLine id="tr_1_tl_91" custom="readingOrder {index:90;}">
                <Coords points="820,2962 1690,2973 1690,2916 1637,2906 820,2916"/>
                <Baseline points="841,2952 883,2952 926,2949 969,2952 1012,2952 1055,2950 1098,2951 1140,2952 1183,2952 1226,2952 1269,2952 1312,2952 1355,2952 1398,2953 1440,2955 1483,2954 1526,2953 1569,2955 1612,2955 1655,2956 1698,2958"/>
                <Word id="tr_1_tl_91_w1" custom="readingOrder {index:0;}">
                    <Coords points="825,2912 825,2972 894,2972 894,2912"/>
                    <TextEquiv>
                        <Unicode>„Es</Unicode>
                    </TextEquiv>
                </Word>
                <Word id="tr_1_tl_91_w2" custom="readingOrder {index:1;}">
                    <Coords points="921,2912 921,2972 1033,2972 1033,2912"/>
                    <TextEquiv>
                        <Unicode>fließen</Unicode>
                    </TextEquiv>
                </Word>
                <Word id="tr_1_tl_91_w3" custom="readingOrder {index:2;}">
                    <Coords points="1065,2912 1065,2972 1262,2972 1262,2912"/>
                    <TextEquiv>
                        <Unicode>ineinander</Unicode>
                    </TextEquiv>
                </Word>
                <Word id="tr_1_tl_91_w4" custom="readingOrder {index:3;}">
                    <Coords points="1289,2912 1289,2972 1395,2972 1395,2912"/>
                    <TextEquiv>
                        <Unicode>Traum</Unicode>
                    </TextEquiv>
                </Word>
                <Word id="tr_1_tl_91_w5" custom="readingOrder {index:4;}">
                    <Coords points="1443,2914 1443,2974 1502,2974 1502,2914"/>
                    <TextEquiv>
                        <Unicode>und</Unicode>
                    </TextEquiv>
                </Word>
                <Word id="tr_1_tl_91_w6" custom="readingOrder {index:5;}">
                    <Coords points="1534,2915 1534,2975 1688,2975 1688,2915"/>
                    <TextEquiv>
                        <Unicode>Wachen,</Unicode>
                    </TextEquiv>
                </Word>
                <TextEquiv>
                    <Unicode>„Es fließen ineinander Traum und Wachen,</Unicode>
                </TextEquiv>
            </TextLine>
            <TextLine id="tr_1_tl_92" custom="readingOrder {index:91;}">
                <Coords points="824,2998 1676,3012 1676,2962 1633,2959 824,2959"/>
                <Baseline points="844,2991 886,2991 928,2991 970,2993 1012,2994 1054,2994 1096,2994 1138,2996 1180,2996 1222,2994 1265,2994 1307,2994 1349,2994 1391,2995 1433,2997 1475,2997 1517,2997 1559,2997 1601,2997 1643,2997 1686,2997"/>
                <Word id="tr_1_tl_92_w1" custom="readingOrder {index:0;}">
                    <Coords points="829,2951 829,3011 1004,3011 1004,2951"/>
                    <TextEquiv>
                        <Unicode>Wahrheit</Unicode>
                    </TextEquiv>
                </Word>
                <Word id="tr_1_tl_92_w2" custom="readingOrder {index:1;}">
                    <Coords points="1026,2954 1026,3014 1089,3014 1089,2954"/>
                    <TextEquiv>
                        <Unicode>und</Unicode>
                    </TextEquiv>
                </Word>
                <Word id="tr_1_tl_92_w3" custom="readingOrder {index:2;}">
                    <Coords points="1117,2956 1117,3016 1217,3016 1217,2956"/>
                    <TextEquiv>
                        <Unicode>Büge.</Unicode>
                    </TextEquiv>
                </Word>
                <Word id="tr_1_tl_92_w4" custom="readingOrder {index:3;}">
                    <Coords points="1239,2954 1239,3014 1419,3014 1419,2954"/>
                    <TextEquiv>
                        <Unicode>Sicherheit</Unicode>
                    </TextEquiv>
                </Word>
                <Word id="tr_1_tl_92_w5" custom="readingOrder {index:4;}">
                    <Coords points="1441,2957 1441,3017 1477,3017 1477,2957"/>
                    <TextEquiv>
                        <Unicode>ist</Unicode>
                    </TextEquiv>
                </Word>
                <Word id="tr_1_tl_92_w6" custom="readingOrder {index:5;}">
                    <Coords points="1499,2957 1499,3017 1674,3017 1674,2957"/>
                    <TextEquiv>
                        <Unicode>nirgends.</Unicode>
                    </TextEquiv>
                </Word>
                <TextEquiv>
                    <Unicode>Wahrheit und Büge. Sicherheit ist nirgends.</Unicode>
                </TextEquiv>
            </TextLine>
            <TextLine id="tr_1_tl_93" custom="readingOrder {index:92;}">
                <Coords points="201,2998 318,3008 336,3026 399,3001 470,3022 520,3005 544,3019 580,3005 686,3012 686,2966 555,2948 527,2969 424,2966 407,2948 382,2966 300,2962 283,2948 201,2973"/>
                <Baseline points="220,2997 245,2999 270,3000 295,3000 320,3000 345,3000 370,3000 395,3000 420,3000 445,3000 470,3000 495,3000 520,3000 545,2999 570,2998 595,2997 620,2997 645,2997 670,2997 695,2997"/>
                <Word id="tr_1_tl_93_w1" custom="readingOrder {index:0;}">
                    <Coords points="202,2960 202,3020 380,3020 380,2960"/>
                    <TextEquiv>
                        <Unicode>Asichtbar</Unicode>
                    </TextEquiv>
                </Word>
                <Word id="tr_1_tl_93_w2" custom="readingOrder {index:1;}">
                    <Coords points="416,2960 416,3020 504,3020 504,2960"/>
                    <TextEquiv>
                        <Unicode>zwei</Unicode>
                    </TextEquiv>
                </Word>
                <Word id="tr_1_tl_93_w3" custom="readingOrder {index:2;}">
                    <Coords points="535,2957 535,3017 688,3017 688,2957"/>
                    <TextEquiv>
                        <Unicode>Worte:</Unicode>
                    </TextEquiv>
                </Word>
                <TextEquiv>
                    <Unicode>Asichtbar zwei Worte:</Unicode>
                </TextEquiv>
            </TextLine>
            <TextLine id="tr_1_tl_94" custom="readingOrder {index:93;}">
                <Coords points="2008,3040 3111,3033 3111,2948 2948,2994 2782,2952 2542,2987 2008,2959"/>
                <Baseline points="2027,3027 2081,3031 2136,3033 2190,3033 2245,3036 2300,3036 2354,3033 2409,3035 2463,3034 2518,3036 2573,3036 2627,3037 2682,3037 2736,3039 2791,3039 2846,3039 2900,3040 2955,3040 3009,3039 3064,3039 3119,3036"/>
                <Word id="tr_1_tl_94_w1" custom="readingOrder {index:0;}">
                    <Coords points="2030,2990 2030,3050 2126,3050 2126,2990"/>
                    <TextEquiv>
                        <Unicode>Aber</Unicode>
                    </TextEquiv>
                </Word>
                <Word id="tr_1_tl_94_w2" custom="readingOrder {index:1;}">
                    <Coords points="2148,2995 2148,3055 2309,3055 2309,2995"/>
                    <TextEquiv>
                        <Unicode>solange</Unicode>
                    </TextEquiv>
                </Word>
                <Word id="tr_1_tl_94_w3" custom="readingOrder {index:2;}">
                    <Coords points="2332,2994 2332,3054 2449,3054 2449,2994"/>
                    <TextEquiv>
                        <Unicode>Artur</Unicode>
                    </TextEquiv>
                </Word>
                <Word id="tr_1_tl_94_w4" custom="readingOrder {index:3;}">
                    <Coords points="2472,2996 2472,3056 2676,3056 2676,2996"/>
                    <TextEquiv>
                        <Unicode>Schnitzler</Unicode>
                    </TextEquiv>
                </Word>
                <Word id="tr_1_tl_94_w5" custom="readingOrder {index:4;}">
                    <Coords points="2709,2999 2709,3059 2794,3059 2794,2999"/>
                    <TextEquiv>
                        <Unicode>noch</Unicode>
                    </TextEquiv>
                </Word>
                <Word id="tr_1_tl_94_w6" custom="readingOrder {index:5;}">
                    <Coords points="2817,2999 2817,3059 2924,3059 2924,2999"/>
                    <TextEquiv>
                        <Unicode>lebte,</Unicode>
                    </TextEquiv>
                </Word>
                <Word id="tr_1_tl_94_w7" custom="readingOrder {index:6;}">
                    <Coords points="2947,2999 2947,3059 3085,3059 3085,2999"/>
                    <TextEquiv>
                        <Unicode>solans¬</Unicode>
                    </TextEquiv>
                </Word>
                <TextEquiv>
                    <Unicode>Aber solange Artur Schnitzler noch lebte, solans¬</Unicode>
                </TextEquiv>
            </TextLine>
            <TextLine id="tr_1_tl_95" custom="readingOrder {index:94;}">
                <Coords points="824,3044 1746,3058 1746,2991 1718,2987 1647,3019 824,2998"/>
                <Baseline points="844,3036 889,3036 935,3036 980,3036 1026,3039 1071,3039 1117,3039 1162,3036 1208,3039 1253,3039 1299,3039 1345,3039 1390,3040 1436,3042 1481,3041 1527,3039 1572,3040 1618,3042 1663,3043 1709,3045 1755,3048"/>
                <Word id="tr_1_tl_95_w1" custom="readingOrder {index:0;}">
                    <Coords points="829,2996 829,3056 899,3056 899,2996"/>
                    <TextEquiv>
                        <Unicode>Wir</Unicode>
                    </TextEquiv>
                </Word>
                <Word id="tr_1_tl_95_w2" custom="readingOrder {index:1;}">
                    <Coords points="930,2996 930,3056 1025,3056 1025,2996"/>
                    <TextEquiv>
                        <Unicode>wissen</Unicode>
                    </TextEquiv>
                </Word>
                <Word id="tr_1_tl_95_w3" custom="readingOrder {index:2;}">
                    <Coords points="1061,2999 1061,3059 1157,3059 1157,2999"/>
                    <TextEquiv>
                        <Unicode>nichts</Unicode>
                    </TextEquiv>
                </Word>
                <Word id="tr_1_tl_95_w4" custom="readingOrder {index:3;}">
                    <Coords points="1188,2999 1188,3059 1238,3059 1238,2999"/>
                    <TextEquiv>
                        <Unicode>von</Unicode>
                    </TextEquiv>
                </Word>
                <Word id="tr_1_tl_95_w5" custom="readingOrder {index:4;}">
                    <Coords points="1269,2999 1269,3059 1430,3059 1430,2999"/>
                    <TextEquiv>
                        <Unicode>anderen,</Unicode>
                    </TextEquiv>
                </Word>
                <Word id="tr_1_tl_95_w6" custom="readingOrder {index:5;}">
                    <Coords points="1452,3000 1452,3060 1547,3060 1547,3000"/>
                    <TextEquiv>
                        <Unicode>nichts</Unicode>
                    </TextEquiv>
                </Word>
                <Word id="tr_1_tl_95_w7" custom="readingOrder {index:6;}">
                    <Coords points="1573,3001 1573,3061 1628,3061 1628,3001"/>
                    <TextEquiv>
                        <Unicode>von</Unicode>
                    </TextEquiv>
                </Word>
                <Word id="tr_1_tl_95_w8" custom="readingOrder {index:7;}">
                    <Coords points="1659,3004 1659,3064 1744,3064 1744,3004"/>
                    <TextEquiv>
                        <Unicode>uns;</Unicode>
                    </TextEquiv>
                </Word>
                <TextEquiv>
                    <Unicode>Wir wissen nichts von anderen, nichts von uns;</Unicode>
                </TextEquiv>
            </TextLine>
            <TextLine id="tr_1_tl_96" custom="readingOrder {index:95;}">
                <Coords points="212,3065 343,3051 414,3072 456,3051 513,3065 555,3051 608,3075 633,3054 689,3061 689,3015 615,3005 544,3019 523,3001 470,3022 399,3001 354,3026 318,3008 212,3008"/>
                <Baseline points="232,3048 257,3050 283,3051 309,3049 335,3048 361,3048 387,3049 413,3051 439,3049 465,3049 490,3050 516,3051 542,3051 568,3050 594,3048 620,3048 646,3049 672,3050 698,3051"/>
                <Word id="tr_1_tl_96_w1" custom="readingOrder {index:0;}">
                    <Coords points="214,3009 214,3069 290,3069 290,3009"/>
                    <TextEquiv>
                        <Unicode>icht</Unicode>
                    </TextEquiv>
                </Word>
                <Word id="tr_1_tl_96_w2" custom="readingOrder {index:1;}">
                    <Coords points="356,3009 356,3069 426,3069 426,3009"/>
                    <TextEquiv>
                        <Unicode>erst</Unicode>
                    </TextEquiv>
                </Word>
                <Word id="tr_1_tl_96_w3" custom="readingOrder {index:2;}">
                    <Coords points="479,3010 479,3070 510,3070 510,3010"/>
                    <TextEquiv>
                        <Unicode>in</Unicode>
                    </TextEquiv>
                </Word>
                <Word id="tr_1_tl_96_w4" custom="readingOrder {index:3;}">
                    <Coords points="562,3008 562,3068 678,3068 678,3008"/>
                    <TextEquiv>
                        <Unicode>seinen</Unicode>
                    </TextEquiv>
                </Word>
                <TextEquiv>
                    <Unicode>icht erst in seinen</Unicode>
                </TextEquiv>
            </TextLine>
            <TextLine id="tr_1_tl_97" custom="readingOrder {index:96;}">
                <Coords points="1916,3083 3114,3097 3083,3026 2793,3061 1916,3029"/>
                <Baseline points="1934,3078 1993,3078 2052,3080 2111,3081 2171,3081 2230,3083 2289,3084 2348,3083 2408,3083 2467,3084 2526,3086 2585,3086 2645,3086 2704,3086 2763,3086 2822,3086 2882,3084 2941,3087 3000,3087 3059,3086 3119,3086"/>
                <Word id="tr_1_tl_97_w1" custom="readingOrder {index:0;}">
                    <Coords points="1926,3038 1926,3098 2008,3098 2008,3038"/>
                    <TextEquiv>
                        <Unicode>man</Unicode>
                    </TextEquiv>
                </Word>
                <Word id="tr_1_tl_97_w2" custom="readingOrder {index:1;}">
                    <Coords points="2050,3040 2050,3100 2111,3100 2111,3040"/>
                    <TextEquiv>
                        <Unicode>von</Unicode>
                    </TextEquiv>
                </Word>
                <Word id="tr_1_tl_97_w3" custom="readingOrder {index:2;}">
                    <Coords points="2153,3041 2153,3101 2235,3101 2235,3041"/>
                    <TextEquiv>
                        <Unicode>Zeit</Unicode>
                    </TextEquiv>
                </Word>
                <Word id="tr_1_tl_97_w4" custom="readingOrder {index:3;}">
                    <Coords points="2270,3043 2270,3103 2304,3103 2304,3043"/>
                    <TextEquiv>
                        <Unicode>zu</Unicode>
                    </TextEquiv>
                </Word>
                <Word id="tr_1_tl_97_w5" custom="readingOrder {index:4;}">
                    <Coords points="2339,3043 2339,3103 2421,3103 2421,3043"/>
                    <TextEquiv>
                        <Unicode>Zeit</Unicode>
                    </TextEquiv>
                </Word>
                <Word id="tr_1_tl_97_w6" custom="readingOrder {index:5;}">
                    <Coords points="2456,3044 2456,3104 2531,3104 2531,3044"/>
                    <TextEquiv>
                        <Unicode>voll</Unicode>
                    </TextEquiv>
                </Word>
                <Word id="tr_1_tl_97_w7" custom="readingOrder {index:6;}">
                    <Coords points="2559,3046 2559,3106 2662,3106 2662,3046"/>
                    <TextEquiv>
                        <Unicode>Liebe</Unicode>
                    </TextEquiv>
                </Word>
                <Word id="tr_1_tl_97_w8" custom="readingOrder {index:7;}">
                    <Coords points="2697,3046 2697,3106 2765,3106 2765,3046"/>
                    <TextEquiv>
                        <Unicode>und</Unicode>
                    </TextEquiv>
                </Word>
                <Word id="tr_1_tl_97_w9" custom="readingOrder {index:8;}">
                    <Coords points="2800,3045 2800,3105 3013,3105 3013,3045"/>
                    <TextEquiv>
                        <Unicode>Verehrung</Unicode>
                    </TextEquiv>
                </Word>
                <Word id="tr_1_tl_97_w10" custom="readingOrder {index:9;}">
                    <Coords points="3055,3046 3055,3106 3081,3106 3081,3046"/>
                    <TextEquiv>
                        <Unicode>in</Unicode>
                    </TextEquiv>
                </Word>
                <TextEquiv>
                    <Unicode>man von Zeit zu Zeit voll Liebe und Verehrung in</Unicode>
                </TextEquiv>
            </TextLine>
            <TextLine id="tr_1_tl_98" custom="readingOrder {index:97;}">
                <Coords points="820,3107 1672,3100 1672,3047 820,3044"/>
                <Baseline points="838,3081 880,3081 922,3084 964,3084 1006,3084 1048,3084 1090,3084 1132,3084 1174,3084 1216,3084 1259,3084 1301,3084 1343,3084 1385,3084 1427,3084 1469,3086 1511,3086 1553,3086 1595,3086 1637,3088 1680,3089"/>
                <Word id="tr_1_tl_98_w1" custom="readingOrder {index:0;}">
                    <Coords points="827,3041 827,3101 896,3101 896,3041"/>
                    <TextEquiv>
                        <Unicode>Wir</Unicode>
                    </TextEquiv>
                </Word>
                <Word id="tr_1_tl_98_w2" custom="readingOrder {index:1;}">
                    <Coords points="926,3044 926,3104 1043,3104 1043,3044"/>
                    <TextEquiv>
                        <Unicode>spielen</Unicode>
                    </TextEquiv>
                </Word>
                <Word id="tr_1_tl_98_w3" custom="readingOrder {index:2;}">
                    <Coords points="1079,3044 1079,3104 1212,3104 1212,3044"/>
                    <TextEquiv>
                        <Unicode>immer,</Unicode>
                    </TextEquiv>
                </Word>
                <Word id="tr_1_tl_98_w4" custom="readingOrder {index:3;}">
                    <Coords points="1236,3044 1236,3104 1300,3104 1300,3044"/>
                    <TextEquiv>
                        <Unicode>wer</Unicode>
                    </TextEquiv>
                </Word>
                <Word id="tr_1_tl_98_w5" custom="readingOrder {index:4;}">
                    <Coords points="1330,3044 1330,3104 1359,3104 1359,3044"/>
                    <TextEquiv>
                        <Unicode>es</Unicode>
                    </TextEquiv>
                </Word>
                <Word id="tr_1_tl_98_w6" custom="readingOrder {index:5;}">
                    <Coords points="1388,3044 1388,3104 1488,3104 1488,3044"/>
                    <TextEquiv>
                        <Unicode>weiß,</Unicode>
                    </TextEquiv>
                </Word>
                <Word id="tr_1_tl_98_w7" custom="readingOrder {index:6;}">
                    <Coords points="1512,3046 1512,3106 1546,3106 1546,3046"/>
                    <TextEquiv>
                        <Unicode>ist</Unicode>
                    </TextEquiv>
                </Word>
                <Word id="tr_1_tl_98_w8" custom="readingOrder {index:7;}">
                    <Coords points="1576,3047 1576,3107 1674,3107 1674,3047"/>
                    <TextEquiv>
                        <Unicode>klug."</Unicode>
                    </TextEquiv>
                </Word>
                <TextEquiv>
                    <Unicode>Wir spielen immer, wer es weiß, ist klug."</Unicode>
                </TextEquiv>
            </TextLine>
            <TextLine id="tr_1_tl_99" custom="readingOrder {index:98;}">
                <Coords points="209,3107 315,3104 346,3121 410,3100 460,3118 583,3097 693,3104 693,3058 626,3054 576,3072 551,3047 523,3061 452,3047 421,3072 311,3047 209,3065"/>
                <Baseline points="229,3095 255,3097 281,3098 307,3096 333,3095 360,3095 386,3095 412,3095 438,3097 465,3097 491,3095 517,3096 543,3098 569,3096 596,3095 622,3095 648,3095 674,3096 701,3098"/>
                <Word id="tr_1_tl_99_w1" custom="readingOrder {index:0;}">
                    <Coords points="211,3057 211,3117 372,3117 372,3057"/>
                    <TextEquiv>
                        <Unicode>rrlichen</Unicode>
                    </TextEquiv>
                </Word>
                <Word id="tr_1_tl_99_w2" custom="readingOrder {index:1;}">
                    <Coords points="431,3055 431,3115 553,3115 553,3055"/>
                    <TextEquiv>
                        <Unicode>„Buch</Unicode>
                    </TextEquiv>
                </Word>
                <Word id="tr_1_tl_99_w3" custom="readingOrder {index:2;}">
                    <Coords points="625,3055 625,3115 688,3115 688,3055"/>
                    <TextEquiv>
                        <Unicode>der</Unicode>
                    </TextEquiv>
                </Word>
                <TextEquiv>
                    <Unicode>rrlichen „Buch der</Unicode>
                </TextEquiv>
            </TextLine>
            <TextLine id="tr_1_tl_100" custom="readingOrder {index:99;}">
                <Coords points="1927,3132 3118,3150 3118,3097 3051,3086 1927,3083"/>
                <Baseline points="1946,3125 2005,3125 2064,3127 2123,3128 2182,3127 2241,3127 2300,3131 2359,3130 2418,3128 2477,3131 2537,3131 2596,3131 2655,3133 2714,3134 2773,3137 2832,3135 2891,3137 2950,3136 3009,3136 3068,3137 3128,3140"/>
                <Word id="tr_1_tl_100_w1" custom="readingOrder {index:0;}">
                    <Coords points="1929,3085 1929,3145 2018,3145 2018,3085"/>
                    <TextEquiv>
                        <Unicode>seine</Unicode>
                    </TextEquiv>
                </Word>
                <Word id="tr_1_tl_100_w2" custom="readingOrder {index:1;}">
                    <Coords points="2057,3087 2057,3147 2249,3147 2249,3087"/>
                    <TextEquiv>
                        <Unicode>herrlichen</Unicode>
                    </TextEquiv>
                </Word>
                <Word id="tr_1_tl_100_w3" custom="readingOrder {index:2;}">
                    <Coords points="2294,3090 2294,3150 2422,3150 2422,3090"/>
                    <TextEquiv>
                        <Unicode>Augen</Unicode>
                    </TextEquiv>
                </Word>
                <Word id="tr_1_tl_100_w4" custom="readingOrder {index:3;}">
                    <Coords points="2461,3091 2461,3151 2613,3151 2613,3091"/>
                    <TextEquiv>
                        <Unicode>blicken,</Unicode>
                    </TextEquiv>
                </Word>
                <Word id="tr_1_tl_100_w5" custom="readingOrder {index:4;}">
                    <Coords points="2640,3093 2640,3153 2697,3153 2697,3093"/>
                    <TextEquiv>
                        <Unicode>ihm</Unicode>
                    </TextEquiv>
                </Word>
                <Word id="tr_1_tl_100_w6" custom="readingOrder {index:5;}">
                    <Coords points="2755,3095 2755,3155 2902,3155 2902,3095"/>
                    <TextEquiv>
                        <Unicode>zuhören</Unicode>
                    </TextEquiv>
                </Word>
                <Word id="tr_1_tl_100_w7" custom="readingOrder {index:6;}">
                    <Coords points="2948,3096 2948,3156 3094,3156 3094,3096"/>
                    <TextEquiv>
                        <Unicode>durfte:</Unicode>
                    </TextEquiv>
                </Word>
                <TextEquiv>
                    <Unicode>seine herrlichen Augen blicken, ihm zuhören durfte:</Unicode>
                </TextEquiv>
            </TextLine>
            <TextLine id="tr_1_tl_101" custom="readingOrder {index:100;}">
                <Coords points="201,3167 240,3150 300,3171 339,3150 506,3150 569,3182 608,3153 650,3150 650,3111 604,3093 559,3114 506,3104 481,3121 414,3100 350,3125 318,3107 205,3097"/>
                <Baseline points="223,3146 248,3148 274,3149 299,3149 325,3149 350,3149 376,3151 402,3151 427,3149 453,3149 478,3149 504,3145 530,3144 555,3145 581,3145 606,3143 632,3143 658,3142"/>
                <Word id="tr_1_tl_101_w1" custom="readingOrder {index:0;}">
                    <Coords points="205,3108 205,3168 305,3168 305,3108"/>
                    <TextEquiv>
                        <Unicode>Bang</Unicode>
                    </TextEquiv>
                </Word>
                <Word id="tr_1_tl_101_w2" custom="readingOrder {index:1;}">
                    <Coords points="363,3111 363,3171 428,3171 428,3111"/>
                    <TextEquiv>
                        <Unicode>zum</Unicode>
                    </TextEquiv>
                </Word>
                <Word id="tr_1_tl_101_w3" custom="readingOrder {index:2;}">
                    <Coords points="500,3105 500,3165 643,3165 643,3105"/>
                    <TextEquiv>
                        <Unicode>Weiher</Unicode>
                    </TextEquiv>
                </Word>
                <TextEquiv>
                    <Unicode>Bang zum Weiher</Unicode>
                </TextEquiv>
            </TextLine>
            <TextLine id="tr_1_tl_102" custom="readingOrder {index:101;}">
                <Coords points="1927,3189 3107,3217 3107,3150 3051,3139 1927,3153"/>
                <Baseline points="1946,3176 2004,3176 2063,3174 2121,3176 2180,3176 2238,3178 2297,3176 2355,3179 2414,3177 2472,3177 2531,3179 2589,3182 2648,3182 2706,3182 2765,3183 2823,3185 2882,3185 2940,3183 2999,3183 3057,3184 3116,3188"/>
                <Word id="tr_1_tl_102_w1" custom="readingOrder {index:0;}">
                    <Coords points="1931,3136 1931,3196 2073,3196 2073,3136"/>
                    <TextEquiv>
                        <Unicode>solange</Unicode>
                    </TextEquiv>
                </Word>
                <Word id="tr_1_tl_102_w2" custom="readingOrder {index:1;}">
                    <Coords points="2104,3136 2104,3196 2178,3196 2178,3136"/>
                    <TextEquiv>
                        <Unicode>war</Unicode>
                    </TextEquiv>
                </Word>
                <Word id="tr_1_tl_102_w3" custom="readingOrder {index:2;}">
                    <Coords points="2201,3137 2201,3197 2283,3197 2283,3137"/>
                    <TextEquiv>
                        <Unicode>noch</Unicode>
                    </TextEquiv>
                </Word>
                <Word id="tr_1_tl_102_w4" custom="readingOrder {index:3;}">
                    <Coords points="2314,3138 2314,3198 2358,3198 2358,3138"/>
                    <TextEquiv>
                        <Unicode>ein</Unicode>
                    </TextEquiv>
                </Word>
                <Word id="tr_1_tl_102_w5" custom="readingOrder {index:4;}">
                    <Coords points="2389,3137 2389,3197 2478,3197 2478,3137"/>
                    <TextEquiv>
                        <Unicode>Rest</Unicode>
                    </TextEquiv>
                </Word>
                <Word id="tr_1_tl_102_w6" custom="readingOrder {index:5;}">
                    <Coords points="2501,3138 2501,3198 2560,3198 2560,3138"/>
                    <TextEquiv>
                        <Unicode>von</Unicode>
                    </TextEquiv>
                </Word>
                <Word id="tr_1_tl_102_w7" custom="readingOrder {index:6;}">
                    <Coords points="2591,3142 2591,3202 2785,3202 2785,3142"/>
                    <TextEquiv>
                        <Unicode>tröstlicher</Unicode>
                    </TextEquiv>
                </Word>
                <Word id="tr_1_tl_102_w8" custom="readingOrder {index:7;}">
                    <Coords points="2816,3143 2816,3203 3010,3203 3010,3143"/>
                    <TextEquiv>
                        <Unicode>Zuversicht</Unicode>
                    </TextEquiv>
                </Word>
                <Word id="tr_1_tl_102_w9" custom="readingOrder {index:8;}">
                    <Coords points="3033,3144 3033,3204 3100,3204 3100,3144"/>
                    <TextEquiv>
                        <Unicode>da,</Unicode>
                    </TextEquiv>
                </Word>
                <TextEquiv>
                    <Unicode>solange war noch ein Rest von tröstlicher Zuversicht da,</Unicode>
                </TextEquiv>
            </TextLine>
            <TextLine id="tr_1_tl_103" custom="readingOrder {index:102;}">
                <Coords points="802,3196 1888,3206 1888,3146 1778,3136 1481,3150 1283,3111 1195,3157 802,3125"/>
                <Baseline points="823,3188 876,3185 930,3186 983,3190 1037,3191 1091,3191 1144,3191 1198,3194 1251,3194 1305,3194 1359,3194 1412,3194 1466,3194 1519,3194 1573,3194 1627,3194 1680,3197 1734,3197 1787,3197 1841,3195 1895,3194"/>
                <Word id="tr_1_tl_103_w1" custom="readingOrder {index:0;}">
                    <Coords points="811,3145 811,3205 1020,3205 1020,3145"/>
                    <TextEquiv>
                        <Unicode>Sicherheit</Unicode>
                    </TextEquiv>
                </Word>
                <Word id="tr_1_tl_103_w2" custom="readingOrder {index:1;}">
                    <Coords points="1047,3151 1047,3211 1092,3211 1092,3151"/>
                    <TextEquiv>
                        <Unicode>ist</Unicode>
                    </TextEquiv>
                </Word>
                <Word id="tr_1_tl_103_w3" custom="readingOrder {index:2;}">
                    <Coords points="1112,3154 1112,3214 1314,3214 1314,3154"/>
                    <TextEquiv>
                        <Unicode>nirgends.</Unicode>
                    </TextEquiv>
                </Word>
                <Word id="tr_1_tl_103_w4" custom="readingOrder {index:3;}">
                    <Coords points="1334,3154 1334,3214 1412,3214 1412,3154"/>
                    <TextEquiv>
                        <Unicode>Aus</Unicode>
                    </TextEquiv>
                </Word>
                <Word id="tr_1_tl_103_w5" custom="readingOrder {index:4;}">
                    <Coords points="1445,3154 1445,3214 1503,3214 1503,3154"/>
                    <TextEquiv>
                        <Unicode>dem</Unicode>
                    </TextEquiv>
                </Word>
                <Word id="tr_1_tl_103_w6" custom="readingOrder {index:5;}">
                    <Coords points="1550,3154 1550,3214 1700,3214 1700,3154"/>
                    <TextEquiv>
                        <Unicode>Grauen</Unicode>
                    </TextEquiv>
                </Word>
                <Word id="tr_1_tl_103_w7" custom="readingOrder {index:6;}">
                    <Coords points="1740,3157 1740,3217 1798,3217 1798,3157"/>
                    <TextEquiv>
                        <Unicode>vor</Unicode>
                    </TextEquiv>
                </Word>
                <Word id="tr_1_tl_103_w8" custom="readingOrder {index:7;}">
                    <Coords points="1831,3154 1831,3214 1889,3214 1889,3154"/>
                    <TextEquiv>
                        <Unicode>der</Unicode>
                    </TextEquiv>
                </Word>
                <TextEquiv>
                    <Unicode>Sicherheit ist nirgends. Aus dem Grauen vor der</Unicode>
                </TextEquiv>
            </TextLine>
            <TextLine id="tr_1_tl_104" custom="readingOrder {index:103;}">
                <Coords points="205,3203 686,3203 689,3136 594,3167 488,3146 449,3160 343,3150 318,3167 240,3150 205,3167"/>
                <Baseline points="226,3194 252,3194 278,3194 304,3192 330,3192 356,3194 382,3194 408,3194 434,3194 460,3194 486,3194 512,3194 538,3194 564,3192 590,3191 616,3189 642,3190 668,3193 695,3194"/>
                <Word id="tr_1_tl_104_w1" custom="readingOrder {index:0;}">
                    <Coords points="207,3154 207,3214 268,3214 268,3154"/>
                    <TextEquiv>
                        <Unicode>zied</Unicode>
                    </TextEquiv>
                </Word>
                <Word id="tr_1_tl_104_w2" custom="readingOrder {index:1;}">
                    <Coords points="319,3154 319,3214 560,3214 560,3154"/>
                    <TextEquiv>
                        <Unicode>genormen.</Unicode>
                    </TextEquiv>
                </Word>
                <Word id="tr_1_tl_104_w3" custom="readingOrder {index:2;}">
                    <Coords points="605,3150 605,3210 685,3210 685,3150"/>
                    <TextEquiv>
                        <Unicode>Wie</Unicode>
                    </TextEquiv>
                </Word>
                <TextEquiv>
                    <Unicode>zied genormen. Wie</Unicode>
                </TextEquiv>
            </TextLine>
            <TextLine id="tr_1_tl_105" custom="readingOrder {index:104;}">
                <Coords points="1909,3245 2641,3238 2641,3189 2588,3182 1909,3185"/>
                <Baseline points="1928,3227 1964,3225 2000,3222 2036,3222 2072,3223 2108,3221 2144,3223 2181,3224 2217,3224 2253,3225 2289,3227 2325,3224 2361,3226 2397,3227 2434,3227 2470,3227 2506,3227 2542,3229 2578,3228 2614,3227 2651,3230"/>
                <Word id="tr_1_tl_105_w1" custom="readingOrder {index:0;}">
                    <Coords points="1924,3186 1924,3246 1961,3246 1961,3186"/>
                    <TextEquiv>
                        <Unicode>zu</Unicode>
                    </TextEquiv>
                </Word>
                <Word id="tr_1_tl_105_w2" custom="readingOrder {index:1;}">
                    <Coords points="1993,3182 1993,3242 2049,3242 2049,3182"/>
                    <TextEquiv>
                        <Unicode>dem</Unicode>
                    </TextEquiv>
                </Word>
                <Word id="tr_1_tl_105_w3" custom="readingOrder {index:2;}">
                    <Coords points="2100,3182 2100,3242 2169,3242 2169,3182"/>
                    <TextEquiv>
                        <Unicode>man</Unicode>
                    </TextEquiv>
                </Word>
                <Word id="tr_1_tl_105_w4" custom="readingOrder {index:3;}">
                    <Coords points="2208,3184 2208,3244 2296,3244 2296,3184"/>
                    <TextEquiv>
                        <Unicode>seine</Unicode>
                    </TextEquiv>
                </Word>
                <Word id="tr_1_tl_105_w5" custom="readingOrder {index:4;}">
                    <Coords points="2322,3187 2322,3247 2491,3247 2491,3187"/>
                    <TextEquiv>
                        <Unicode>Zuflucht</Unicode>
                    </TextEquiv>
                </Word>
                <Word id="tr_1_tl_105_w6" custom="readingOrder {index:5;}">
                    <Coords points="2517,3188 2517,3248 2611,3248 2611,3188"/>
                    <TextEquiv>
                        <Unicode>nahm</Unicode>
                    </TextEquiv>
                </Word>
                <TextEquiv>
                    <Unicode>zu dem man seine Zuflucht nahm</Unicode>
                </TextEquiv>
            </TextLine>
            <TextLine id="tr_1_tl_106" custom="readingOrder {index:105;}">
                <Coords points="711,3242 1884,3252 1884,3206 1828,3196 711,3189"/>
                <Baseline points="731,3236 789,3237 847,3239 905,3239 963,3239 1021,3239 1079,3239 1137,3239 1195,3242 1253,3240 1311,3239 1369,3241 1427,3241 1485,3242 1543,3242 1601,3242 1659,3242 1717,3242 1775,3245 1833,3243 1892,3242"/>
                <Word id="tr_1_tl_106_w1" custom="readingOrder {index:0;}">
                    <Coords points="719,3198 719,3258 964,3258 964,3198"/>
                    <TextEquiv>
                        <Unicode>Unsicherheit</Unicode>
                    </TextEquiv>
                </Word>
                <Word id="tr_1_tl_106_w2" custom="readingOrder {index:1;}">
                    <Coords points="989,3199 989,3259 1055,3259 1055,3199"/>
                    <TextEquiv>
                        <Unicode>legt</Unicode>
                    </TextEquiv>
                </Word>
                <Word id="tr_1_tl_106_w3" custom="readingOrder {index:2;}">
                    <Coords points="1080,3199 1080,3259 1133,3259 1133,3199"/>
                    <TextEquiv>
                        <Unicode>der</Unicode>
                    </TextEquiv>
                </Word>
                <Word id="tr_1_tl_106_w4" custom="readingOrder {index:3;}">
                    <Coords points="1158,3200 1158,3260 1302,3260 1302,3200"/>
                    <TextEquiv>
                        <Unicode>Dichter</Unicode>
                    </TextEquiv>
                </Word>
                <Word id="tr_1_tl_106_w5" custom="readingOrder {index:4;}">
                    <Coords points="1327,3200 1327,3260 1374,3260 1374,3200"/>
                    <TextEquiv>
                        <Unicode>die</Unicode>
                    </TextEquiv>
                </Word>
                <Word id="tr_1_tl_106_w6" custom="readingOrder {index:5;}">
                    <Coords points="1405,3202 1405,3262 1748,3262 1748,3202"/>
                    <TextEquiv>
                        <Unicode>Wandersehnsucht</Unicode>
                    </TextEquiv>
                </Word>
                <Word id="tr_1_tl_106_w7" custom="readingOrder {index:6;}">
                    <Coords points="1773,3204 1773,3264 1796,3264 1796,3204"/>
                    <TextEquiv>
                        <Unicode>in</Unicode>
                    </TextEquiv>
                </Word>
                <Word id="tr_1_tl_106_w8" custom="readingOrder {index:7;}">
                    <Coords points="1827,3202 1827,3262 1886,3262 1886,3202"/>
                    <TextEquiv>
                        <Unicode>da¬</Unicode>
                    </TextEquiv>
                </Word>
                <TextEquiv>
                    <Unicode>Unsicherheit legt der Dichter die Wandersehnsucht in da¬</Unicode>
                </TextEquiv>
            </TextLine>
            <TextLine id="tr_1_tl_107" custom="readingOrder {index:106;}">
                <Coords points="216,3249 396,3242 428,3263 452,3245 679,3252 679,3206 597,3192 523,3210 431,3196 343,3210 325,3192 216,3206"/>
                <Baseline points="235,3239 260,3241 285,3242 310,3240 335,3239 361,3239 386,3239 411,3239 436,3239 462,3239 487,3241 512,3242 537,3242 562,3242 588,3242 613,3242 638,3242 663,3242 689,3242"/>
                <Word id="tr_1_tl_107_w1" custom="readingOrder {index:0;}">
                    <Coords points="224,3200 224,3260 278,3260 278,3200"/>
                    <TextEquiv>
                        <Unicode>in</Unicode>
                    </TextEquiv>
                </Word>
                <Word id="tr_1_tl_107_w2" custom="readingOrder {index:1;}">
                    <Coords points="309,3199 309,3259 363,3259 363,3199"/>
                    <TextEquiv>
                        <Unicode>die</Unicode>
                    </TextEquiv>
                </Word>
                <Word id="tr_1_tl_107_w3" custom="readingOrder {index:2;}">
                    <Coords points="394,3199 394,3259 498,3259 498,3199"/>
                    <TextEquiv>
                        <Unicode>Seele</Unicode>
                    </TextEquiv>
                </Word>
                <Word id="tr_1_tl_107_w4" custom="readingOrder {index:3;}">
                    <Coords points="529,3202 529,3262 663,3262 663,3202"/>
                    <TextEquiv>
                        <Unicode>geschau</Unicode>
                    </TextEquiv>
                </Word>
                <TextEquiv>
                    <Unicode>in die Seele geschau</Unicode>
                </TextEquiv>
            </TextLine>
            <TextLine id="tr_1_tl_108" custom="readingOrder {index:107;}">
                <Coords points="2004,3273 3100,3291 3100,3220 3015,3245 2906,3192 2704,3245 2004,3231"/>
                <Baseline points="2024,3269 2078,3270 2132,3272 2186,3272 2241,3272 2295,3275 2349,3275 2404,3275 2458,3277 2512,3278 2567,3278 2621,3278 2675,3280 2729,3279 2784,3278 2838,3279 2892,3281 2947,3281 3001,3281 3055,3278 3110,3278"/>
                <Word id="tr_1_tl_108_w1" custom="readingOrder {index:0;}">
                    <Coords points="2020,3231 2020,3291 2217,3291 2217,3231"/>
                    <TextEquiv>
                        <Unicode>Vorüber.</Unicode>
                    </TextEquiv>
                </Word>
                <Word id="tr_1_tl_108_w2" custom="readingOrder {index:1;}">
                    <Coords points="2245,3234 2245,3294 2325,3294 2325,3234"/>
                    <TextEquiv>
                        <Unicode>Wir</Unicode>
                    </TextEquiv>
                </Word>
                <Word id="tr_1_tl_108_w3" custom="readingOrder {index:2;}">
                    <Coords points="2353,3235 2353,3295 2424,3295 2424,3235"/>
                    <TextEquiv>
                        <Unicode>sind</Unicode>
                    </TextEquiv>
                </Word>
                <Word id="tr_1_tl_108_w4" custom="readingOrder {index:3;}">
                    <Coords points="2452,3237 2452,3297 2532,3297 2532,3237"/>
                    <TextEquiv>
                        <Unicode>noch</Unicode>
                    </TextEquiv>
                </Word>
                <Word id="tr_1_tl_108_w5" custom="readingOrder {index:4;}">
                    <Coords points="2560,3238 2560,3298 2685,3298 2685,3238"/>
                    <TextEquiv>
                        <Unicode>ärmer</Unicode>
                    </TextEquiv>
                </Word>
                <Word id="tr_1_tl_108_w6" custom="readingOrder {index:5;}">
                    <Coords points="2713,3238 2713,3298 2918,3298 2918,3238"/>
                    <TextEquiv>
                        <Unicode>geworders</Unicode>
                    </TextEquiv>
                </Word>
                <Word id="tr_1_tl_108_w7" custom="readingOrder {index:6;}">
                    <Coords points="2946,3241 2946,3301 2991,3301 2991,3241"/>
                    <TextEquiv>
                        <Unicode>da</Unicode>
                    </TextEquiv>
                </Word>
                <Word id="tr_1_tl_108_w8" custom="readingOrder {index:7;}">
                    <Coords points="3019,3238 3019,3298 3089,3298 3089,3238"/>
                    <TextEquiv>
                        <Unicode>uns</Unicode>
                    </TextEquiv>
                </Word>
                <TextEquiv>
                    <Unicode>Vorüber. Wir sind noch ärmer geworders da uns</Unicode>
                </TextEquiv>
            </TextLine>
            <TextLine id="tr_1_tl_109" custom="readingOrder {index:108;}">
                <Coords points="205,3295 322,3309 357,3291 417,3309 442,3288 566,3291 597,3309 679,3298 679,3252 452,3245 424,3259 382,3238 279,3256 205,3235"/>
                <Baseline points="226,3284 251,3286 277,3287 302,3287 328,3287 353,3287 379,3287 404,3287 430,3287 456,3287 481,3287 507,3287 532,3287 558,3287 583,3287 609,3289 634,3290 660,3290 686,3287"/>
                <Word id="tr_1_tl_109_w1" custom="readingOrder {index:0;}">
                    <Coords points="208,3247 208,3307 398,3307 398,3247"/>
                    <TextEquiv>
                        <Unicode>schließlich</Unicode>
                    </TextEquiv>
                </Word>
                <Word id="tr_1_tl_109_w2" custom="readingOrder {index:1;}">
                    <Coords points="448,3247 448,3307 673,3307 673,3247"/>
                    <TextEquiv>
                        <Unicode>durchschaut</Unicode>
                    </TextEquiv>
                </Word>
                <TextEquiv>
                    <Unicode>schließlich durchschaut</Unicode>
                </TextEquiv>
            </TextLine>
            <TextLine id="tr_1_tl_110" custom="readingOrder {index:109;}">
                <Coords points="703,3298 1888,3302 1888,3252 1824,3245 703,3238"/>
                <Baseline points="722,3287 780,3288 839,3288 898,3287 957,3285 1016,3287 1074,3287 1133,3288 1192,3289 1251,3287 1310,3290 1368,3290 1427,3291 1486,3290 1545,3290 1604,3291 1662,3290 1721,3290 1780,3290 1839,3290 1898,3290"/>
                <Word id="tr_1_tl_110_w1" custom="readingOrder {index:0;}">
                    <Coords points="711,3247 711,3307 806,3307 806,3247"/>
                    <TextEquiv>
                        <Unicode>Herz</Unicode>
                    </TextEquiv>
                </Word>
                <Word id="tr_1_tl_110_w2" custom="readingOrder {index:1;}">
                    <Coords points="837,3247 837,3307 945,3307 945,3247"/>
                    <TextEquiv>
                        <Unicode>seiner</Unicode>
                    </TextEquiv>
                </Word>
                <Word id="tr_1_tl_110_w3" custom="readingOrder {index:2;}">
                    <Coords points="975,3247 975,3307 1185,3307 1185,3247"/>
                    <TextEquiv>
                        <Unicode>Menschen.</Unicode>
                    </TextEquiv>
                </Word>
                <Word id="tr_1_tl_110_w4" custom="readingOrder {index:3;}">
                    <Coords points="1210,3247 1210,3307 1258,3307 1258,3247"/>
                    <TextEquiv>
                        <Unicode>Es</Unicode>
                    </TextEquiv>
                </Word>
                <Word id="tr_1_tl_110_w5" custom="readingOrder {index:4;}">
                    <Coords points="1289,3250 1289,3310 1384,3310 1384,3250"/>
                    <TextEquiv>
                        <Unicode>reißt</Unicode>
                    </TextEquiv>
                </Word>
                <Word id="tr_1_tl_110_w6" custom="readingOrder {index:5;}">
                    <Coords points="1409,3250 1409,3310 1450,3310 1450,3250"/>
                    <TextEquiv>
                        <Unicode>sie</Unicode>
                    </TextEquiv>
                </Word>
                <Word id="tr_1_tl_110_w7" custom="readingOrder {index:6;}">
                    <Coords points="1475,3250 1475,3310 1505,3310 1505,3250"/>
                    <TextEquiv>
                        <Unicode>in</Unicode>
                    </TextEquiv>
                </Word>
                <Word id="tr_1_tl_110_w8" custom="readingOrder {index:7;}">
                    <Coords points="1541,3250 1541,3310 1770,3310 1770,3250"/>
                    <TextEquiv>
                        <Unicode>taumelndem</Unicode>
                    </TextEquiv>
                </Word>
                <Word id="tr_1_tl_110_w9" custom="readingOrder {index:8;}">
                    <Coords points="1818,3250 1818,3310 1890,3310 1890,3250"/>
                    <TextEquiv>
                        <Unicode>Un¬</Unicode>
                    </TextEquiv>
                </Word>
                <TextEquiv>
                    <Unicode>Herz seiner Menschen. Es reißt sie in taumelndem Un¬</Unicode>
                </TextEquiv>
            </TextLine>
            <TextLine id="tr_1_tl_111" custom="readingOrder {index:110;}">
                <Coords points="1916,3330 3114,3351 3114,3288 1916,3273"/>
                <Baseline points="1937,3322 1996,3322 2055,3322 2114,3322 2173,3322 2232,3322 2291,3322 2350,3322 2409,3322 2468,3327 2528,3328 2587,3328 2646,3328 2705,3328 2764,3329 2823,3331 2882,3328 2941,3329 3000,3331 3059,3331 3119,3331"/>
                <Word id="tr_1_tl_111_w1" custom="readingOrder {index:0;}">
                    <Coords points="1925,3282 1925,3342 2039,3342 2039,3282"/>
                    <TextEquiv>
                        <Unicode>nichts</Unicode>
                    </TextEquiv>
                </Word>
                <Word id="tr_1_tl_111_w2" custom="readingOrder {index:1;}">
                    <Coords points="2072,3282 2072,3342 2206,3342 2206,3282"/>
                    <TextEquiv>
                        <Unicode>andres</Unicode>
                    </TextEquiv>
                </Word>
                <Word id="tr_1_tl_111_w3" custom="readingOrder {index:2;}">
                    <Coords points="2238,3282 2238,3342 2341,3342 2341,3282"/>
                    <TextEquiv>
                        <Unicode>mehr</Unicode>
                    </TextEquiv>
                </Word>
                <Word id="tr_1_tl_111_w4" custom="readingOrder {index:3;}">
                    <Coords points="2373,3287 2373,3347 2603,3347 2603,3287"/>
                    <TextEquiv>
                        <Unicode>übrigbleibt</Unicode>
                    </TextEquiv>
                </Word>
                <Word id="tr_1_tl_111_w5" custom="readingOrder {index:4;}">
                    <Coords points="2629,3288 2629,3348 2686,3348 2686,3288"/>
                    <TextEquiv>
                        <Unicode>als</Unicode>
                    </TextEquiv>
                </Word>
                <Word id="tr_1_tl_111_w6" custom="readingOrder {index:5;}">
                    <Coords points="2720,3288 2720,3348 2789,3348 2789,3288"/>
                    <TextEquiv>
                        <Unicode>uns</Unicode>
                    </TextEquiv>
                </Word>
                <Word id="tr_1_tl_111_w7" custom="readingOrder {index:6;}">
                    <Coords points="2828,3289 2828,3349 2891,3349 2891,3289"/>
                    <TextEquiv>
                        <Unicode>tief</Unicode>
                    </TextEquiv>
                </Word>
                <Word id="tr_1_tl_111_w8" custom="readingOrder {index:7;}">
                    <Coords points="2918,3289 2918,3349 2981,3349 2981,3289"/>
                    <TextEquiv>
                        <Unicode>vor</Unicode>
                    </TextEquiv>
                </Word>
                <Word id="tr_1_tl_111_w9" custom="readingOrder {index:8;}">
                    <Coords points="3014,3291 3014,3351 3071,3351 3071,3291"/>
                    <TextEquiv>
                        <Unicode>dem</Unicode>
                    </TextEquiv>
                </Word>
                <TextEquiv>
                    <Unicode>nichts andres mehr übrigbleibt als uns tief vor dem</Unicode>
                </TextEquiv>
            </TextLine>
            <TextLine id="tr_1_tl_112" custom="readingOrder {index:111;}">
                <Coords points="216,3341 665,3348 679,3344 679,3298 435,3291 417,3312 350,3291 322,3305 212,3295"/>
                <Baseline points="235,3334 260,3334 285,3334 310,3332 335,3332 361,3333 386,3334 411,3334 436,3334 462,3334 487,3334 512,3334 537,3334 562,3334 588,3334 613,3334 638,3334 663,3334 689,3334"/>
                <Word id="tr_1_tl_112_w1" custom="readingOrder {index:0;}">
                    <Coords points="220,3294 220,3354 255,3354 255,3294"/>
                    <TextEquiv>
                        <Unicode>in</Unicode>
                    </TextEquiv>
                </Word>
                <Word id="tr_1_tl_112_w2" custom="readingOrder {index:1;}">
                    <Coords points="311,3292 311,3352 371,3352 371,3292"/>
                    <TextEquiv>
                        <Unicode>ihm</Unicode>
                    </TextEquiv>
                </Word>
                <Word id="tr_1_tl_112_w3" custom="readingOrder {index:2;}">
                    <Coords points="439,3294 439,3354 559,3354 559,3294"/>
                    <TextEquiv>
                        <Unicode>zurück</Unicode>
                    </TextEquiv>
                </Word>
                <Word id="tr_1_tl_112_w4" custom="readingOrder {index:3;}">
                    <Coords points="609,3294 609,3354 675,3354 675,3294"/>
                    <TextEquiv>
                        <Unicode>und</Unicode>
                    </TextEquiv>
                </Word>
                <TextEquiv>
                    <Unicode>in ihm zurück und</Unicode>
                </TextEquiv>
            </TextLine>
            <TextLine id="tr_1_tl_113" custom="readingOrder {index:112;}">
                <Coords points="718,3348 1891,3351 1891,3302 1810,3291 718,3298"/>
                <Baseline points="737,3334 795,3333 853,3333 911,3331 969,3334 1028,3334 1086,3334 1144,3334 1202,3334 1260,3334 1319,3337 1377,3337 1435,3337 1493,3340 1551,3338 1610,3340 1668,3338 1726,3337 1784,3337 1842,3339 1901,3343"/>
                <Word id="tr_1_tl_113_w1" custom="readingOrder {index:0;}">
                    <Coords points="719,3293 719,3353 878,3353 878,3293"/>
                    <TextEquiv>
                        <Unicode>genügen</Unicode>
                    </TextEquiv>
                </Word>
                <Word id="tr_1_tl_113_w2" custom="readingOrder {index:1;}">
                    <Coords points="923,3294 923,3354 1170,3354 1170,3294"/>
                    <TextEquiv>
                        <Unicode>voneinander</Unicode>
                    </TextEquiv>
                </Word>
                <Word id="tr_1_tl_113_w3" custom="readingOrder {index:2;}">
                    <Coords points="1204,3294 1204,3354 1281,3354 1281,3294"/>
                    <TextEquiv>
                        <Unicode>los,</Unicode>
                    </TextEquiv>
                </Word>
                <Word id="tr_1_tl_113_w4" custom="readingOrder {index:3;}">
                    <Coords points="1309,3297 1309,3357 1391,3357 1391,3297"/>
                    <TextEquiv>
                        <Unicode>kaum</Unicode>
                    </TextEquiv>
                </Word>
                <Word id="tr_1_tl_113_w5" custom="readingOrder {index:4;}">
                    <Coords points="1442,3298 1442,3358 1502,3358 1502,3298"/>
                    <TextEquiv>
                        <Unicode>daß</Unicode>
                    </TextEquiv>
                </Word>
                <Word id="tr_1_tl_113_w6" custom="readingOrder {index:5;}">
                    <Coords points="1541,3298 1541,3358 1584,3358 1584,3298"/>
                    <TextEquiv>
                        <Unicode>sie</Unicode>
                    </TextEquiv>
                </Word>
                <Word id="tr_1_tl_113_w7" custom="readingOrder {index:6;}">
                    <Coords points="1618,3298 1618,3358 1673,3358 1673,3298"/>
                    <TextEquiv>
                        <Unicode>sich</Unicode>
                    </TextEquiv>
                </Word>
                <Word id="tr_1_tl_113_w8" custom="readingOrder {index:7;}">
                    <Coords points="1712,3297 1712,3357 1894,3357 1894,3297"/>
                    <TextEquiv>
                        <Unicode>vereinigt</Unicode>
                    </TextEquiv>
                </Word>
                <TextEquiv>
                    <Unicode>genügen voneinander los, kaum daß sie sich vereinigt</Unicode>
                </TextEquiv>
            </TextLine>
            <TextLine id="tr_1_tl_114" custom="readingOrder {index:113;}">
                <Coords points="1916,3401 2026,3372 2814,3394 2814,3351 2708,3326 1916,3326"/>
                <Baseline points="1934,3367 1978,3367 2022,3367 2067,3367 2111,3367 2155,3370 2200,3370 2244,3370 2288,3370 2333,3370 2377,3370 2421,3370 2466,3370 2510,3375 2554,3376 2599,3373 2643,3373 2687,3375 2732,3374 2776,3375 2821,3379"/>
                <Word id="tr_1_tl_114_w1" custom="readingOrder {index:0;}">
                    <Coords points="1924,3327 1924,3387 2093,3387 2093,3327"/>
                    <TextEquiv>
                        <Unicode>Schatten</Unicode>
                    </TextEquiv>
                </Word>
                <Word id="tr_1_tl_114_w2" custom="readingOrder {index:1;}">
                    <Coords points="2125,3330 2125,3390 2244,3390 2244,3330"/>
                    <TextEquiv>
                        <Unicode>Artur</Unicode>
                    </TextEquiv>
                </Word>
                <Word id="tr_1_tl_114_w3" custom="readingOrder {index:2;}">
                    <Coords points="2270,3330 2270,3390 2489,3390 2489,3330"/>
                    <TextEquiv>
                        <Unicode>Schnitzlers</Unicode>
                    </TextEquiv>
                </Word>
                <Word id="tr_1_tl_114_w4" custom="readingOrder {index:3;}">
                    <Coords points="2515,3335 2515,3395 2545,3395 2545,3335"/>
                    <TextEquiv>
                        <Unicode>zu</Unicode>
                    </TextEquiv>
                </Word>
                <Word id="tr_1_tl_114_w5" custom="readingOrder {index:4;}">
                    <Coords points="2584,3334 2584,3394 2797,3394 2797,3334"/>
                    <TextEquiv>
                        <Unicode>verneigen.</Unicode>
                    </TextEquiv>
                </Word>
                <TextEquiv>
                    <Unicode>Schatten Artur Schnitzlers zu verneigen.</Unicode>
                </TextEquiv>
            </TextLine>
            <TextLine id="tr_1_tl_115" custom="readingOrder {index:114;}">
                <Coords points="205,3387 286,3404 322,3383 407,3379 682,3394 679,3348 322,3337 201,3351"/>
                <Baseline points="226,3379 251,3379 277,3379 303,3379 329,3379 355,3379 381,3379 407,3379 433,3381 459,3381 484,3380 510,3379 536,3379 562,3380 588,3382 614,3382 640,3382 666,3382 692,3379"/>
                <Word id="tr_1_tl_115_w1" custom="readingOrder {index:0;}">
                    <Coords points="209,3339 209,3399 269,3399 269,3339"/>
                    <TextEquiv>
                        <Unicode>um</Unicode>
                    </TextEquiv>
                </Word>
                <Word id="tr_1_tl_115_w2" custom="readingOrder {index:1;}">
                    <Coords points="324,3339 324,3399 385,3399 385,3339"/>
                    <TextEquiv>
                        <Unicode>das</Unicode>
                    </TextEquiv>
                </Word>
                <Word id="tr_1_tl_115_w3" custom="readingOrder {index:2;}">
                    <Coords points="429,3340 429,3400 531,3400 531,3340"/>
                    <TextEquiv>
                        <Unicode>Werk</Unicode>
                    </TextEquiv>
                </Word>
                <Word id="tr_1_tl_115_w4" custom="readingOrder {index:3;}">
                    <Coords points="569,3342 569,3402 684,3402 684,3342"/>
                    <TextEquiv>
                        <Unicode>Artur</Unicode>
                    </TextEquiv>
                </Word>
                <TextEquiv>
                    <Unicode>um das Werk Artur</Unicode>
                </TextEquiv>
            </TextLine>
            <TextLine id="tr_1_tl_116" custom="readingOrder {index:115;}">
                <Coords points="707,3394 1810,3404 1810,3348 1775,3341 707,3344"/>
                <Baseline points="728,3379 782,3379 837,3380 891,3380 946,3382 1000,3379 1055,3380 1109,3382 1164,3382 1218,3379 1273,3380 1327,3383 1382,3385 1436,3385 1491,3385 1545,3385 1600,3385 1654,3387 1709,3385 1763,3385 1818,3385"/>
                <Word id="tr_1_tl_116_w1" custom="readingOrder {index:0;}">
                    <Coords points="719,3339 719,3399 893,3399 893,3339"/>
                    <TextEquiv>
                        <Unicode>wähnen.</Unicode>
                    </TextEquiv>
                </Word>
                <Word id="tr_1_tl_116_w2" custom="readingOrder {index:1;}">
                    <Coords points="927,3340 927,3400 1034,3400 1034,3340"/>
                    <TextEquiv>
                        <Unicode>Dann</Unicode>
                    </TextEquiv>
                </Word>
                <Word id="tr_1_tl_116_w3" custom="readingOrder {index:2;}">
                    <Coords points="1069,3342 1069,3402 1181,3402 1181,3342"/>
                    <TextEquiv>
                        <Unicode>treibt</Unicode>
                    </TextEquiv>
                </Word>
                <Word id="tr_1_tl_116_w4" custom="readingOrder {index:3;}">
                    <Coords points="1209,3339 1209,3399 1243,3399 1243,3339"/>
                    <TextEquiv>
                        <Unicode>es</Unicode>
                    </TextEquiv>
                </Word>
                <Word id="tr_1_tl_116_w5" custom="readingOrder {index:4;}">
                    <Coords points="1283,3341 1283,3401 1328,3401 1328,3341"/>
                    <TextEquiv>
                        <Unicode>sie</Unicode>
                    </TextEquiv>
                </Word>
                <Word id="tr_1_tl_116_w6" custom="readingOrder {index:5;}">
                    <Coords points="1362,3344 1362,3404 1395,3404 1395,3344"/>
                    <TextEquiv>
                        <Unicode>zu</Unicode>
                    </TextEquiv>
                </Word>
                <Word id="tr_1_tl_116_w7" custom="readingOrder {index:6;}">
                    <Coords points="1441,3345 1441,3405 1570,3405 1570,3345"/>
                    <TextEquiv>
                        <Unicode>andern</Unicode>
                    </TextEquiv>
                </Word>
                <Word id="tr_1_tl_116_w8" custom="readingOrder {index:7;}">
                    <Coords points="1616,3345 1616,3405 1796,3405 1796,3345"/>
                    <TextEquiv>
                        <Unicode>Himmeln</Unicode>
                    </TextEquiv>
                </Word>
                <TextEquiv>
                    <Unicode>wähnen. Dann treibt es sie zu andern Himmeln</Unicode>
                </TextEquiv>
            </TextLine>
            <TextLine id="tr_1_tl_117" custom="readingOrder {index:116;}">
                <Coords points="2008,3457 2040,3461 2072,3432 2121,3454 2167,3429 2245,3457 2308,3425 2365,3447 2429,3429 2517,3454 2563,3440 2563,3383 2503,3372 2315,3390 2008,3376"/>
                <Baseline points="2027,3412 2054,3414 2081,3415 2108,3415 2136,3416 2163,3418 2190,3418 2218,3418 2245,3418 2272,3418 2300,3418 2327,3418 2354,3418 2381,3418 2409,3420 2436,3421 2463,3421 2491,3421 2518,3421 2545,3421 2573,3421"/>
                <Word id="tr_1_tl_117_w1" custom="readingOrder {index:0;}">
                    <Coords points="2017,3375 2017,3435 2182,3435 2182,3375"/>
                    <TextEquiv>
                        <Unicode>Abschied</Unicode>
                    </TextEquiv>
                </Word>
                <Word id="tr_1_tl_117_w2" custom="readingOrder {index:1;}">
                    <Coords points="2214,3378 2214,3438 2284,3438 2284,3378"/>
                    <TextEquiv>
                        <Unicode>und</Unicode>
                    </TextEquiv>
                </Word>
                <Word id="tr_1_tl_117_w3" custom="readingOrder {index:2;}">
                    <Coords points="2323,3381 2323,3441 2565,3441 2565,3381"/>
                    <TextEquiv>
                        <Unicode>Einsamkeit.</Unicode>
                    </TextEquiv>
                </Word>
                <TextEquiv>
                    <Unicode>Abschied und Einsamkeit.</Unicode>
                </TextEquiv>
            </TextLine>
            <TextLine id="tr_1_tl_118" custom="readingOrder {index:117;}">
                <Coords points="216,3447 1891,3447 1891,3355 1852,3351 1775,3411 216,3390"/>
                <Baseline points="235,3433 318,3428 401,3427 484,3427 567,3429 650,3427 733,3427 817,3427 900,3430 983,3429 1066,3430 1149,3430 1232,3430 1315,3431 1399,3433 1482,3433 1565,3434 1648,3434 1731,3435 1814,3433 1898,3430"/>
                <Word id="tr_1_tl_118_w1" custom="readingOrder {index:0;}">
                    <Coords points="212,3392 212,3452 260,3452 260,3392"/>
                    <TextEquiv>
                        <Unicode>fen</Unicode>
                    </TextEquiv>
                </Word>
                <Word id="tr_1_tl_118_w2" custom="readingOrder {index:1;}">
                    <Coords points="316,3387 316,3447 563,3447 563,3387"/>
                    <TextEquiv>
                        <Unicode>Erscheinung</Unicode>
                    </TextEquiv>
                </Word>
                <Word id="tr_1_tl_118_w3" custom="readingOrder {index:2;}">
                    <Coords points="612,3387 612,3447 680,3447 680,3387"/>
                    <TextEquiv>
                        <Unicode>des</Unicode>
                    </TextEquiv>
                </Word>
                <Word id="tr_1_tl_118_w4" custom="readingOrder {index:3;}">
                    <Coords points="715,3387 715,3447 852,3447 852,3387"/>
                    <TextEquiv>
                        <Unicode>andern</Unicode>
                    </TextEquiv>
                </Word>
                <Word id="tr_1_tl_118_w5" custom="readingOrder {index:4;}">
                    <Coords points="914,3389 914,3449 1217,3449 1217,3389"/>
                    <TextEquiv>
                        <Unicode>abenteuerlichen</Unicode>
                    </TextEquiv>
                </Word>
                <Word id="tr_1_tl_118_w6" custom="readingOrder {index:5;}">
                    <Coords points="1273,3392 1273,3452 1451,3452 1451,3392"/>
                    <TextEquiv>
                        <Unicode>Fernen:</Unicode>
                    </TextEquiv>
                </Word>
                <Word id="tr_1_tl_118_w7" custom="readingOrder {index:6;}">
                    <Coords points="1500,3393 1500,3453 1541,3453 1541,3393"/>
                    <TextEquiv>
                        <Unicode>zu</Unicode>
                    </TextEquiv>
                </Word>
                <Word id="tr_1_tl_118_w8" custom="readingOrder {index:7;}">
                    <Coords points="1597,3394 1597,3454 1734,3454 1734,3394"/>
                    <TextEquiv>
                        <Unicode>andern</Unicode>
                    </TextEquiv>
                </Word>
                <Word id="tr_1_tl_118_w9" custom="readingOrder {index:8;}">
                    <Coords points="1790,3392 1790,3452 1892,3452 1892,3392"/>
                    <TextEquiv>
                        <Unicode>Ent¬</Unicode>
                    </TextEquiv>
                </Word>
                <TextEquiv>
                    <Unicode>fen Erscheinung des andern abenteuerlichen Fernen: zu andern Ent¬</Unicode>
                </TextEquiv>
            </TextLine>
            <TextLine id="tr_1_tl_119" custom="readingOrder {index:118;}">
                <Coords points="251,3503 1909,3510 1909,3447 1792,3432 251,3447"/>
                <Baseline points="271,3475 353,3478 435,3478 517,3478 599,3478 681,3478 763,3478 845,3478 927,3480 1009,3481 1092,3482 1174,3484 1256,3484 1338,3484 1420,3485 1502,3485 1584,3486 1666,3487 1748,3487 1830,3484 1913,3481"/>
                <Word id="tr_1_tl_119_w1" custom="readingOrder {index:0;}">
                    <Coords points="272,3436 272,3496 334,3496 334,3436"/>
                    <TextEquiv>
                        <Unicode>die</Unicode>
                    </TextEquiv>
                </Word>
                <Word id="tr_1_tl_119_w2" custom="readingOrder {index:1;}">
                    <Coords points="384,3438 384,3498 571,3498 571,3438"/>
                    <TextEquiv>
                        <Unicode>Weisheit</Unicode>
                    </TextEquiv>
                </Word>
                <Word id="tr_1_tl_119_w3" custom="readingOrder {index:2;}">
                    <Coords points="616,3438 616,3498 678,3498 678,3438"/>
                    <TextEquiv>
                        <Unicode>der</Unicode>
                    </TextEquiv>
                </Word>
                <Word id="tr_1_tl_119_w4" custom="readingOrder {index:3;}">
                    <Coords points="716,3438 716,3498 978,3498 978,3438"/>
                    <TextEquiv>
                        <Unicode>täuschungen.</Unicode>
                    </TextEquiv>
                </Word>
                <Word id="tr_1_tl_119_w5" custom="readingOrder {index:4;}">
                    <Coords points="1004,3441 1004,3501 1097,3501 1097,3441"/>
                    <TextEquiv>
                        <Unicode>Oder</Unicode>
                    </TextEquiv>
                </Word>
                <Word id="tr_1_tl_119_w6" custom="readingOrder {index:5;}">
                    <Coords points="1129,3443 1129,3503 1166,3503 1166,3443"/>
                    <TextEquiv>
                        <Unicode>sie</Unicode>
                    </TextEquiv>
                </Word>
                <Word id="tr_1_tl_119_w7" custom="readingOrder {index:6;}">
                    <Coords points="1192,3444 1192,3504 1322,3504 1322,3444"/>
                    <TextEquiv>
                        <Unicode>stürzen</Unicode>
                    </TextEquiv>
                </Word>
                <Word id="tr_1_tl_119_w8" custom="readingOrder {index:7;}">
                    <Coords points="1361,3444 1361,3504 1416,3504 1416,3444"/>
                    <TextEquiv>
                        <Unicode>sich</Unicode>
                    </TextEquiv>
                </Word>
                <Word id="tr_1_tl_119_w9" custom="readingOrder {index:8;}">
                    <Coords points="1448,3445 1448,3505 1510,3505 1510,3445"/>
                    <TextEquiv>
                        <Unicode>wie</Unicode>
                    </TextEquiv>
                </Word>
                <Word id="tr_1_tl_119_w10" custom="readingOrder {index:9;}">
                    <Coords points="1536,3446 1536,3506 1679,3506 1679,3446"/>
                    <TextEquiv>
                        <Unicode>besessen</Unicode>
                    </TextEquiv>
                </Word>
                <Word id="tr_1_tl_119_w11" custom="readingOrder {index:10;}">
                    <Coords points="1717,3447 1717,3507 1779,3507 1779,3447"/>
                    <TextEquiv>
                        <Unicode>von</Unicode>
                    </TextEquiv>
                </Word>
                <Word id="tr_1_tl_119_w12" custom="readingOrder {index:11;}">
                    <Coords points="1811,3443 1811,3503 1867,3503 1867,3443"/>
                    <TextEquiv>
                        <Unicode>dem</Unicode>
                    </TextEquiv>
                </Word>
                <TextEquiv>
                    <Unicode>die Weisheit der täuschungen. Oder sie stürzen sich wie besessen von dem</Unicode>
                </TextEquiv>
            </TextLine>
            <TextLine id="tr_1_tl_120" custom="readingOrder {index:119;}">
                <Coords points="2588,3535 2683,3535 2715,3514 2782,3528 2810,3500 2934,3535 3015,3510 3114,3528 3114,3436 3079,3422 2987,3457 2803,3432 2750,3432 2718,3457 2680,3432 2588,3450"/>
                <Baseline points="2606,3493 2631,3493 2657,3493 2682,3495 2708,3496 2734,3496 2759,3497 2785,3498 2811,3498 2836,3498 2862,3498 2888,3498 2913,3498 2939,3498 2965,3498 2990,3498 3016,3498 3042,3498 3067,3498 3093,3498 3119,3496"/>
                <Word id="tr_1_tl_120_w1" custom="readingOrder {index:0;}">
                    <Coords points="2608,3453 2608,3513 2697,3513 2697,3453"/>
                    <TextEquiv>
                        <Unicode>Mo</Unicode>
                    </TextEquiv>
                </Word>
                <Word id="tr_1_tl_120_w2" custom="readingOrder {index:1;}">
                    <Coords points="2728,3456 2728,3516 2788,3516 2788,3456"/>
                    <TextEquiv>
                        <Unicode>iz</Unicode>
                    </TextEquiv>
                </Word>
                <Word id="tr_1_tl_120_w3" custom="readingOrder {index:2;}">
                    <Coords points="2819,3458 2819,3518 3030,3518 3030,3458"/>
                    <TextEquiv>
                        <Unicode>Scheyen</Unicode>
                    </TextEquiv>
                </Word>
                <TextEquiv>
                    <Unicode>Mo iz Scheyen</Unicode>
                </TextEquiv>
            </TextLine>
            <TextEquiv>
                <Unicode></Unicode>
            </TextEquiv>
        </TextRegion>
    </Page>
</PcGts>
