3392 4256
2776 127 2828 187 Die
2853 130 2949 190 vielen
2983 130 3167 190 Stunden,
3191 130 3243 190 die
3266 130 3309 190 ich
3332 131 3352 191 n

2681 174 2794 234 waren
2841 174 3114 234 außerordentlich
3152 174 3316 234 anregend

622 183 812 243 Der
904 190 1125 250 Tod
1230 194 1569 254 Artur
1661 195 2341 255 Schnitzlers.

2681 218 2801 278 erhört
2827 219 2943 279 subtile
2969 219 3045 279 Art,
3066 219 3120 279 auf
3146 219 3202 279 alle
3233 221 3343 281 Einzel

2684 265 2843 325 zugehen,
2871 264 2934 324 und
2966 264 3034 324 war
3085 264 3130 324 ein
3181 265 3331 325 ungewöh

898 294 988 354 Der
1024 294 1208 354 Dichter
1244 296 1364 356 einem
1421 300 1767 360 Gehirnschlag
1810 297 2029 357 erlagen.

2678 308 2789 368 Nichts
2826 309 2952 369 entging
2994 309 3044 369 ihm
3091 307 3141 367 bei
3167 308 3218 368 den
3259 310 3345 370 Prob

2688 353 2904 413 schattierung
2938 353 3039 413 seiner
3068 354 3192 414 eigenen
3232 356 3318 416 Sätze

2684 398 2931 458 Interessante,
2952 398 3005 458 das
3036 401 3213 461 Belebende
3244 401 3302 461 und

382 401 460 461 Der
504 401 583 461 Tod
626 401 706 461 Dr.
731 402 853 462 Artur
896 407 1214 467 Schnitzlers
1263 407 1318 467 kam
1374 407 1471 467 selbst

1888 410 2038 470 Seine
2073 407 2271 467 Werke.

2685 443 2835 503 sönlichen
2877 443 3058 503 Teilnahme
3089 443 3124 503 am
3170 445 3351 505 Bühnenbe

291 454 401 514 seiner
436 458 587 518 nächsten
629 461 844 521 Umgebung
885 461 1159 521 überraschend.
1206 461 1322 521 Wohl
1352 463 1462 523 klagte

1587 476 1692 536 Artur
1713 476 1900 536 Schnitzlers
1926 474 2001 534 erste
2017 470 2300 530 schriftstellerische
2321 472 2472 532 Versuche
2493 473 2654 533 erschienen

2788 497 2834 557 Er
2868 497 2933 557 war
2966 497 3022 557 mit
3056 497 3107 557 dem
3155 498 3291 558 Theater
3324 497 3352 557 in

285 507 487 567 Schnitzler
517 509 545 569 in
581 510 638 570 den
674 512 783 572 letzten
825 515 911 575 zwei
935 515 1073 575 Jahren
1109 514 1195 574 über
1225 513 1433 573 verschieden

1495 524 1519 584 in
1555 525 1605 585 der
1641 524 1822 584 „Deutschen
1858 521 2115 581 Wochenschrift"
2151 518 2171 578 im
2216 518 2322 578 Jahre
2353 518 2423 578 1886
2459 520 2514 580 und
2550 521 2575 581 in
2610 519 2660 579 der

2688 543 2788 603 besten
2827 544 2952 604 Kenner
2986 541 3038 601 der
3072 544 3346 604 Schauspielerpsy

290 562 567 622 Beschwerden,
584 564 618 624 er
647 565 720 625 war
749 565 828 625 auch
862 567 890 627 in
919 568 1105 628 ärztlicher
1129 568 1371 628 Behandlung
1406 568 1461 628 ge¬

1490 571 1671 631 Zeitschrift
1727 570 1797 630 „An
1843 568 1893 628 der
1939 568 2059 628 schönen
2106 563 2221 623 blauen
2272 565 2408 625 Donau"
2454 566 2569 626 (1889),
2605 565 2655 625 der

2695 589 2777 649 stils,
2800 587 2859 647 und
2887 588 2914 648 so
2947 586 3010 646 war
3038 586 3083 646 es,
3102 588 3235 648 trotzdem
3276 589 3303 649 es

1494 619 1690 679 kommenden
1725 617 1852 677 Meister
1883 616 2000 676 verriet
2025 613 2123 673 zuerst
2148 610 2192 670 die
2236 612 2448 672 Dialogreihe
2492 612 2668 672 „Anatol",

291 614 458 674 standen,
476 616 510 676 er
540 617 655 677 mußte
685 619 771 679 aber
801 620 852 680 nie
883 622 911 682 in
946 622 998 682 der
1033 622 1142 682 letzten
1178 623 1259 683 Zeit
1288 622 1346 682 das
1375 622 1450 682 Bet

2692 634 2800 694 steller
2830 634 2908 694 nicht
2938 631 3045 691 immer
3075 631 3163 691 leicht
3188 634 3271 694 war,
3291 636 3345 696 sein

1487 667 1576 727 dann
1607 666 1657 726 kam
1703 664 1768 724 1893
1799 664 1884 724 „Das
1915 662 2106 722 Märchen",
2127 659 2181 719 das
2207 658 2257 718 die
2283 661 2353 721 erste
2384 658 2560 718 öffentliche
2585 657 2655 717 Auf

280 667 410 727 hüten,
428 670 505 730 auch
535 673 654 733 mußte
678 673 713 733 er
737 673 790 733 sich
820 676 980 736 keinerlei
1005 676 1260 736 Enthaltungn
1290 676 1319 736 in
1349 676 1455 736 bezug

2696 679 2836 739 werden,
2860 679 2908 739 ein
2936 679 3054 739 großes
3082 681 3299 741 Vergnügen,
3319 682 3332 742 m

1489 714 1636 774 führung
1666 711 1857 771 verzeichnen
1888 712 2020 772 konnte.
2040 709 2104 769 1895
2134 706 2182 766 kam
2242 705 2291 765 die
2331 705 2566 765 Urauffühung
2616 703 2664 763 des

2692 724 2801 784 seinem
2845 724 3050 784 freundlichen
3079 724 3183 784 Hause
3208 725 3231 785 in
3265 726 3312 786 der
3337 725 3351 785 9

283 721 350 781 auf
379 724 475 784 seine
510 724 754 784 Lebensweise
789 727 1016 787 auferlegen.
1068 730 1215 790 Gestern
1256 727 1454 787 vormittag

1487 761 1712 821 Schauspieles
1738 756 1903 816 „Liebelei"
1924 758 1958 818 am
1994 757 2235 817 Burgtheater,
2246 750 2290 810 der
2311 750 2381 810 erste
2397 750 2491 810 große
2512 748 2667 808 Bühnen¬

2692 766 2763 826 mit
2792 768 2839 828 ihm
2888 770 2921 830 zu
2955 768 3164 828 diskutieren.
3213 771 3313 831 Seine

282 775 493 835 unternahm
545 777 739 837 Schnitzler
774 779 874 839 einen
913 780 1192 840 Spaziergang,
1220 782 1282 842 von
1321 778 1376 838 dem
1427 775 1460 835 er

1489 807 1614 867 erfolg.
1636 807 1693 867 Ein
1726 804 1815 864 Jahr
1842 804 1947 864 später
1979 804 2090 864 kommt
2117 800 2306 860 „Freiwild"
2338 799 2475 859 heraus,
2497 798 2655 858 „Reigen"

2696 816 2873 876 nennende
2898 815 2979 875 Art,
2999 815 3055 875 sein
3090 814 3190 874 feiner
3220 816 3344 876 Humor

281 825 383 885 gegen
420 827 456 887 11
487 827 559 887 Uhr
591 830 669 890 nach
700 831 821 891 Hause
846 833 876 893 in
908 831 998 891 seine
1023 831 1119 891 Villa
1150 832 1181 892 in
1212 831 1393 891 Währing
1424 826 1454 886 in

1487 856 1564 916 zehn
1600 852 1697 912 kühne
1724 853 1842 913 Szenen
1878 852 2037 912 erotischer
2069 850 2176 910 Natur
2203 848 2320 908 werden
2352 847 2377 907 im
2419 846 2542 906 gleichen
2578 844 2639 904 Jah

2693 867 2821 927 lichkeit
2848 864 2997 924 umgaben
3034 861 3080 921 ihn
3117 861 3173 921 mit
3205 861 3287 921 einer
3318 859 3359 919 we

281 879 334 939 der
372 882 730 942 Sternwartestraße
755 885 1010 945 zurückkehrte.
1035 885 1101 945 Als
1133 888 1235 948 gegen
1272 885 1357 945 ¼12
1388 881 1436 941 Uh

1483 901 1679 961 begonnen,
1695 900 1765 960 aber
1790 899 1850 959 viel
1872 900 1972 960 später
1992 898 2133 958 gedruckt
2154 897 2214 957 und
2240 896 2295 956 erst
2316 894 2401 954 1920,
2416 897 2477 957 fast
2493 894 2583 954 gegen
2613 890 2658 950 den

2693 915 2946 975 gefangennahm
3004 909 3066 969 und
3102 909 3206 969 haften
3253 908 3330 968 blieb

281 933 373 993 seine
398 935 608 995 Sekretärin
640 939 694 999 ins
720 938 886 998 Zimmer
912 938 1004 998 trat,
1017 938 1059 998 um
1097 935 1313 995 Schnitzlers
1338 933 1436 993 Dikta

1491 947 1609 1007 Willen
1640 947 1686 1007 des
1712 947 1856 1007 Dichters
1882 947 1938 1007 und
1964 947 2015 1007 bei
2031 946 2159 1006 hestigem
2206 944 2417 1004 Widerspruch
2448 939 2669 999 rechtsstehen¬

2699 959 2912 1019 Bewußtsein
2942 956 3033 1016 aller,
3052 956 3091 1016 die
3115 956 3178 1016 mit
3196 956 3242 1016 ihm
3283 956 3311 1016 in
3335 956 3351 1016 n

2584 984 2642 1044 189

283 992 689 1052 entgegenzunehmen,
737 995 819 1055 fand
867 994 907 1054 sie
955 992 1007 1052 ihn
1049 990 1255 1050 bewußtlos
1291 987 1355 1047 auf
1386 986 1444 1046 dem
1498 993 1550 1053 der
1574 994 1698 1054 Kreise,
1710 996 1916 1056 aufgeführt.
1934 995 2004 1055 1897
2028 992 2193 1052 erschienen
2247 991 2334 1051 „Das
2376 989 2540 1049 Veilchen"

2991 1037 3176 1097 Hofrat
3202 1037 3328 1097 Huge

1494 1043 1748 1103 „Paracelsus",
1770 1043 1847 1103 „Die
1875 1043 2068 1103 Gefährtin"
2108 1041 2168 1101 und
2202 1040 2251 1100 der
2285 1040 2384 1100 grüne
2412 1037 2578 1097 Kakadu",
2601 1033 2672 1093 drei

280 1043 410 1103 Boden
446 1045 582 1105 liegen.
607 1046 695 1106 Man
732 1047 874 1107 brachte
898 1046 1093 1106 Schnitzler
1124 1044 1153 1104 zu
1189 1043 1278 1103 Bett
1308 1040 1378 1100 und
1409 1038 1461 1098 be¬

1491 1089 1661 1149 Einakter,
1677 1091 1718 1151 ein
1744 1091 1832 1151 Jahr
1869 1091 1972 1151 später
2014 1090 2070 1150 das
2113 1089 2236 1149 Drama
2299 1087 2387 1147 „Der
2429 1084 2573 1144 Schleier
2615 1079 2666 1139 der

275 1097 348 1157 rief
417 1099 571 1159 Aerzte.
634 1099 696 1159 Um
784 1097 851 1157 ¼7
920 1097 1006 1157 Uhr
1075 1096 1211 1156 abends
1286 1092 1459 1152 verschied

2789 1117 2863 1177 Das
2904 1115 3101 1175 Hinscheiden
3149 1112 3258 1172 Artur
3300 1112 3319 1172 S

1483 1136 1678 1196 Beatrice",
1700 1137 1768 1197 1901
1795 1135 1842 1195 der
1869 1136 2133 1196 Einakterzyklus
2160 1135 2355 1195 „Lebendige
2382 1131 2572 1191 Stunden",
2593 1126 2661 1186 1903

285 1153 346 1213 er,
393 1156 483 1216 ohne
523 1156 579 1216 das
619 1156 851 1216 Bewußtsein
908 1153 1044 1213 wieder
1078 1151 1225 1211 erlangt
1254 1150 1287 1210 zu
1328 1147 1440 1207 haben

2692 1165 2823 1225 größten
2866 1164 3029 1224 Verluste,
3060 1161 3107 1221 den
3151 1160 3337 1220 Oesterreich

282 1210 364 1270 Der
397 1210 473 1270 Tod
506 1209 620 1269 dürfte
653 1207 716 1267 auf
749 1207 998 1267 Gehirnschlag
1037 1202 1331 1262 zurückzuführen
1370 1198 1459 1258 sein.
1492 1188 1549 1248 das
1582 1183 1696 1243 Drama
1729 1184 1811 1244 „Der
1838 1183 1978 1243 einsame
2017 1185 2131 1245 Weg",
2164 1182 2240 1242 1904
2286 1180 2330 1240 die
2369 1180 2528 1240 Komödie
2574 1176 2656 1236 „Das

2690 1214 2789 1274 dieser
2829 1213 2900 1273 Zeit
2934 1213 2983 1273 des
3017 1210 3172 1270 Abbaues
3206 1210 3288 1270 aller
3322 1208 3332 1268 I

1491 1232 1750 1292 Zwischenspiel"
1771 1231 1829 1291 und
1856 1231 1898 1291 die
1920 1231 2157 1291 Einakterreihe
2179 1228 2464 1288 „Marionetten".
2476 1230 2522 1290 Im
2560 1225 2644 1285 Jahr

2693 1264 2720 1324 so
2761 1261 2992 1321 schmerzlicher
3033 1259 3190 1319 empfinde
3225 1258 3264 1318 ich
3299 1258 3354 1318 Sch

382 1272 444 1332 An
484 1270 597 1330 seinem
654 1267 925 1327 Krankenlager
960 1264 1101 1324 weilten
1147 1264 1208 1324 sein
1255 1262 1367 1322 sofort
1407 1261 1457 1321 be¬

1491 1281 1558 1341 1909
1589 1280 1687 1340 folgte
1714 1279 1791 1339 dann
1822 1279 2013 1339 Schnitzlers
2045 1279 2231 1339 historisches
2257 1279 2381 1339 Drama
2433 1276 2521 1336 „Der
2563 1274 2640 1334 jung

281 1320 435 1380 rufener
459 1320 607 1380 Bruder
632 1320 767 1380 Hofrat
792 1319 981 1379 Professor
1006 1317 1082 1377 Dr.
1100 1314 1230 1374 Julius
1261 1314 1456 1374 Schnitzler

1485 1326 1714 1386 Medardus",
1727 1328 1820 1388 dessen
1850 1326 2015 1386 Titelrolle
2033 1328 2127 1388 Josef
2145 1327 2286 1387 Kainz
2304 1324 2487 1384 zugedacht,
2499 1320 2569 1380 aber
2594 1319 2640 1379 dem
2688 1311 2811 1371 gerade
2841 1309 2864 1369 im
2912 1309 3058 1369 Begriffe
3089 1309 3212 1369 waren,
3236 1308 3288 1368 den
3318 1304 3341 1364 7

2690 1359 2822 1419 feierlich
2856 1359 2889 1419 zu
2929 1357 3078 1417 begehen.
3112 1356 3161 1416 Da
3195 1353 3233 1413 ich
3267 1352 3322 1412 das

287 1375 356 1435 und
392 1374 443 1434 die
473 1374 623 1434 übrigen
665 1374 694 1434 in
735 1371 833 1431 Wien
874 1371 1060 1431 weilenden
1102 1368 1357 1428 Angehörigen
1404 1364 1455 1424 des

1483 1375 1642 1435 Künstler
1669 1374 1746 1434 nicht
1772 1374 1854 1434 mehr
1881 1376 1906 1436 zu
1938 1374 2045 1434 spielen
2077 1372 2236 1432 vergönnt
2258 1372 2345 1432 war,
2361 1368 2428 1428 1910
2454 1368 2552 1428 folgte
2578 1368 2660 1428 „Das

2685 1407 2881 1467 befreundet
2908 1404 3040 1464 gewesen
3073 1404 3099 1464 zu
3137 1404 3215 1464 sein,
3238 1404 3264 1464 so
3291 1403 3359 1463 war

282 1428 468 1488 Dichters.
492 1428 695 1488 Vorläufig
729 1426 802 1486 sind
843 1425 927 1485 keine
961 1424 1239 1484 Dispositionen
1279 1420 1363 1480 über
1403 1420 1454 1480 die
1488 1422 1584 1482 weite
1607 1423 1714 1483 Land"
1743 1422 1799 1482 und
1833 1422 1901 1482 1912
1930 1423 2111 1483 „Professor
2134 1420 2360 1480 Bernhardi",
2377 1417 2456 1477 schon
2490 1416 2535 1476 bei
2558 1416 2659 1476 seiner

2690 1458 2832 1518 mutige,
2861 1454 3042 1514 geistvolle,
3071 1452 3253 1512 tiefsinnige
3293 1449 3354 1509 Die

279 1480 516 1540 Leichenfeier
545 1479 716 1539 getroffen
755 1477 920 1537 worden,
943 1476 1020 1536 man
1059 1476 1137 1536 will
1160 1473 1369 1533 abwarten,
1398 1472 1447 1532 bis
1486 1472 1707 1532 Aufführung
1735 1470 1796 1530 viel
1818 1470 2012 1530 umstritten.
2029 1470 2073 1530 Im
2112 1470 2211 1530 Jahre
2240 1465 2305 1525 1915
2334 1464 2494 1524 erschienen
2527 1463 2571 1523 die
2594 1462 2649 1522 dre

2688 1504 2744 1564 das
2796 1503 2932 1563 deutsche
2978 1500 3137 1560 Theater,
3177 1500 3233 1560 das
3286 1499 3358 1559 Wie

1484 1520 1645 1580 Einakter
1673 1518 1840 1578 „Komödie
1868 1517 1916 1577 der
1944 1514 2090 1574 Worte",
2112 1514 2176 1574 1917
2204 1516 2306 1576 „Fink
2329 1514 2387 1574 und
2415 1511 2653 1571 Fliederbusch"

287 1534 346 1594 sein
388 1532 607 1592 bekanntlich
637 1532 666 1592 in
708 1529 838 1589 Berlin
874 1529 1039 1589 lebender
1070 1527 1199 1587 Sohn,
1230 1526 1282 1586 der
1319 1526 1430 1586 Schau

1483 1568 1562 1628 1919
1594 1568 1667 1628 „Die
1694 1567 1878 1627 Schwestern
1916 1565 1983 1625 oder
2010 1563 2173 1623 Casanova
2205 1562 2231 1622 in
2264 1562 2373 1622 Spa",
2390 1562 2458 1622 1924
2485 1557 2658 1617 „Komödie
2691 1551 2874 1611 bleibendes
2906 1550 2953 1610 ist,
2975 1548 3101 1608 sondern
3139 1547 3191 1607 vor
3223 1547 3296 1607 allem
3333 1547 3348 1607 e

282 1586 404 1646 spieler
437 1586 501 1646 und
534 1586 728 1646 Regisseur
755 1584 812 1644 ist,
833 1585 864 1645 in
897 1583 994 1643 Wien
1028 1583 1208 1643 eintrifft.

2691 1601 2785 1661 denen
2821 1601 2850 1661 zu
2886 1600 3039 1660 begegnen
3076 1598 3110 1658 ich
3140 1597 3169 1657 je
3194 1595 3329 1655 Gelegen

1484 1615 1542 1675 der
1570 1613 1796 1673 Verführung"
1824 1613 1877 1673 und
1905 1613 1969 1673 1925
1991 1613 2034 1673 die
2056 1611 2255 1671 dramatische
2278 1610 2428 1670 Dichtung
2461 1610 2542 1670 „Der
2564 1608 2650 1668 Gang

462 1662 560 1722 Der
592 1664 898 1724 Lebenslauf
922 1661 999 1721 des
1038 1659 1282 1719 Dichters.

1488 1665 1554 1725 zum
1596 1662 1738 1722 Weiher"

2908 1679 3138 1739 Direktor
3169 1679 3253 1739 Dr.
3277 1677 3345 1737 Ni

1577 1713 1684 1773 Seine
1712 1712 1869 1772 Eigenart
1898 1711 1957 1771 und
1984 1711 2082 1771 große
2110 1708 2343 1768 Fruchtbarkeit
2371 1708 2452 1768 zeigt
2480 1707 2523 1767 sich
2551 1705 2658 1765 ebenso

375 1729 485 1789 Artur
519 1729 690 1789 Schnitzler
718 1728 829 1788 wurde
862 1728 895 1788 am
940 1726 989 1786 15.
1018 1726 1095 1786 Mai
1118 1723 1189 1783 1862
1223 1723 1244 1783 in
1284 1723 1372 1783 Wien
1411 1721 1455 1781 als

2776 1756 2856 1816 Mit
2889 1754 2938 1814 dem
2976 1753 3058 1813 Tode
3090 1751 3196 1811 Artur
3228 1753 3347 1813 Schnit

1581 1762 1681 1822 seinen
1747 1759 1998 1819 Prosawerken.
2049 1756 2119 1816 Von
2185 1756 2275 1816 ihnen
2341 1753 2407 1813 sind
2468 1752 2663 1812 erschienen:

266 1777 356 1837 Sohn
400 1777 452 1837 des
474 1777 869 1837 Universitätsprofessors
891 1774 955 1834 Dr.
966 1774 1098 1834 Johann
1120 1771 1291 1831 Schnitzler
1313 1771 1440 1831 geboren

277 1822 364 1882 eines
392 1822 601 1882 bedeutenden
635 1824 899 1884 Laryngologen,
922 1821 971 1881 der
999 1820 1076 1880 viele
1099 1817 1303 1877 prominente
1331 1815 1452 1875 Schau=
1486 1807 1557 1867 1892
1596 1806 1794 1866 „Sterben“,
1822 1805 1893 1865 1894
1933 1805 2009 1865 „Die
2043 1803 2224 1863 Blumen",
2253 1801 2324 1861 1895
2358 1801 2440 1861 „Ein
2480 1800 2666 1860 Abschied",
2689 1804 2826 1864 Theater
2860 1803 2948 1863 einen
2987 1801 3152 1861 schweren,
3175 1800 3262 1860 einen
3296 1798 3334 1858 un

2686 1854 2799 1914 Dieser
2821 1852 2885 1912 edle
2908 1850 3026 1910 Mensch
3054 1849 3118 1909 war
3157 1849 3242 1909 nicht
3281 1848 3340 1908 nur

278 1871 393 1931 spieler
420 1870 451 1930 zu
484 1870 578 1930 seinen
615 1870 784 1930 Patienten
821 1870 936 1930 zählte,
953 1867 978 1927 so
1011 1866 1242 1926 Sonnenthal,
1264 1864 1305 1924 die
1332 1859 1453 1919 Wolter
1491 1857 1564 1917 1896
1591 1856 1669 1916 „Die
1696 1852 1780 1912 Frau
1812 1852 1859 1912 des
1891 1852 2049 1912 Weisen“,
2070 1852 2138 1912 1897
2165 1852 2249 1912 „Der
2276 1849 2460 1909 Ehrentag"
2492 1849 2555 1909 und
2587 1847 2660 1907 „Die

2686 1900 2981 1960 gesinnungsfester
3010 1896 3249 1956 Scheiftsteller,
3272 1896 3300 1956 er
3323 1896 3350 1956 zi

284 1917 346 1977 und
384 1917 441 1977 alle
473 1917 725 1977 Operngrößen.
752 1915 862 1975 Sicher
889 1915 1020 1975 stammt
1047 1914 1099 1974 des
1131 1912 1247 1972 jungen
1279 1910 1452 1970 Schnitzler
1490 1903 1589 1963 Toten
1632 1901 1832 1961 schweigen",
1864 1899 1932 1959 1900
1969 1899 2137 1959 „Andreas
2174 1896 2406 1956 Thalmayer",
2438 1895 2521 1955 „Der
2554 1894 2642 1954 blind

1485 1950 1692 2010 Geromino"
1715 1948 1772 2008 und
1796 1947 1841 2007 die
1865 1947 1980 2007 bereits
2004 1947 2159 2007 genannte
2182 1944 2314 2004 Novelle
2338 1944 2517 2004 „Leutnant
2540 1941 2667 2001 Gustl",
2690 1949 2943 2009 Dramatikern,
2967 1947 3012 2007 die
3036 1945 3070 2005 es
3100 1946 3301 2006 verstanden,
3324 1944 3347 2004 ih

278 1964 355 2024 erste
381 1964 536 2024 Vorliebe
562 1965 618 2025 für
645 1965 691 2025 die
718 1962 820 2022 Kunst
852 1962 908 2022 und
935 1962 1006 2022 ihre
1033 1962 1162 2022 Jünger
1193 1959 1275 2019 schon
1307 1958 1363 2018 aus
1395 1956 1441 2016 den

1485 1998 1561 2058 1900
1585 1998 1726 2058 entstand
1750 1998 1820 2058 auch
1850 1997 1950 2057 „Frau
1980 1995 2080 2055 Berta
2104 1993 2274 2053 Garlan",
2292 1993 2356 2053 1902
2386 1993 2463 2053 „Die
2487 1990 2657 2050 griechische
2687 1998 2810 2058 Buches
2840 1998 2893 2058 auf
2917 1996 2970 2056 das
3000 1995 3093 2055 Leben
3123 1995 3170 2055 der
3200 1997 3317 2057 Bühne
3335 1995 3352 2055 z

270 2010 483 2070 Vaterhaus.
505 2013 665 2073 Zunächst
687 2010 841 2070 studierte
868 2010 900 2070 er
927 2010 996 2070 nach
1029 2007 1263 2067 Absolvierung
1301 2004 1354 2064 des
1381 2003 1444 2063 Aka

281 2057 440 2117 demischen
471 2059 704 2119 Gymnasiums
735 2059 907 2119 gleichfalls
933 2057 1153 2117 Medizin,
1172 2055 1258 2115 wozu
1290 2055 1338 2115 ihn
1376 2051 1455 2111 nicht
1486 2046 1701 2106 Sängerin",
1720 2046 1781 2106 und
1813 2046 1837 2106 so
1868 2046 1947 2106 jedes
1979 2044 2064 2104 Jahr
2095 2041 2193 2101 einige
2224 2040 2396 2100 Novellen,
2422 2039 2470 2099 bis
2495 2037 2562 2097 1908
2594 2039 2654 2099 sein
2692 2044 2740 2104 den
2772 2047 2907 2107 wenigen
2938 2043 3239 2103 Bühnendichtern,
3270 2045 3319 2105 die

1486 2094 1629 2154 einziger
1649 2093 1761 2153 großer
1787 2090 1905 2150 Roman
1937 2091 2018 2151 „Der
2044 2089 2112 2149 Weg
2138 2089 2187 2149 ins
2213 2089 2319 2149 Freie"
2345 2088 2488 2148 erschien.
2508 2085 2570 2145 Von
2602 2087 2651 2147 den
2690 2096 2927 2156 körperlichung
2966 2093 3046 2153 ihrer
3085 2093 3340 2153 Phantasiegesch

278 2107 341 2167 nur
369 2105 421 2165 der
443 2105 591 2165 Weltruf
612 2105 707 2165 jeiner
734 2104 914 2164 Vaterstadt
941 2102 994 2162 auf
1021 2102 1110 2162 diesem
1148 2101 1296 2161 Gebiete,
1312 2099 1375 2159 und
1403 2097 1450 2157 das

1489 2142 1627 2202 späteren
1674 2138 1800 2198 Werlen
1847 2138 1906 2198 sind
1946 2140 2018 2200 noch
2059 2137 2271 2197 „Casanovas
2305 2134 2510 2194 Heimfahrt"
2551 2132 2669 2192 (1918),
2690 2144 2849 2204 mochten,
2863 2145 2915 2205 daß
2943 2145 2982 2205 sie
3002 2144 3147 2204 wirkliche
3175 2144 3333 2204 Menschen

274 2153 423 2213 Beispiel
465 2151 511 2211 des
558 2150 697 2210 Vaters,
729 2150 863 2210 sondern
910 2150 966 2210 vor
1013 2150 1090 2210 allem
1147 2149 1229 2209 seine
1271 2147 1359 2207 Liebe
1385 2146 1441 2206 zun

1485 2190 1663 2250 „Fräulein
1698 2185 1784 2245 Else"
1820 2187 1934 2247 (1924),
1958 2189 2032 2249 „Die
2062 2186 2148 2246 Frau
2183 2183 2234 2243 des
2264 2182 2425 2242 Richters"
2460 2180 2575 2240 (1925),
2599 2181 2656 2241 und

280 2199 475 2259 Menschen,
496 2198 554 2258 sein
591 2198 903 2258 außerordentliches
935 2198 1099 2258 Interesse
1126 2196 1162 2256 am
1205 2195 1374 2255 Menschen
1411 2192 1458 2252 be¬

2780 2203 2953 2263 Schnitzler
2978 2201 3046 2261 war
3072 2201 3114 2261 ein
3146 2203 3337 2263 fleißiger?

1483 2239 1537 2299 als
1573 2237 1673 2297 letztes
1709 2234 1995 2294 „Traumnovelle“
2036 2234 2137 2294 (1926)
2167 2231 2338 2291 besonders
2374 2229 2655 2289 erwähnenswert

274 2249 407 2309 wogen.
428 2246 469 2306 Er
495 2246 603 2306 wurde
624 2246 649 2306 im
686 2247 788 2307 Jahre
815 2244 881 2304 1885
908 2245 1046 2305 Doktor,
1062 2246 1118 2306 und
1150 2243 1273 2303 nachdem
1309 2242 1340 2302 er
1366 2240 1453 2300 durch

2684 2255 2856 2315 Regisseur
2883 2252 2943 2312 und
2970 2252 3018 2312 den
3050 2251 3291 2311 Schauspielern
3323 2248 3347 2308 ze

1484 2284 1591 2344 Seine
1613 2284 1693 2344 letzte
1716 2283 1828 2343 Arbeit
1851 2281 1979 2341 „Flucht
1996 2281 2022 2341 in
2056 2281 2099 2341 die
2121 2281 2341 2341 Finsternis",
2358 2279 2422 2339 eine
2445 2278 2660 2338 novellistisch¬

274 2293 344 2353 drei
370 2293 475 2353 Jahre
501 2293 530 2353 an
567 2292 794 2352 verschiedenen
825 2290 966 2350 Kliniken
997 2289 1184 2349 praktiziert
1204 2289 1264 2349 und
1295 2288 1360 2348 auch
1391 2287 1436 2347 ein

2687 2302 2779 2362 tiefes
2803 2299 3018 2359 Verständnis
3047 2297 3093 2357 für
3122 2298 3163 2358 die
3187 2298 3354 2358 Forderur

1483 2332 1625 2392 Studie,
1642 2332 1694 2392 wie
1716 2332 1747 2392 er
1774 2331 1805 2391 sie
1828 2329 2107 2389 charakterisierte,
2124 2329 2171 2389 kam
2209 2330 2235 2390 im
2278 2328 2399 2388 „Neuen
2426 2326 2558 2386 Wiener
2580 2326 2642 2386 Tag

275 2341 375 2401 Reise
405 2341 475 2401 nach
511 2338 641 2398 London
682 2338 741 2398 und
777 2338 877 2398 Paris
913 2338 1159 2398 unternommen
1194 2336 1299 2396 hatte,
1320 2335 1360 2395 um
1411 2335 1455 2395 die

2682 2351 2747 2411 Als
2791 2349 2844 2409 bei
2888 2348 2942 2408 der
2985 2347 3240 2407 Einstudierung
3271 2347 3325 2407 der

272 2388 487 2448 hygienischen
525 2387 777 2447 Einrichtungen
831 2384 925 2444 dieser
968 2383 1157 2443 Weltstädte
1200 2385 1231 2445 zu
1285 2383 1458 2443 studieren,
1490 2380 1590 2440 blatt"
1617 2379 1642 2439 in
1675 2379 1769 2439 diesem
1812 2380 1964 2440 Sommer
1991 2381 2043 2441 zum
2086 2377 2302 2437 Vorabdruck.

2683 2400 2857 2460 Deutschen
2887 2398 3114 2458 Volkstheater
3143 2398 3196 2458 sein
3231 2398 3324 2458 Sohn

270 2436 424 2496 Assistent
451 2434 546 2494 seines
573 2433 695 2493 Vaters
722 2434 758 2494 an
791 2433 843 2493 der
871 2432 998 2492 Wiener
1025 2432 1237 2492 Allgemeinen
1275 2431 1450 2491 Poliklinik

2686 2450 2745 2510 zum
2787 2449 2951 2509 erstenmal
2976 2447 2999 2507 in
3030 2446 3112 2506 Wien
3142 2446 3242 2506 Regie
3260 2445 3354 2505 führt

1692 2466 1888 2526 Worte
1929 2464 2019 2524 des
2061 2464 2445 2524 Gedenkens.

270 2481 334 2541 und
371 2481 451 2541 blieb
483 2479 514 2539 es
547 2478 594 2538 bis
627 2480 680 2540 zum
728 2478 834 2538 Jahre
866 2478 951 2538 1893.
973 2478 1100 2538 Später
1128 2478 1175 2538 tat
1202 2478 1233 2538 er
1266 2476 1382 2536 Dienst
1409 2475 1451 2535 als

2680 2496 2737 2556 der
2767 2499 2877 2559 täglich
2912 2494 2958 2554 den
2994 2493 3122 2553 Proben
3157 2493 3348 2553 beiwohnte,

278 2526 515 2586 Militärarzt,
536 2526 641 2586 verlor
668 2526 741 2586 aber
773 2526 799 2586 im
842 2526 946 2586 Jahre
973 2525 1041 2585 1901
1068 2523 1136 2583 nach
1168 2525 1215 2585 der
1242 2522 1447 2582 Publikation

1740 2544 1916 2604 Hofrat
1947 2544 2100 2604 Franz
2124 2541 2400 2601 Herterich:

2679 2544 2823 2604 arbeiter
2852 2545 2906 2605 und
2935 2544 3090 2604 Berater.
3102 2544 3146 2604 Es
3174 2544 3285 2604 mochte
3307 2539 3351 2599 w.

285 2574 385 2634 seiner
422 2574 606 2634 berühmten
648 2574 779 2634 Wiener
817 2574 948 2634 Novelle
985 2571 1174 2631 „Leutnant
1206 2569 1321 2629 Gustl“
1374 2570 1453 2630 seine

2687 2595 2796 2655 Artur
2820 2595 3004 2655 Schnitzlers
3028 2592 3160 2652 gewesen
3190 2592 3264 2652 sein,
3282 2594 3311 2654 zu

1570 2613 1650 2673 Erst
1691 2611 1749 2671 vor
1791 2610 1825 2670 20
1866 2612 1993 2672 Jahren
2029 2610 2074 2670 kam
2116 2612 2156 2672 ich
2186 2610 2243 2670 mit
2267 2610 2336 2670 Dr.
2354 2609 2464 2669 Artur
2488 2609 2644 2669 Schnitzle

278 2622 410 2682 Charge
453 2622 500 2682 als
548 2622 817 2682 Regimentsarzt
860 2622 891 2682 in
939 2620 992 2680 der
1035 2619 1187 2679 Reserve.
1225 2618 1309 2678 Bald
1341 2617 1457 2677 darauf

2691 2645 2795 2705 Welt,
2813 2643 2864 2703 der
2894 2643 2923 2703 er
2952 2643 3045 2703 selbst
3069 2643 3114 2703 den
3156 2640 3283 2700 größten
3319 2640 3358 2700 Te

279 2668 427 2728 widmete
450 2669 483 2729 er
511 2668 554 2728 sich
583 2667 659 2727 ganz
688 2667 742 2727 der
770 2667 963 2727 Dichtkunst,
986 2667 1029 2727 die
1052 2667 1113 2727 sein
1141 2667 1317 2727 bisheriger
1345 2667 1455 2727 Beruf
1483 2665 1654 2725 persönlich
1688 2664 1715 2724 in
1743 2660 1964 2720 Berührung.
1987 2660 2047 2720 Als
2075 2659 2190 2719 junger
2219 2658 2345 2718 Mensch
2390 2657 2571 2717 schwärmte
2622 2657 2649 2717 id

1483 2711 1644 2771 natürlich
1675 2711 1722 2771 für
1753 2709 1921 2769 „Liebelei"
1970 2706 2029 2766 und
2066 2705 2221 2765 „Schleier
2270 2703 2318 2763 der
2367 2704 2552 2764 Beatrice",
2571 2702 2660 2762 hatte
2691 2693 2817 2753 widmet
2860 2693 2961 2753 hatte,
2998 2692 3045 2752 sich
3088 2690 3262 2750 bewährte.
3287 2688 3346 2748 Vor

281 2714 333 2774 als
360 2714 438 2774 Arzt
466 2714 534 2774 reich
561 2711 730 2771 befruchtet
757 2714 825 2774 hat.

365 2756 471 2816 Seine
503 2759 721 2819 Entwicklung
753 2759 840 2819 war,
878 2759 940 2819 wie
966 2759 1084 2819 bereits
1135 2759 1347 2819 angedeutet,
1385 2756 1441 2816 von
1486 2758 1566 2818 dann
1598 2758 1666 2818 1909
1692 2757 1741 2817 die
1767 2756 1904 2816 Freude,
1924 2755 1948 2815 in
1980 2753 2104 2813 Leipzig
2136 2753 2192 2813 mit
2218 2753 2323 2813 Kainz
2362 2753 2417 2813 das
2468 2750 2661 2810 „Zwischen=
2687 2741 2905 2801 Besprechung
2937 2740 2993 2800 mit
3019 2740 3068 2800 dem
3106 2738 3250 2798 Dichter,
3269 2738 3318 2798 der

1487 2807 1584 2867 spiel“
1608 2809 1642 2869 zu
1671 2804 1861 2864 inszenieren
1902 2802 1959 2862 und
1994 2801 2097 2861 später
2127 2801 2161 2861 am
2208 2799 2426 2859 Burgtheater
2461 2798 2507 2858 die
2542 2798 2662 2858 Urauf=
2686 2789 2819 2849 Stückes
2848 2790 2957 2850 „Ruf
2981 2788 3049 2848 des
3078 2786 3268 2846 Lebens"
3297 2782 3349 2842 vor

286 2804 441 2864 frühester
475 2806 604 2866 Jugend
642 2806 696 2866 her
729 2807 814 2867 durch
853 2807 901 2867 die
929 2808 1052 2868 geistige
1091 2807 1150 2867 und
1183 2807 1458 2867 gesellschafttliche

1489 2852 1636 2912 führung
1666 2851 1718 2911 von
1754 2848 1924 2908 „Komödie
1948 2846 2000 2906 der
2025 2846 2259 2906 Verführung"
2290 2844 2348 2904 und
2378 2843 2418 2903 die
2449 2843 2654 2903 Erstauffüh=
2684 2838 2907 2898 ursprünglich
2937 2837 2995 2897 zum
3037 2837 3201 2897 siebzigsten
3237 2833 3348 2893 Gebur

286 2854 507 2914 Atmosphäre
538 2855 738 2915 beeinflußt,
765 2855 810 2915 die
852 2857 877 2917 in
919 2856 1016 2916 seinem
1068 2856 1258 2916 Vaterhaus
1300 2855 1448 2915 herrschte

278 2904 362 2964 Hier
395 2902 505 2962 wurde
538 2902 583 2962 ihm
629 2903 680 2963 die
707 2904 909 2964 eigenartige
942 2904 1000 2964 und
1040 2904 1188 2964 spezifisch
1215 2902 1456 2962 österreichische
1489 2899 1580 2959 rung
1606 2899 1658 2959 von
1684 2896 1847 2956 „Schleier
1867 2894 1918 2954 der
1939 2894 2101 2954 Beatvice"
2127 2895 2153 2955 zu
2179 2893 2309 2953 bringen
2343 2891 2427 2951 sowie
2453 2889 2498 2949 die
2518 2889 2661 2949 Wieder-
2694 2888 2843 2948 zuführen
2883 2885 3097 2945 beabsichtigte
3131 2884 3195 2944 und
3228 2883 3286 2943 nun
3319 2881 3351 2941 le

1486 2947 1667 3007 aufnahme
1693 2947 1742 3007 des
1774 2944 1993 3004 „Medardus"
2025 2944 2049 3004 in
2081 2944 2130 3004 den
2169 2944 2337 3004 Spielplan
2369 2943 2399 3003 zu
2438 2941 2656 3001 ermöglichen,
2688 2938 2763 2998 feier
2788 2936 2900 2996 spielen
2926 2935 3019 2995 kann.

279 2953 449 3013 Mischung
476 2950 641 3010 vertraut,
657 2951 703 3011 die
729 2953 754 3013 in
786 2953 837 3013 den
864 2953 1018 3013 achtziger
1045 2953 1101 3013 und
1133 2950 1303 3010 neunziger
1330 2950 1453 3010 Jahren

279 3001 330 3061 die
367 3003 459 3063 „gute
496 2998 625 3058 Wiener
662 2998 883 3058 Gesellschaft“
920 2999 1095 3059 darstellte.
1121 2998 1183 3058 Die
1220 2998 1452 3058 heterogensten

278 3046 469 3106 Elemente:
500 3045 675 3105 Gelehrte,
717 3046 923 3106 Advokaten,
966 3046 1141 3106 Künstler,
1167 3045 1337 3105 Kaufleute
1395 3043 1456 3103 und

270 3093 436 3153 Bankiers
463 3095 603 3155 lieferten
635 3093 686 3153 ihm
733 3093 775 3153 die
807 3094 910 3154 Typen
942 3093 1040 3153 seiner
1067 3091 1207 3151 späteren
1239 3092 1363 3152 Werke,
1385 3091 1462 3151 erste

3032 3105 3212 3165 Artur
3242 3105 3336 3165 Sch

270 3142 499 3202 Begeisterung
536 3140 587 3200 für
619 3138 666 3198 die
698 3141 905 3201 dramatische
937 3141 1041 3201 Kunst
1068 3141 1124 3201 gab
1156 3140 1208 3200 ihm
1255 3138 1312 3198 das
1344 3138 1458 3198 Burg¬

279 3189 424 3249 theater,
439 3189 494 3249 von
525 3189 575 3249 dem
616 3189 691 3249 viele
717 3189 761 3249 der
787 3189 963 3249 damaligen
994 3189 1124 3249 Größen
1150 3189 1175 3249 in
1205 3186 1305 3246 seinem
1341 3186 1461 3246 Vater¬

275 3238 362 3298 haus
398 3237 594 3297 verkehrten.
621 3237 708 3297 Allen
744 3237 919 3297 politischen
956 3236 1343 3296 Auseinandersetzungen
1384 3237 1456 3297 ging

274 3284 304 3344 er
331 3284 393 3344 fast
414 3285 558 3345 ängstlich
585 3284 647 3344 aus
673 3284 724 3344 dem
766 3284 859 3344 Weg.
881 3284 1093 3344 Bezeichnend
1125 3284 1171 3344 für
1197 3284 1254 3344 sein
1285 3281 1393 3341 Wesen
1425 3281 1461 3341 ist

270 3329 315 3389 die
346 3332 519 3392 Antwort,
545 3332 590 3392 die
616 3332 646 3392 er
677 3332 733 3392 auf
759 3332 804 3392 die
835 3332 937 3392 Frage
968 3332 1033 3392 nach
1064 3330 1319 3390 biographischen
1350 3329 1451 3389 Daten

274 3385 362 3445 gab:
383 3382 456 3442 „Ich
487 3380 534 3440 bin
565 3380 633 3440 1862
659 3381 794 3441 geboren
826 3380 888 3440 und
914 3380 982 3440 war
1003 3380 1101 3440 Arzt.

370 3439 546 3499 Schnitzler
577 3437 706 3497 wohnte
733 3437 758 3497 in
795 3437 1032 3497 Währing,
1053 3435 1100 3495 wo
1132 3436 1162 3496 er
1188 3436 1219 3496 in
1250 3434 1307 3494 der
1334 3434 1457 3494 Stern¬

270 3487 481 3547 wartestraße
505 3487 548 3547 ein
582 3487 659 3547 Heim
708 3486 808 3546 halte.
852 3484 929 3544 Sein
963 3483 1237 3543 Arbeitszimmer
1286 3481 1343 3541 von
1382 3481 1458 3541 vor¬

261 3535 390 3595 nehmer
421 3535 665 3595 Behaglichkeit
701 3532 770 3592 war
800 3534 855 3594 von
895 3532 944 3592 dem
990 3532 1109 3592 breiten
1150 3529 1354 3589 Schreibtisch
1389 3528 1453 3588 und

266 3580 318 3640 der
350 3586 526 3646 prächtigen
563 3583 750 3643 Bibliothek
782 3581 969 3641 beherrscht.
1012 3580 1095 3640 Doch
1121 3578 1277 3638 arbeitete
1325 3577 1355 3637 er
1403 3577 1439 3637 am

273 3631 401 3691 liebsten
436 3631 469 3691 an
500 3631 583 3691 einem
627 3631 794 3691 Stehpult
819 3630 853 3690 an
888 3628 942 3688 der
972 3628 1084 3688 rechten
1119 3628 1242 3688 Wand.
1262 3626 1453 3686 Graphische

274 3678 496 3738 Kunstwerke,
517 3678 698 3738 Plastiken,
719 3678 765 3738 die
797 3679 894 3739 Büste
921 3678 1236 3738 Beer=Hofmanns,
1257 3674 1345 3734 fielen
1402 3670 1459 3730 be¬

289 3728 426 3788 sonders
453 3726 518 3786 auf.

370 3774 475 3834 Artur
501 3774 694 3834 Schnitzler,
715 3771 765 3831 der
791 3774 989 3834 verheiratet
1015 3771 1095 3831 war,
1117 3770 1202 3830 hatte
1228 3768 1304 3828 zwei
1325 3768 1466 3828 Kinder,

275 3823 345 3883 eine
371 3822 496 3882 Tochter
527 3822 627 3882 Lilly,
648 3822 693 3882 die
719 3824 814 3884 gegen
850 3820 946 3880 seinen
982 3819 1093 3879 Willen
1124 3816 1209 3876 einen
1240 3816 1451 3876 italienischen

278 3875 413 3935 Offizier
445 3872 616 3932 heiratete,
638 3872 710 3932 fand
742 3872 773 3932 in
804 3872 945 3932 Venedig
982 3870 1049 3930 1928
1096 3868 1185 3928 einen
1243 3866 1456 3926 frühzeitigen

265 3920 437 3980 tragischen
473 3917 559 3977 Tod,
580 3916 635 3976 sein
671 3916 762 3976 Sohn
813 3917 960 3977 Heinrich
1012 3914 1082 3974 lebt
1124 3914 1174 3974 als
1205 3910 1372 3970 Regisseur
1423 3908 1448 3968 in

271 3964 409 4024 Berlin.
425 3962 494 4022 Der
527 3965 660 4025 Bruder
687 3965 740 4025 des
773 3965 916 4025 Dichters
949 3963 985 4023 ist
1034 3962 1087 4022 der
1125 3961 1279 4021 bekannte
1312 3957 1455 4017 Chirurg

280 4014 453 4074 Profesior
484 4013 549 4073 Dr.
568 4013 687 4073 Julius
717 4016 908 4076 Schnitzler.
