3248 4384
145 268 234 328 2.
295 270 881 330 Schnitzler's
952 273 1179 333 Death

1397 274 1532 334 box
1613 278 1797 338 43/6

600 1718 659 1778 ken
687 1716 822 1776 gegeben
844 1718 914 1778 hat,
926 1715 1022 1775 findet
1039 1718 1099 1778 sich
1126 1718 1196 1778 auch
1218 1715 1239 1775 in
1267 1718 1402 1778 Schnitz¬

1432 1718 1484 1778 die
1512 1718 1671 1778 Gedanken
1708 1718 1742 1778 zu
1770 1719 2000 1779 beschäftigen.
2037 1719 2107 1779 Ihre
2125 1718 2232 1778 Hand-
2259 1716 2347 1776 Hand
2376 1718 2454 1778 gibt,
2464 1718 2498 1778 um
2535 1718 2632 1778 selbst
2660 1718 2703 1778 den
2731 1718 2890 1778 scheinbar
2918 1718 3059 1778 unerrie¬

602 1763 666 1823 lers
694 1760 915 1820 dramatischer
943 1760 1132 1820 Produktion
1166 1760 1295 1820 wieder.

1427 1763 1493 1823 tung
1530 1763 1586 1823 und
1617 1763 1664 1823 ihr
1695 1763 1797 1823 Dialog
1829 1763 2045 1823 beschwingen
2082 1763 2226 1823 einander
2257 1761 2344 1821 bigen
2371 1760 2453 1820 Stoff
2474 1760 2550 1820 ganz
2572 1760 2608 1820 zu
2634 1762 2808 1822 bezwingen
2840 1761 2891 1821 und
2918 1760 2968 1820 der
2990 1758 3061 1818 Ma¬

119 1784 360 1844 ngang.

2255 1805 2330 1865 terie
2357 1805 2443 1865 ihren
2476 1805 2595 1865 inneren
2628 1805 2773 1865 Reichtum
2818 1805 2850 1865 zu
2883 1805 3060 1865 entlocken.

637 1814 831 1874 Schnitzlers
858 1814 1117 1874 Theaterstücke,
1145 1814 1263 1874 schrieb
1296 1814 1408 1874 einmal
1437 1806 1690 1866 wechselweise;
1717 1805 1760 1865 die
1787 1806 1982 1866 Charaktere
2009 1805 2068 1865 sind
2101 1808 2230 1868 vorzüg¬

602 1858 690 1918 Hugo
723 1856 778 1916 von
806 1856 1059 1916 Hofmannsthal,
1082 1856 1141 1916 sind
1175 1856 1401 1916 vollkommene
1435 1851 1484 1911 lich
1518 1850 1682 1910 erfunden,
1700 1850 1782 1910 leben
1815 1850 1859 1910 ihr
1888 1850 2014 1910 eigenes
2042 1850 2140 1910 Leben
2169 1850 2223 1910 und
2257 1847 2366 1907 Keines
2400 1847 2499 1907 davon
2533 1850 2720 1910 gebrauchte
2748 1848 2781 1908 er
2809 1848 2869 1908 mit
2891 1849 3056 1909 grösserer

115 1897 174 1957 ns,
197 1896 246 1956 und
274 1895 351 1955 dann
384 1895 500 1955 wieder
528 1896 572 1956 ein
606 1901 869 1961 Theaterstücke,
887 1904 1013 1964 gebaut,
1030 1903 1057 1963 um
1097 1902 1129 1962 zu
1152 1901 1283 1961 fesseln,
1300 1901 1327 1961 zu
1356 1897 1405 1957 be-
1439 1892 1537 1952 dienen
1571 1892 1642 1952 doch
1676 1892 1730 1952 nur
1758 1892 1808 1952 dem
1853 1893 1995 1953 Canzen.
2035 1892 2128 1952 Wenn
2161 1894 2227 1954 man
2267 1891 2316 1951 und
2344 1889 2542 1949 reizvollerer
2564 1891 2746 1951 Virtuosität
2763 1889 2807 1949 als
2829 1890 2873 1950 die
2896 1892 3005 1952 Ironie.
3022 1892 3055 1952 Je

103 1941 226 2001 licher
259 1939 480 1999 Melancholie.
507 1939 571 1999 Und
604 1944 792 2004 schäftigen,
836 1945 862 2005 in
890 1945 1094 2005 geistreicher
1122 1943 1223 2003 Weise
1251 1944 1283 2004 zu
1316 1941 1406 2001 über-
1434 1935 1514 1995 diese
1542 1935 1654 1995 Stücke
1687 1935 1735 1995 auf
1763 1936 1816 1996 der
1838 1936 1945 1996 Bühne
1973 1936 2063 1996 sieht,
2086 1936 2134 1996 hat
2162 1936 2220 1996 man
2259 1933 2376 1993 kühner
2399 1933 2430 1993 er
2453 1933 2533 1993 diese
2555 1933 2732 1993 anwandte,
2749 1934 2770 1994 je
2792 1934 2877 1994 mehr
2900 1933 2926 1993 er
2948 1936 3050 1996 seinen

602 1987 756 2047 raschen,
773 1987 811 2047 sie
839 1987 888 2047 tun
916 1987 965 2047 dem
1005 1987 1192 2047 Augenblick
1220 1987 1313 2047 genug
1347 1987 1396 2047 und
1436 1981 1490 2041 das
1513 1980 1644 2040 Gefühl:
1667 1981 1838 2041 derjenige,
1861 1980 1910 2040 der
1938 1980 1976 2040 sie
2004 1980 2147 2040 gemacht
2169 1981 2235 2041 hat,
2258 1978 2346 2038 Stoff
2369 1978 2423 2038 und
2451 1978 2533 2038 seine
2562 1978 2677 2038 Motive
2706 1978 2760 2038 mit
2783 1978 2826 2038 ihr
2849 1978 2870 2038 in
2904 1978 2947 2038 die
2970 1979 3052 2039 Enge

103 1984 189 2044 mme
223 1983 282 2043 eine
309 1981 385 2041 Güte
413 1981 467 2041 von
495 1981 581 2041 kind¬

606 2033 770 2093 vermögen
806 2032 874 2092 noch
902 2032 1108 2092 nachträglich
1137 2032 1191 2092 das
1212 2032 1329 2092 Gemüt
1351 2030 1398 2090 und
1434 2024 1474 2084 Ist
1495 2023 1543 2083 auf
1564 2023 1612 2083 den
1640 2023 1778 2083 Brettern
1799 2023 1833 2083 zu
1854 2023 1956 2083 Hause
1978 2023 2033 2083 und
2054 2023 2102 2083 hat
2123 2025 2226 2085 keinen
2261 2023 2356 2083 trieb,
2379 2023 2467 2083 desto
2496 2023 2605 2083 weiter
2633 2023 2792 2083 erscheint
2813 2023 2874 2083 sein
2909 2023 3053 2083 geistiger

109 2029 231 2089 alles
257 2029 366 2089 Gütige
406 2026 457 2086 und
490 2029 560 2089 Kind

1427 2068 1544 2128 andern
1575 2069 1721 2129 Ehrgeiz,
1746 2069 1792 2129 als
1822 2068 1910 2128 durch
1947 2070 1999 2130 das
2030 2068 2159 2128 Theater
2189 2069 2224 2129 zu
2254 2065 2424 2125 Horizont.

2289 2107 2378 2167 Allen
2406 2110 2508 2170 seinen
2537 2110 2653 2170 kleinen
2682 2107 2922 2167 Kunstwerken,
2937 2110 3053 2170 Erzäh¬

1426 2110 1573 2170 wirken.

110 2137 235 2197 brechen
264 2134 323 2194 alle
344 2134 423 2194 seine
451 2134 583 2194 Bücher,

1462 2154 1659 2214 Schnitzlers
1693 2154 1908 2214 Erzählungen
1954 2154 2016 2214 sind
2073 2154 2230 2214 lebendig,
2260 2152 2366 2212 lungen
2401 2151 2468 2211 oder
2497 2153 2649 2213 Dramen,
2689 2152 2796 2212 wohnt
2820 2152 2903 2212 nicht
2927 2153 2977 2213 nar
3006 2154 3050 2214 die

117 2179 190 2239 gen,
207 2178 286 2238 diese
309 2178 423 2238 kleinen
446 2178 576 2238 Dialoge

2253 2196 2432 2256 Andeutung
2459 2197 2549 2257 inne,
2581 2196 2655 2256 dass
2682 2194 2734 2254 der
2756 2196 2930 2256 Schoepfer
2952 2196 3051 2256 dieser

1427 2197 1602 2257 spannend.
1623 2196 1669 2256 Sie
1701 2196 1793 2256 haben
1825 2198 1932 2258 immer
1964 2199 2015 2259 das
2041 2197 2139 2257 nötige
2171 2196 2227 2256 De¬

107 2220 281 2280 Ferstücke.
321 2220 380 2280 Von
414 2220 462 2280 der
484 2220 577 2280 Liebe

1432 2243 1499 2303 tail,
1516 2241 1589 2301 aber
1616 2241 1658 2301 nie
1690 2241 1795 2301 zuviel
1817 2241 1932 2301 davon.
1954 2241 2001 2301 Sie
2028 2241 2123 2301 haben
2150 2240 2228 2300 Psy-
2255 2237 2376 2297 kleinen
2408 2238 2524 2298 Welten
2556 2238 2645 2298 mehr
2672 2238 2724 2298 von
2762 2238 2814 2298 der
2841 2238 2925 2298 Welt
2952 2238 3062 2298 weiss,

103 2267 159 2327 ch
192 2265 280 2325 wenn
307 2263 353 2323 sie
380 2265 442 2325 sich
474 2265 583 2325 anders

1428 2286 1584 2346 chologie,
1606 2286 1676 2346 aber
1698 2285 1746 2345 die
1769 2284 1973 2344 Psychologie
2001 2286 2081 2346 dient
2104 2286 2157 2346 nur
2180 2285 2233 2345 da¬
2261 2283 2303 2343 als
2331 2283 2363 2343 er
2385 2283 2417 2343 zu
2445 2283 2536 2343 sagen
2569 2283 2623 2343 vor
2650 2283 2704 2343 hat
2720 2283 2736 2343 —
2785 2283 2844 2343 dies
2872 2283 2915 2343 ist
2937 2285 2974 2345 ein
3007 2284 3055 2344 ge¬

102 2312 158 2372 sie
182 2308 326 2368 manchen
350 2307 500 2367 sinnreich
528 2310 579 2370 un¬

2259 2327 2448 2387 wöhnlicher
2469 2325 2577 2385 Reflex
2605 2328 2680 2388 aller
2701 2328 2802 2388 Ironie
2837 2326 2856 2386 —
2918 2328 3053 2388 sondern

1430 2329 1484 2389 zu,
1504 2328 1552 2388 den
1587 2329 1670 2389 Gang
1700 2330 1754 2390 des
1779 2328 1901 2388 Ganzen
1936 2331 1960 2391 in
1990 2328 2068 2388 einem
2113 2328 2230 2388 reizen¬

103 2352 290 2412 taunlichen
321 2354 575 2414 Verknüpfungen

1427 2372 1483 2432 den
1515 2372 1689 2432 Rhythmus
1716 2372 1782 2432 bald
1819 2372 1849 2432 zu
1885 2372 2138 2432 verlangsamen,
2159 2372 2225 2432 bald
2257 2371 2328 2431 auch
2365 2370 2462 2430 dieses
2494 2370 2689 2430 Besondere:

106 2398 314 2458 hachspüren,
358 2396 435 2456 auch
493 2396 580 2456 wenn

2290 2411 2359 2471 Man
2388 2414 2479 2474 ahnt,
2501 2414 2529 2474 er
2559 2414 2643 2474 hätte
2672 2414 2741 2474 noch
2777 2414 2862 2474 mehr
2891 2413 2947 2473 und
2976 2413 3053 2473 viel¬

1431 2416 1465 2476 zu
1491 2417 1744 2477 beschleunigen.
1765 2417 1810 2477 Sie
1836 2415 1962 2475 stecken
1993 2415 2058 2475 voll
2074 2416 2230 2476 Beobach¬

104 2441 259 2501 pferkeit
282 2438 337 2498 und
360 2438 420 2498 Not
443 2440 499 2500 des
522 2439 582 2499 Da¬

1428 2459 1516 2519 tung.
1540 2459 1622 2519 Aber
1652 2459 1722 2519 auch
1764 2459 1804 2519 die
1835 2459 2058 2519 Beobachtung
2089 2461 2129 2521 ist
2159 2459 2212 2519 dem
2260 2457 2354 2517 leicht
2378 2457 2448 2517 noch
2478 2456 2642 2516 Stärkeres
2667 2457 2702 2517 zu
2726 2457 2843 2517 geben,
2868 2457 2908 2517 als
2932 2458 2979 2518 ihm
3015 2459 3049 2519 zu

104 2484 168 2544 und
195 2483 449 2543 durchschüttern
482 2483 587 2543 möch¬

2256 2501 2353 2561 geben
2383 2501 2504 2561 gefallen
2534 2501 2585 2561 hat
2610 2501 2684 2561 oder
2708 2501 2858 2561 gestattet
2887 2499 2962 2559 war.

1433 2504 1634 2564 eigentlichen
1675 2503 1750 2563 Reiz
1791 2504 1847 2564 der
1877 2504 2048 2564 Erzählung
2089 2504 2230 2564 unterge¬

119 2528 173 2588 die
197 2528 288 2588 Liebe
321 2528 373 2588 und
406 2529 459 2589 der
483 2528 582 2588 Tod.»

2295 2546 2321 2606 In
2348 2544 2447 2604 seinem
2488 2546 2694 2606 Puppenspiel
2714 2546 2787 2606 sagt
2808 2546 2887 2606 einer
2908 2546 2960 2606 der
2981 2546 3053 2606 Hel¬

1432 2546 1556 2606 ordnet.
1579 2547 1649 2607 Man
1682 2549 1735 2609 hat
1763 2549 1817 2609 das
1850 2548 1974 2608 Gefühl,
1997 2548 2013 2608 (
2035 2547 2067 2607 ss
2095 2548 2138 2608 sie
2171 2546 2224 2606 vor

2255 2588 2311 2648 den
2345 2588 2456 2648 einmal

1430 2589 1515 2649 einem
1568 2590 1655 2650 Mann
1698 2590 1885 2650 herrühren,
1924 2590 2034 2650 dessen
2083 2590 2231 2650 primäre:

106 2600 167 2660 862
189 2599 209 2659 in
237 2599 320 2659 Wien
348 2599 479 2659 geboren
501 2598 583 2658 wur¬

2253 2626 2295 2686 So
2324 2626 2388 2686 viel
2410 2626 2475 2686 will
2497 2626 2540 2686 ich
2569 2626 2626 2686 von
2655 2626 2711 2686 mir
2742 2626 2905 2686 verraten:

1434 2632 1541 2692 Talent
1563 2635 1617 2695 des
1640 2635 1807 2695 Erzählers
1835 2635 1942 2695 kurzer
1970 2635 2040 2695 oder
2068 2635 2208 2695 mittellan

116 2644 229 2704 bleibt
257 2644 337 2704 einer
365 2644 419 2704 der
447 2644 582 2704 liebens¬

2256 2671 2296 2731 Zu
2330 2668 2544 2728 Stimmungen
2578 2670 2668 2730 neig'
2686 2671 2751 2731 ich,
2777 2669 2859 2729 nioht
2885 2668 2917 2728 zu
2950 2669 3057 2729 Taten,

1427 2681 1486 2741 ger
1515 2679 1727 2739 Erzählungen
1761 2680 1804 2740 ist

104 2692 157 2752 den
184 2689 310 2749 grossen
338 2689 575 2749 Schriftstellern

2258 2715 2312 2775 und
2343 2713 2418 2773 sage
2444 2713 2524 2773 statt
2550 2713 2600 2773 des
2630 2713 2751 2773 weitern
2782 2713 2942 2773 Berichte:

1472 2722 1495 2782 In
1520 2722 1627 2782 beiden
1652 2722 1802 2782 Formen:
1815 2722 1929 2782 Drama
1953 2724 1983 2784 u,
2002 2722 2182 2782 Erzählung,
2194 2722 2212 2782 is

96 2737 133 2797 en
165 2734 373 2794 Generation.
416 2731 501 2791 Auch
540 2731 581 2791 die

2259 2758 2306 2818 Ich
2342 2758 2383 2818 bin
2411 2758 2465 2818 der
2494 2758 2569 2818 Held
2598 2758 2645 2818 des
2674 2758 2798 2818 Stückes
2826 2758 2915 2818 sonst
2937 2758 3053 2818 nichte!

1431 2764 1603 2824 Schnitzler
1629 2766 1777 2826 durchaus
1803 2767 1957 2827 Künstler.
1970 2766 2007 2826 Er
2032 2764 2093 2824 war
2112 2766 2143 2826 es
2168 2764 2217 2824 von

88 2779 132 2839 er
158 2776 228 2836 nach
264 2776 314 2836 der
340 2776 577 2836 Lebenswende

1428 2809 1530 2869 ersten
1563 2810 1639 2870 Tage
1667 2810 1720 2870 an.
1737 2809 1775 2869 Es
1797 2809 1834 2869 ist
1862 2809 1899 2869 ein
1933 2809 2154 2869 erstaunlicher
2176 2808 2230 2868 Ge¬

2288 2814 2463 2874 Schnitzler
2496 2814 2548 2874 hat
2575 2816 2705 2876 gesagt,
2732 2814 2796 2874 was
2823 2814 2855 2874 er
2888 2814 2920 2874 zu
2953 2814 3043 2874 sagen

102 2818 275 2878 genommen
316 2820 384 2880 hat,
415 2820 499 2880 zeigt
534 2820 578 2880 ihn

1427 2849 1545 2909 danke,
1572 2853 1642 2913 dass
1680 2853 1728 2913 die
1762 2853 1880 2913 kleinen
1913 2853 2031 2913 Szenen
2069 2852 2123 2912 aus
2162 2852 2210 2912 dem
2259 2858 2361 2918 hatte.
2383 2857 2453 2917 Sein
2491 2857 2582 2917 Werk
2621 2859 2696 2919 liegt
2723 2856 2961 2916 abgeschlossen
2999 2860 3052 2920 vor

108 2862 314 2922 Beobachter
351 2862 408 2922 und
450 2862 584 2922 hervor¬

1432 2894 1528 2954 Leben
1556 2894 1642 2954 einer
1664 2896 1847 2956 erfundenen
1875 2898 1967 2958 Figur
1989 2897 1999 2957 «
2016 2895 2128 2955 Anatol
2140 2895 2166 2955 »,
2183 2896 2225 2956 die
2259 2900 2329 2960 uns.
2345 2901 2404 2961 Der
2432 2901 2512 2961 Tod,
2529 2901 2583 2961 von
2610 2901 2664 2961 dem
2702 2901 2734 2961 er
2756 2901 2799 2961 oft
2821 2901 2875 2961 und
2902 2901 2950 2961 mit
2972 2901 3058 2961 Zärt¬

103 2910 190 2970 bgen.
206 2907 255 2967 Ein
278 2907 403 2967 tieferes
425 2907 577 2967 Eingehen

1432 2937 1521 2997 heute
1548 2938 1616 2998 aller
1643 2940 1722 3000 Welt
1744 2941 1764 3001 in
1791 2940 1912 3000 Europa
1939 2940 1992 3000 und
2014 2940 2087 3000 über
2109 2940 2225 3000 Europa

2259 2946 2383 3006 lichkeit
2405 2946 2617 3006 gesprochen,
2644 2946 2698 3006 hat
2721 2946 2763 3006 ihn
2791 2946 2997 3006 heimgerufen
3030 2947 3051 3007 in

88 2952 175 3012 eiten
230 2950 284 3010 und
335 2949 579 3009 Seltsamkeiten

1428 2982 1565 3042 geläufig
1597 2982 1655 3042 ist,
1683 2984 1735 3044 und
1773 2985 1836 3045 eine
1868 2985 1984 3045 kurze,
2012 2984 2032 3044 in
2065 2984 2149 3044 ihrer
2176 2985 2234 3045 Art

2259 2990 2303 3050 die
2326 2990 2441 3050 ewigen
2469 2988 2585 3048 Gefilde
2613 2988 2663 3048 der
2686 2990 2846 3050 Seligkeit.
2863 2988 2934 3048 Sein
2957 2988 3045 3048 Werk

110 2994 244 3054 Grazie
276 2994 332 3054 und
364 2994 581 3054 Liebenswür¬

1428 3026 1638 3086 vollkommen
1675 3027 1748 3087 reife
1781 3027 1838 3087 und
1871 3027 2086 3087 meisterhafte
2118 3027 2234 3087 Erzäh¬
2261 3031 2334 3091 aber
2367 3032 2440 3092 wird
2472 3032 2492 3092 in
2530 3032 2629 3092 seinen
2662 3032 2783 3092 reifsten
2815 3032 3046 3092 Schoepfungen

88 3038 136 3098 ss
164 3038 207 3098 ihn
235 3038 267 3098 zu
300 3038 381 3098 einem
420 3035 474 3095 der
496 3035 588 3095 trefi¬

1428 3068 1502 3128 lung
1537 3068 1548 3128 «
1560 3069 1705 3129 Reichtum
1740 3068 1751 3128 »
1780 3068 1837 3128 das
1867 3070 1947 3130 erste
1983 3071 2097 3131 waren,
2128 3069 2231 3129 womit
2260 3076 2399 3136 bleiben,
2417 3074 2450 3134 da
2480 3074 2514 3134 er
2538 3075 2595 3135 mit
2619 3075 2745 3135 anmutig
2775 3074 2797 3134 in
2827 3074 2907 3134 ihrem
2948 3073 3057 3133 Reich¬

95 3083 206 3143 rder
235 3080 433 3140 weichlichen
472 3080 588 3140 wiene¬

775 3095 928 3155 Arthur
955 3095 1178 3155 Schnitzler
1204 3097 1255 3157 f.

1431 3112 1466 3172 er
1491 3111 1539 3171 vor
1558 3113 1588 3173 so
1613 3116 1709 3176 vielen
1734 3116 1843 3176 Jahren
1868 3115 2061 3175 hervortrat.

2258 3119 2305 3179 tum
2343 3120 2619 3180 schwelgerischer
2646 3119 2773 3179 Technik
2800 3119 2843 3179 die
2870 3119 2965 3179 ganze
2987 3119 3055 3179 Far¬

96 3126 155 3186 jen.
172 3123 226 3183 Die
260 3125 494 3185 eigentümliche
527 3122 581 3182 Mi¬

608 3161 736 3221 Wenige
786 3159 915 3219 Monate
959 3158 1014 3218 vor
1058 3158 1254 3218 Vollendung
1304 3159 1408 3219 seines

2255 3164 2373 3224 bigkeit
2406 3163 2460 3223 des
2493 3164 2661 3224 modernen
2694 3164 2834 3224 Lebens,
2862 3163 2916 3223 den
2949 3164 3046 3224 Prunk

1461 3164 1641 3224 Schnitzler
1688 3167 1792 3227 waren
1840 3167 1897 3227 alle
1944 3167 2148 3227 Instrumente
2195 3164 2229 3224 zu

96 3168 156 3228 herz
187 3167 242 3227 und
273 3168 404 3228 Humor,
430 3169 490 3229 eine
521 3166 581 3226 ele¬

118 3216 214 3276 neben
253 3212 306 3272 der
333 3212 580 3272 Graemlichkeit
603 3209 656 3269 70.
683 3203 909 3263 Lebensjahres
942 3203 1022 3263 starb
1060 3203 1087 3263 in
1125 3203 1205 3263 Wien
1243 3203 1297 3263 der
1330 3206 1410 3266 Dra-
1432 3209 1560 3269 Dienst,
1577 3209 1620 3269 die
1648 3210 1701 3270 das
1723 3212 1895 3272 Handwerk
1928 3210 2008 3270 einem
2046 3210 2223 3270 erfahrenen
2262 3208 2315 3268 und
2348 3207 2390 3267 die
2418 3206 2590 3266 Schönheit
2628 3206 2708 3266 einer
2757 3206 2940 3266 vornehmen
2994 3206 3047 3266 und

98 3259 116 3319 r
136 3257 235 3317 seinen
267 3256 373 3316 besten
398 3256 585 3316 Prosawer-
599 3250 748 3310 matiker
768 3248 823 3308 und
849 3248 1073 3308 Schriftsteller
1099 3248 1211 3308 Arthur
1237 3250 1405 3310 Schnitzler
1431 3251 1493 3311 und
1518 3254 1593 3314 sehr
1619 3256 1874 3316 nachdenklichen
1919 3258 2062 3318 Künstler
2107 3255 2131 3315 in
2182 3252 2225 3312 die
2263 3251 2369 3311 weiten
2401 3253 2488 3313 Welt
2507 3253 2775 3313 herausgebracht
2801 3253 2869 3313 hat.
2889 3256 2957 3316 (av)
