3392 4320
318 337 910 397 Schnitzler's
978 337 1206 397 Death

308 694 1024 754 OBSERVER

395 745 421 805 I.
435 748 555 808 österr.
565 748 716 808 behördl.
725 751 1028 811 konzessioniertes

346 786 582 846 Unternehmen
609 789 659 849 für
687 792 1073 852 Zeitungs-Ausschnitte

400 847 548 907 WIEN,
576 849 622 909 I.,
650 852 933 912 WOLLZEILE
975 855 1021 915 11

495 900 712 960 TELEPHON
746 903 924 963 R-23-0-43

299 1037 516 1097 Ausschnitt
546 1041 631 1101 aus:

649 1106 833 1166 Mödlinger
862 1124 1067 1184 Nachichten

577 1253 679 1313 31.
697 1258 833 1318 0KT.
852 1259 954 1319 131

291 1258 405 1318 vom:

287 1424 358 1484 Zu
419 1432 993 1492 Arthur-Schnitzlers
1043 1428 1197 1488 Tod.

300 1500 376 1560 Nun
415 1503 460 1563 ist
491 1504 528 1564 er
567 1506 673 1566 seinem
735 1509 894 1569 Freunde
933 1509 1230 1569 Hofmannsthal

244 1551 273 1611 im
321 1554 420 1614 Tode
456 1555 697 1615 nachgefolgt,
721 1557 820 1617 ruhig
862 1558 926 1618 und
962 1560 1132 1620 gelassen,
1162 1559 1226 1619 wie

241 1602 275 1662 er
303 1602 438 1662 gelebt,
456 1602 490 1662 er
518 1604 591 1664 war
620 1605 647 1665 ja
682 1605 733 1665 als
767 1605 857 1665 Arzt
886 1605 947 1665 wie
982 1606 1032 1666 als
1067 1607 1224 1667 Künstler

239 1647 307 1707 mit
330 1649 386 1709 dem
438 1652 533 1712 Tode
562 1652 590 1712 so
624 1652 805 1712 vertraut.
828 1654 896 1714 Die
925 1654 1043 1714 beiden
1078 1656 1235 1716 Dichter,

237 1697 293 1757 die
322 1698 361 1758 um
413 1700 469 1760 die
503 1703 876 1763 Jahrhundertwende
911 1703 967 1763 den
1013 1703 1114 1763 Ruhm
1166 1704 1221 1764 des

237 1747 520 1807 österreichischen
568 1751 805 1811 Schrifttums
869 1754 1036 1814 bedeutet
1096 1754 1234 1814 hatten,

242 1794 306 1854 sind
342 1798 436 1858 nicht
472 1799 583 1859 mehr.
613 1799 689 1859 Der
719 1802 984 1862 österreichische
1026 1801 1225 1861 Skeptizis¬

237 1844 310 1904 mus
350 1847 412 1907 und
446 1846 496 1906 die
531 1849 734 1909 Müdigkeit
763 1850 852 1910 alter
881 1851 1016 1911 Kultur
1045 1849 1157 1909 waren
1192 1852 1219 1912 in

236 1896 359 1956 ihnen,
390 1896 466 1956 doch
508 1897 608 1957 besaß
650 1899 839 1959 Schnitzler
875 1897 952 1957 viel
982 1898 1081 1958 mehr
1100 1901 1223 1961 Frische

236 1943 299 2003 und
340 1946 588 2006 Lebendigkeit
617 1946 668 2006 als
704 1946 1015 2006 Hofmannsthal.
1045 1948 1217 2008 Während

235 1993 339 2053 dieser
373 1995 461 2055 kraft
495 1996 600 2056 seiner
639 1996 892 2056 Naturanlage
927 1997 998 2057 eine
1037 2001 1225 2061 vornehme

236 2042 455 2102 Einsamkeit
478 2043 615 2103 wahrte
649 2045 709 2105 und
743 2046 830 2106 seine
864 2044 1150 2104 wundervollen,
1173 2046 1227 2106 oft

234 2091 420 2151 pompösen
460 2093 567 2153 Verse
601 2093 651 2153 für
686 2094 826 2154 Kenner
855 2095 922 2155 und
957 2097 1221 2157 Feinschmecker

242 2142 380 2202 schrieb,
409 2143 541 2203 tauchte
577 2145 767 2205 Schnitzler
802 2143 882 2203 gern
923 2145 951 2205 in
992 2145 1049 2205 der
1084 2146 1222 2206 Menge

234 2190 290 2250 des
342 2190 494 2250 Wiener
540 2193 670 2253 Volkes
721 2195 823 2255 unter
869 2193 936 2253 und
983 2194 1072 2254 seine
1118 2195 1219 2255 ersten

235 2237 377 2297 Wiener
405 2240 526 2300 Stucke
555 2240 775 2300 „Liebelei,
797 2239 896 2299 „Das
930 2240 1227 2300 Vermächtnis",

225 2288 450 2348 „Freiwild“
479 2289 553 2349 u.a.
570 2290 682 2350 atmen
717 2289 784 2349 eine
813 2286 1033 2346 gemütvolle
1062 2291 1225 2351 Wärme,

235 2336 312 2396 seine
343 2336 446 2396 Liebe
471 2337 506 2397 zu
537 2339 590 2399 den
627 2336 760 2396 frischen
797 2339 948 2399 Kindern
985 2339 1039 2399 des
1070 2342 1226 2402 Lebens,

234 2384 281 2444 die
312 2384 347 2444 er
384 2385 420 2445 da
457 2387 626 2447 zeichnet,
656 2389 813 2449 wodurch
850 2387 886 2447 er
922 2389 976 2449 sich
1014 2387 1127 2447 sofort
1158 2390 1218 2450 das

224 2431 318 2491 Herz
348 2433 401 2493 der
431 2434 578 2494 Wiener
602 2437 743 2497 erobert
768 2437 844 2497 hat.
868 2433 945 2493 Das
975 2437 1228 2497 farbenreiche,

228 2482 479 2542 vielsprachige
516 2486 792 2546 Völkergemisch
836 2483 897 2543 des
940 2485 1032 2545 alten
1075 2485 1216 2545 Oester¬

227 2532 304 2592 reich
341 2533 437 2593 hatte
468 2533 497 2593 in
534 2533 582 2593 ihm
631 2536 727 2596 einen
764 2533 968 2593 liebevollen
1011 2536 1228 2596 Schilderer,

230 2581 346 2641 freilich
390 2583 469 2643 auch
514 2584 611 2644 einen
655 2587 803 2647 scharfen
846 2584 1019 2644 Kritiker.
1056 2587 1222 2647 Bekannt

225 2632 266 2692 ist
291 2632 344 2692 ja,
369 2632 435 2692 wie
466 2633 513 2693 er,
538 2633 597 2693 der
629 2632 935 2692 Regimentsarzt
960 2632 995 2692 u.
1020 2634 1086 2694 D.,
1099 2634 1212 2694 wegen

225 2679 332 2739 seiner
375 2679 464 2739 allzu
531 2682 760 2742 aufrichtigen
809 2682 1092 2742 Porträtierung
1153 2682 1212 2742 des

225 2727 506 2787 oberflächlichen
544 2730 671 2790 jungen
709 2732 997 2792 österreichischen
1041 2733 1205 2793 Offiziers

225 2778 254 2838 im
309 2778 512 2838 „Leutnant
537 2778 662 2838 Gustl“
699 2778 782 2838 seine
819 2781 963 2841 Charge
993 2779 1113 2839 verlor
1144 2780 1209 2840 und

225 2826 314 2886 nicht
351 2827 416 2887 mit
447 2828 542 2888 einer
579 2829 747 2889 Wimper
784 2830 909 2890 zuckte.
940 2829 1204 2889 Skeptizismus

225 2874 290 2934 und
321 2876 555 2936 Resignation
586 2879 700 2939 hatten
737 2878 906 2938 übrigens
942 2876 996 2936 bei
1021 2876 1075 2936 ihm
1117 2879 1207 2939 einen

225 2924 360 2984 tieferen
404 2926 532 2986 Grund
570 2926 624 2986 als
669 2927 723 2987 den
767 2927 847 2987 bloß
885 2927 1088 2987 politischen
1132 2926 1217 2986 Alt¬

217 2973 442 3033 österreichs.
483 2975 667 3035 Schnitzler
714 2975 788 3035 war
830 2977 1095 3037 durchdrungen
1148 2978 1211 3038 von

218 3020 280 3080 dem
331 3023 462 3083 Wissen
500 3023 544 3083 um
595 3023 644 3083 die
677 3023 990 3083 Vergänglichkeit
1022 3026 1109 3086 alles
1147 3023 1215 3083 Ir¬

217 3069 370 3129 dischen,
394 3070 423 3130 in
459 3070 517 3130 der
548 3071 653 3131 nichts
695 3072 848 3132 Bestand
884 3072 966 3132 hat,
990 3072 1030 3132 am
1078 3074 1213 3134 wenig¬

218 3118 281 3178 sten
328 3119 449 3179 unsere
485 3119 623 3179 eigenen
664 3121 843 3181 Gefühle.
879 3123 1022 3183 „Nichts
1070 3123 1214 3183 vorher¬

219 3166 344 3226 sagen,
369 3170 423 3230 für
460 3169 513 3229 sich
550 3169 640 3229 nicht
671 3170 736 3230 und
773 3169 827 3229 für
864 3171 1014 3231 andere,
1039 3171 1128 3231 nicht
1159 3169 1213 3229 für

221 3217 274 3277 die
304 3217 439 3277 nächste
475 3220 669 3280 Minute!“
705 3217 745 3277 ist
776 3218 840 3278 das
882 3220 1093 3280 Leitmotiv,
1141 3220 1205 3280 das

218 3267 246 3327 in
293 3267 409 3327 seinen
456 3267 635 3327 Schriften
683 3267 740 3327 oft
781 3267 1031 3327 wiederkehrt.
1090 3268 1216 3328 Damit

215 3315 442 3375 kontrastiert
482 3316 527 3376 ein
573 3317 653 3377 stets
699 3317 1033 3377 durchleuchtender
1073 3318 1215 3378 Glaube

217 3363 256 3423 an
303 3366 453 3426 ethische
494 3366 811 3426 Verpflichtungen
863 3365 932 3425 und
979 3366 1030 3426 die
1077 3368 1209 3428 ausge¬

220 3414 400 3474 sprochene
434 3414 609 3474 Vorliebe
644 3416 700 3476 für
729 3415 949 3475 ehrenwerte
984 3417 1215 3477 Charaktere,

216 3461 317 3521 deren
358 3463 544 3523 Schnitzler
584 3464 668 3524 viele
708 3465 906 3525 gezeichnet
941 3464 1019 3524 hat.
1048 3467 1104 3527 An
1144 3467 1205 3527 das

217 3511 305 3571 Herz
347 3512 406 3572 der
447 3512 742 3572 Schnitzler'schen
790 3513 902 3573 Kunst
938 3515 1091 3575 gelangt
1127 3515 1202 3575 man

211 3560 245 3620 in
292 3560 574 3620 Meisterwerken
621 3562 690 3622 wie
737 3565 829 3625 „Der
870 3565 979 3625 grüne
1026 3566 1216 3626 Kakadu“,

219 3609 314 3669 „Der
345 3612 501 3672 einsame
538 3612 676 3672 Weg,
701 3613 802 3673 „Das
845 3612 947 3672 weite
984 3613 1128 3673 Land",
1152 3614 1206 3674 die

215 3659 277 3719 von
328 3662 582 3722 Beziehungen
628 3662 661 3722 zu
713 3662 966 3722 Tagesfragen
1012 3664 1102 3724 ganz
1142 3662 1209 3722 frei

214 3709 283 3769 sind
324 3708 393 3768 und
434 3709 486 3769 die
527 3711 759 3771 Vollendung
806 3709 915 3769 seiner
956 3711 1199 3771 dramatischen

212 3756 382 3816 Technik,
400 3759 511 3819 seines
547 3760 606 3820 von
642 3760 742 3820 Geist
772 3760 836 3820 und
866 3761 1006 3821 Humor
1037 3761 1200 3821 sprühen¬

212 3805 270 3865 den
307 3809 460 3869 Dialogs
496 3808 567 3868 rein
603 3810 655 3870 zur
686 3810 899 3870 Entfaltung
935 3808 1106 3868 bringen.
1130 3811 1200 3871 Daß

211 3858 334 3918 unsere
370 3858 463 3918 Zeit,
494 3858 541 3918 die
571 3859 600 3919 in
636 3859 717 3919 zehn
753 3860 894 3920 Jahren
930 3859 1200 3919 Jahrhunderte

213 3908 244 3968 zu
289 3906 488 3966 durchleben
533 3908 677 3968 scheint,
702 3909 758 3969 ihn
797 3910 915 3970 hinter
953 3909 1009 3969 sich
1047 3911 1197 3971 gelassen

209 3957 294 4017 hat,
319 3957 393 4017 was
430 3956 510 4016 will
536 3957 596 4017 das
634 3960 812 4020 besagen?
850 3957 1016 4017 Welchem
1066 3960 1207 4020 Dichter

215 4008 318 4068 seiner
359 4008 577 4068 Generation
624 4008 663 4068 ist
704 4008 738 4068 es
808 4009 940 4069 anders
986 4011 1199 4071 gegangen?

209 4056 395 4116 Schnitzler
431 4058 551 4118 konnte
582 4059 641 4119 sich
678 4059 792 4119 damit
829 4060 973 4120 trösten,
1004 4059 1063 4119 daß
1100 4059 1202 4119 unser

204 4106 313 4166 neues
363 4105 566 4165 Geschlecht
603 4108 787 4168 schließlich
837 4106 916 4166 auch
966 4107 1199 4167 Erscheinun¬

202 4155 261 4215 gen
299 4152 363 4212 wie
391 4154 553 4214 Gerhard
586 4157 845 4217 Hauptmann,
867 4154 1029 4214 Thomas
1067 4157 1207 4217 Mann,

192 4194 359 4254 omai

1420 333 1550 393 box
1629 333 1868 393 43/13

2090 1075 2275 1135 VER

1563 1088 2000 1148 OBSEF

1655 1147 1681 1207 I.
1696 1145 1814 1205 österr.
1828 1141 1974 1201 behördl.
1989 1132 2286 1192 konzessioniertes

1605 1187 1838 1247 Unternehmen
1872 1181 1918 1241 für
1942 1175 2326 1235 Zeitungs-Ausschnitte

1660 1245 1809 1305 WIEN,
1840 1244 1889 1304 I.,
1911 1238 2205 1298 WOLLZEILE
2249 1231 2291 1291 11

1767 1294 1979 1354 TELEPHON
2012 1288 2186 1348 R-23-0-43

1567 1443 1785 1503 Ausschnitt
1808 1434 1897 1494 aus:

1564 1516 1643 1576 The
1690 1502 2148 1562 Continental-Ti

1911 1548 2278 1608 ien-terlin,

1576 1668 1686 1728 vom:
1766 1667 2080 1727 31.10.1931

1861 2160 2082 2220 Arthur
2129 2157 2508 2217 Schnitzler,

1603 2240 1707 2300 der
1756 2239 2004 2299 Dichter
2063 2238 2167 2298 des
2225 2237 2751 2297 Vorkriegs-Wien

1530 2310 1611 2370 Eine
1655 2310 1746 2370 Zeit,
1790 2308 1838 2368 die
1888 2309 2001 2369 täglich
2061 2307 2158 2367 neuen
2196 2305 2310 2365 Taktik
2348 2305 2375 2365 in
2413 2304 2467 2364 den
2500 2303 2721 2363 persönlichen
2760 2302 2867 2362 Bezie¬

1500 2351 1676 2411 Schrecken
1716 2350 1774 2410 und
1814 2347 1892 2407 neue
1932 2348 2162 2408 Verzweiflung
2202 2346 2348 2406 hungen,
2373 2343 2422 2403 der
2452 2343 2569 2403 Kampf
2594 2342 2692 2402 gegen
2727 2342 2775 2402 die
2805 2340 2873 2400 ma¬

1501 2389 1744 2449 hervorbringt,
1769 2390 1821 2450 hat
1845 2390 1955 2450 keinen
1994 2389 2074 2449 Raum
2123 2387 2170 2447 für
2204 2387 2318 2447 terielle
2357 2384 2572 2444 Verelendung
2611 2382 2663 2442 hat
2697 2381 2778 2441 einen
2816 2381 2873 2441 Be¬

1505 2428 1554 2488 den
1598 2427 1735 2487 Dichter
1770 2427 1828 2487 der
1863 2427 1985 2487 sanften
2030 2426 2171 2486 Empfin-
2202 2426 2280 2486 griff
2319 2423 2475 2483 geboren,
2510 2423 2564 2483 der
2604 2420 2662 2480 alle
2707 2420 2868 2480 Konflikte

2592 2461 2878 2521 Kameradschaft.

1503 2468 1581 2528 dung
1614 2467 1670 2527 und
1703 2467 1880 2527 lächelnden
1909 2467 2039 2527 Tragik.
2058 2467 2174 2527 Arthur
2208 2463 2347 2523 zunichte
2408 2462 2529 2522 macht:

1506 2509 1696 2569 Schnitzler,
1711 2507 1736 2567 in
1767 2506 1872 2566 dessen
1908 2506 1993 2566 Werk
2028 2504 2083 2564 alle
2109 2502 2174 2562 Ge-
2205 2502 2269 2562 Das
2310 2501 2440 2561 Wagnis
2492 2502 2576 2562 eines
2617 2501 2777 2561 „Reigen“

1503 2549 1747 2609 fühlsinnigkeit
1792 2545 1894 2605 dieser
1929 2546 2022 2606 Stadt
2066 2543 2173 2603 einge-
2203 2543 2310 2603 längst
2355 2542 2516 2602 überholt.
2556 2539 2682 2599 Edelste
2727 2539 2873 2599 Klarheit

1503 2586 1665 2646 schlossen
1699 2586 1755 2646 ist,
1780 2584 1832 2644 aus
1866 2585 1975 2645 dessen
2009 2584 2166 2644 Dichtung
2205 2582 2262 2642 des
2296 2580 2400 2640 Reims
2439 2580 2539 2640 bleibt
2573 2579 2596 2639 in
2635 2576 2739 2636 dieser
2783 2578 2878 2638 Welt,

1508 2628 1598 2688 noble
1627 2626 1841 2686 Abseitigkeit
1866 2623 1922 2683 und
1956 2624 2175 2684 Ueberlegen-
2205 2621 2256 2681 die
2290 2620 2338 2680 ihr
2372 2620 2552 2680 poetisches
2586 2618 2800 2678 Auskommen
2844 2615 2867 2675 in

2207 2661 2379 2721 sachlichen
2424 2658 2596 2718 Gedichten
2647 2655 2873 2715 Kästnerscher

1500 2664 1570 2724 heit
1603 2664 1743 2724 spricht,
1777 2664 1833 2724 hat
1867 2663 1927 2723 sich
1975 2662 2030 2722 aus
2073 2660 2157 2720 einem

1498 2706 1612 2766 Dasein
1656 2703 1847 2763 geflüchtet,
1877 2702 1986 2762 dessen
2030 2700 2168 2760 hastiges
2203 2699 2351 2759 Prägung
2404 2698 2461 2758 und
2514 2697 2571 2757 der
2605 2695 2873 2755 Reklamepoesie

1503 2746 1565 2806 jund
1603 2741 1713 2801 wirres
1752 2742 1933 2802 Geschehen
1972 2741 2024 2801 ihm
2072 2741 2167 2801 fremd
2206 2739 2292 2799 ihrer
2316 2738 2445 2798 Plakate
2474 2736 2588 2796 findet,
2608 2735 2684 2795 ohne
2713 2736 2880 2796 Wirkung.

2245 2778 2363 2838 Arthur
2393 2778 2585 2838 Schnitzler,
2615 2775 2669 2835 der
2699 2774 2728 2834 in
2763 2775 2866 2835 diesen

1505 2783 1687 2843 erscheinen
1726 2781 1851 2841 mußte.
1876 2783 1948 2843 Sein
1987 2781 2078 2841 Werk
2117 2780 2179 2840 war

1509 2825 1563 2885 mit
1606 2823 1660 2883 dem
1720 2820 1973 2880 Vorkriegswien
2022 2820 2172 2880 unlöslich
2211 2817 2313 2877 Tagen
2356 2815 2410 2875 von
2449 2816 2507 2876 uns
2540 2813 2701 2873 gegangen
2740 2814 2798 2874 ist,
2826 2812 2879 2872 hat

1510 2861 1710 2921 verbunden.
1730 2858 1794 2918 Aus
1819 2858 1872 2918 der
1897 2858 2019 2918 Freude
2044 2858 2079 2918 an
2109 2857 2181 2917 Epi-
2211 2855 2274 2915 sich
2314 2855 2490 2915 tatsächlich
2535 2852 2628 2912 schon
2673 2850 2731 2910 seit
2766 2850 2873 2910 langen

2223 2897 2320 2957 Jahren
2358 2894 2414 2954 aus
2447 2893 2502 2953 der
2536 2891 2736 2951 Gegenwart
2764 2891 2880 2951 absen¬

1508 2901 1623 2961 soden,
1643 2898 1695 2958 die
1720 2900 1820 2960 seinen
1845 2900 2066 2960 Zeitgenossen
2090 2898 2176 2958 eigen

1508 2939 1574 2999 war
1608 2941 1665 3001 und
1699 2938 1775 2998 über
1804 2936 1856 2996 der
1885 2938 1927 2998 sie
1961 2938 2095 2998 zumeist
2124 2935 2176 2995 aus
2210 2935 2300 2995 tiert.
2329 2933 2400 2993 Sein
2444 2932 2558 2992 Werk,
2592 2930 2678 2990 eines
2716 2930 2768 2990 der
2812 2928 2883 2988 vor¬

1516 2980 1567 3040 dem
1619 2978 1777 3038 Schwung
1825 2977 1881 3037 der
1918 2977 2180 3037 Zielstrebigkeit
2211 2975 2376 3035 nehmsten
2407 2972 2463 3032 und
2495 2971 2644 3031 innigsten
2676 2969 2881 3029 Dokumente

1515 3020 1671 3080 gerieten,
1731 3017 1917 3077 entstanden
1987 3016 2182 3076 Schnitzlers
2217 3015 2320 3075 dieses
2345 3011 2580 3071 liebenswerten
2615 3008 2889 3068 Vorkriegswien,

1512 3057 1626 3117 feinste
1660 3058 1865 3118 dichterische
1899 3056 2066 3116 Nuancen.
2090 3055 2180 3115 Seine
2214 3051 2280 3111 lebt
2324 3051 2347 3111 in
2395 3051 2472 3111 allen
2520 3049 2648 3109 weiter,
2687 3046 2734 3106 die
2778 3047 2877 3107 neben

2214 3091 2266 3151 der
2295 3091 2492 3151 stündlichen
2512 3088 2755 3148 Erschütterung
2790 3088 2880 3148 durch

1517 3099 1684 3159 Probleme
1730 3097 1861 3157 ergaben
1912 3095 1970 3155 sich
2025 3094 2079 3154 aus
2125 3093 2179 3153 den

2216 3130 2269 3190 das
2300 3131 2459 3191 Erdbeben
2500 3129 2884 3189 zusammenbrechender

1515 3138 1696 3198 Konflikten
1731 3135 1844 3195 junger
1874 3133 1986 3193 Leute,
2011 3134 2060 3194 die
2095 3130 2187 3190 revo¬

1515 3178 1653 3238 lutionär
1682 3175 1782 3235 waren
1820 3175 1872 3235 aus
1901 3175 1987 3235 Mut,
2011 3172 2101 3232 nicht
2126 3171 2182 3231 aus
2217 3171 2336 3231 Staats-
2403 3169 2460 3229 und
2541 3168 2879 3228 Wirtschaftssysteme

1518 3218 1818 3278 Gleichgültigkeit.
1859 3217 1994 3277 Anatol,
2035 3212 2089 3272 der
2140 3210 2185 3270 lä-
2221 3209 2276 3269 der
2306 3210 2456 3270 Gedanke
2492 3208 2527 3268 an
2567 3208 2632 3268 eine
2668 3206 2738 3266 Zeit
2768 3205 2888 3265 erfüllt,

1516 3257 1681 3317 lächelnde
1731 3255 1997 3315 Melancholiker,
2048 3251 2183 3311 gehörte
2219 3250 2244 3310 in
2264 3250 2314 3310 der
2335 3250 2379 3310 die
2395 3247 2590 3307 Resignation
2626 3245 2700 3305 noch
2731 3244 2891 3304 lächelnd,

1512 3295 1605 3355 jeiner
1644 3295 1884 3355 Kulturperiode
1929 3293 1982 3353 an,
2027 3293 2076 3353 die
2130 3291 2184 3351 uns
2218 3288 2277 3348 und
2321 3287 2370 3347 die
2410 3287 2620 3347 Melancholie
2665 3282 2738 3342 noch
2783 3284 2890 3344 harm¬

1521 3336 1613 3396 heute
1665 3334 1767 3394 ferner
1819 3333 1942 3393 scheint
1989 3333 2035 3393 als
2087 3330 2189 3390 histo-
2220 3326 2281 3386 lose
2318 3326 2436 3386 Manier
2467 3326 2544 3386 war,
2570 3325 2606 3385 um
2652 3324 2698 3384 die
2730 3323 2801 3383 Last
2832 3321 2883 3381 der

2223 3367 2371 3427 „schönen
2414 3364 2514 3424 Tage“
2557 3365 2684 3425 leichter
2722 3363 2753 3423 zu
2791 3363 2890 3423 ertra¬

1515 3375 1638 3435 risches
1679 3372 1885 3432 Geschehen.

1554 3415 1620 3475 Das
1647 3414 1739 3474 Spiel
1761 3412 1858 3472 dieses
1890 3412 2014 3472 Lebens
2041 3408 2081 3468 ist
2108 3408 2190 3468 ernst
2222 3411 2299 3471 gen.

2626 3444 2722 3504 Hilde
2752 3444 2854 3504 Spiel.

1519 3453 1713 3513 geworden,
1740 3450 1771 3510 es
1807 3453 1935 3513 scheint
1966 3450 2076 3510 keinen
2117 3447 2182 3507 Sinn

1520 3493 1610 3553 mehr
1638 3492 1673 3552 zu
1706 3492 1823 3552 haben,
1847 3489 1878 3549 so
1910 3488 2110 3548 krampfhaft
2137 3485 2191 3545 wir

1520 3535 1566 3595 ihn
1599 3533 1669 3593 auch
1702 3530 1833 3590 suchen.
1852 3529 1908 3589 Die
1932 3527 2086 3587 Weisheit
2110 3524 2189 3584 eines

1520 3569 1706 3629 Parazelsus
1735 3569 1776 3629 ist
1800 3569 1949 3629 überholt
1978 3568 2066 3628 durch
2104 3565 2183 3625 einen

1527 3614 1658 3674 Taumel
1704 3608 1804 3668 realer
1851 3608 1909 3668 und
1965 3605 2193 3665 gedanklicher

1522 3650 1708 3710 Wirrnisse,
1732 3647 1787 3707 wie
1816 3647 1848 3707 er
1872 3647 1960 3707 nicht
1984 3644 2193 3704 vorherzuse¬

1517 3691 1576 3751 hen
1616 3690 1699 3750 war.
1729 3686 1787 3746 Die
1827 3682 1910 3742 Welt
1941 3683 1994 3743 des
2034 3682 2191 3742 katastro-

1522 3729 1630 3789 phalen
1672 3727 1945 3787 wirtschaftlichen
1987 3724 2196 3784 Zusammen¬

1527 3768 1638 3828 bruchs
1672 3766 1750 3826 mißt
1784 3765 1834 3825 der
1863 3763 2063 3823 subjektiven
2101 3760 2194 3820 Emp¬

1522 3808 1675 3868 findung,
1704 3805 1756 3865 dem
1805 3805 2029 3865 individuellen
2063 3801 2197 3861 Schick¬

1524 3845 1572 3905 sal
1596 3846 1687 3906 keine
1716 3844 1923 3904 Wichtigkeit
1947 3843 2033 3903 mehr
2063 3841 2125 3901 bei.
2149 3836 2197 3896 Je¬

1527 3883 1578 3943 der
1621 3882 1784 3942 versucht,
1818 3882 1841 3942 in
1888 3882 1944 3942 der
1982 3879 2188 3939 allgemeinen

1528 3921 1704 3981 Auflösung
1758 3921 1819 3981 sein
1864 3921 1987 3981 kleines
2032 3918 2102 3978 Maß
2160 3918 2190 3978 an

1527 3960 1649 4020 Freude
1681 3959 1735 4019 und
1772 3960 1863 4020 Glück
1900 3960 1949 4020 für
1977 3957 2036 4017 sich
2073 3957 2104 4017 zu
2136 3954 2186 4014 ret

1526 4002 1592 4062 ten.
1615 4002 1685 4062 Man
1716 3999 1889 4059 erschwert
1911 3999 1968 4059 sich
2000 3997 2088 4057 nicht
2111 3995 2199 4055 mehr

1528 4041 1580 4101 das
1613 4038 1713 4098 Leben
1745 4041 1834 4101 durch
1868 4037 2195 4097 nervenaufreibende
