3392 4256
849 144 872 204 in
916 142 998 202 Grau
1042 139 1128 199 dieses
1167 134 1370 194 Schauspieles
1409 131 1495 191 aber,
1525 127 1597 187 seine
1641 124 1703 184 tiefe
1742 121 1881 181 Skepsis,

854 189 1040 249 schneidender
1069 181 1269 241 Pessimismus
1297 179 1404 239 könnte
1433 174 1507 234 haum
1549 171 1647 231 klarer
1675 168 1726 228 und
1759 167 1876 227 schärfer
1904 164 1950 224 zum

854 235 993 295 Ausdruck
1027 230 1156 290 gebracht
1185 224 1290 284 werden
1324 222 1367 282 als
1401 221 1477 281 durch
1511 217 1616 277 Albert
1641 214 1750 274 Heines
1785 210 1885 270 Regie.

931 278 1089 338 Ferdinand
1120 272 1239 332 Onno
1269 270 1353 330 bietet
1378 268 1403 328 in
1438 265 1487 325 der
1517 264 1601 324 Rolle
1632 261 1671 321 des
1706 258 1904 318 Erfolglosen,
1929 256 1973 316 der

854 329 877 389 in
914 326 960 386 der
994 323 1082 383 letzten
1120 318 1329 378 Biertelstunde
1362 312 1451 372 seines
1489 311 1595 371 Lebens
1633 306 1684 366 mit
1717 303 1763 363 dem
1810 300 1964 360 beneideten

856 374 905 434 und
935 371 1072 431 gehaßten
1107 364 1313 424 Erfolgreichen
1353 358 1499 418 abrechnen
1535 355 1608 415 will,
1633 352 1701 412 weit
1726 349 1805 409 mehr
1835 347 1878 407 als
1908 347 1967 407 bloß

857 416 913 476 eine
939 416 1125 476 meisterhafte
1146 412 1274 472 klinische
1301 407 1419 467 Studie.
1440 402 1559 462 Gewiß,
1580 402 1605 462 er
1632 400 1714 460 bleibt
1740 397 1797 457 kein
1823 393 1972 453 klinisches

857 467 959 527 Detail
986 464 1120 524 schuldig,
1141 460 1212 520 nicht
1239 455 1285 515 den
1322 455 1491 515 flachkernden
1528 449 1605 509 Blick
1642 447 1688 507 und
1719 443 1766 503 den
1802 442 1972 502 keuchenden

860 512 955 572 Atem,
976 509 1045 569 nicht
1066 506 1106 566 die
1127 504 1252 564 fahrigen
1283 500 1479 560 Bewegungen
1510 496 1555 556 der
1575 494 1676 554 Hände
1701 492 1756 552 und
1782 488 1822 548 die
1848 488 1978 548 krampf¬

857 559 936 619 hafte
963 556 1142 616 Verzerrung
1175 552 1217 612 des
1249 549 1397 609 Mundes.
1419 544 1481 604 Ins
1514 542 1710 602 Symbolische
1742 538 1789 598 und
1821 534 1980 594 Schicksal¬

860 608 931 668 hafte
963 604 1029 664 aber
1055 603 1168 663 steigert
1195 598 1225 658 er
1251 598 1292 658 die
1324 595 1436 655 Gestalt
1468 592 1488 652 in
1525 590 1571 650 der
1597 588 1710 648 Szene,
1736 584 1756 644 in
1793 582 1839 642 der
1865 581 1895 641 er
1927 580 1978 640 mit

862 652 1105 712 geringschätziger
1132 646 1385 706 Gleichgültigkeit
1413 640 1438 700 da
1465 640 1518 700 auf
1540 636 1703 696 verzichtet,
1725 631 1766 691 dem
1809 630 1888 690 eiteln
1926 628 1978 688 und

861 700 1077 760 aufgeblasenen
1113 696 1234 756 Poseur,
1259 691 1304 751 der
1335 688 1374 748 ihn
1410 686 1536 746 besucht,
1557 680 1849 740 niederschmetternde
1875 674 1985 734 Wahr¬

861 748 945 808 heiten
977 746 1025 806 ins
1052 743 1168 803 Gesicht
1191 741 1217 801 zu
1249 736 1361 796 sagen:
1393 733 1461 793 denn
1499 733 1526 793 es
1553 730 1621 790 steht
1648 728 1675 788 ja
1702 727 1760 787 doch
1792 724 1867 784 nicht
1894 721 1989 781 dafür,

861 792 890 852 es
921 792 956 852 ist
981 790 1046 850 alles
1077 789 1102 849 so
1132 788 1232 848 nichtig
1263 784 1318 844 und
1344 782 1499 842 wesenlos,
1520 777 1600 837 wenn
1630 772 1690 832 man
1726 771 1811 831 weiß,
1832 768 1881 828 daß
1917 765 1977 825 man

862 840 972 900 morgen
1008 837 1084 897 nicht
1105 837 1185 897 mehr
1211 834 1242 894 am
1283 830 1368 890 Leben
1404 828 1455 888 sein
1486 825 1571 885 wird.
1597 821 1693 881 Diesen
1724 816 1926 876 Arrivierten,
1947 813 1992 873 der

874 890 893 950 im
939 885 1074 945 Schmuck
1110 882 1195 942 seines
1226 877 1381 937 gepflegten
1417 872 1603 932 Vollbartes,
1628 867 1683 927 mit
1709 863 1849 923 eleganten
1885 859 1990 919 Glacé¬

869 935 1053 995 handschuhen
1096 928 1228 988 spielend,
1260 923 1424 983 gechenhaft
1456 919 1498 979 bei
1530 917 1577 977 dem
1625 912 1799 972 Sterbenden
1837 909 1894 969 sitzt
1927 906 1979 966 und

874 980 913 1040 ihn
964 980 1025 1040 mit
1061 976 1292 1036 salbungsvollen
1343 967 1535 1027 Banalitäten
1586 961 1697 1021 tröstet,
1738 956 1864 1016 entlarot
1905 950 1990 1010 Hans

874 1028 1003 1088 Marr,
1030 1027 1102 1087 ohne
1134 1025 1180 1085 ihn
1217 1020 1299 1080 durch
1336 1015 1559 1075 Uebertreibung
1596 1010 1627 1070 zu
1664 1004 1845 1064 karikieren,
1871 999 1985 1059 dennoch

877 1076 929 1136 mit
956 1073 1152 1133 mörderischer
1179 1068 1341 1128 Sicherheit
1363 1064 1410 1124 als
1438 1059 1616 1119 Karikatur.
1638 1053 1765 1113 Wilhelm
1802 1049 1907 1109 Heim
1950 1046 1991 1106 als

879 1121 1100 1181 schwerkranker
1126 1116 1322 1176 Schauspieler
1353 1112 1399 1172 hat
1426 1109 1513 1169 starke
1539 1103 1745 1163 Augenblicke.
1766 1097 1807 1157 Er
1833 1095 1905 1155 redet
1931 1093 1977 1153 dem

884 1169 1074 1229 Sterbenden,
1101 1165 1148 1225 der
1180 1162 1270 1222 seinen
1312 1158 1444 1218 gehaßten
1482 1153 1624 1213 Besucher
1657 1147 1804 1207 erwartet,
1836 1144 1916 1204 eifrig
1953 1142 2000 1202 zu,

879 1219 932 1279 mit
959 1218 1000 1278 ihm
1043 1213 1085 1273 für
1118 1213 1155 1273 die
1182 1209 1303 1269 ersehnte
1335 1204 1515 1264 Abrechnung
1547 1199 1610 1259 doch
1637 1197 1738 1257 vorher
1765 1189 1992 1249 gewissermaßen

880 1264 938 1324 eine
965 1260 1182 1320 Generalprobe
1214 1255 1399 1315 abzuhalten.
1421 1250 1463 1310 In
1495 1248 1580 1308 dieser
1612 1242 1803 1302 dämonischen
1835 1237 1945 1297 Szene,
1973 1235 1993 1295 in

884 1313 928 1373 der
964 1311 994 1371 er
1030 1309 1075 1369 dem
1126 1303 1342 1363 Verlöschenden
1389 1295 1428 1355 die
1464 1291 1641 1351 Stichworte
1671 1288 1717 1348 des
1758 1283 1858 1343 Hasses
1894 1281 2009 1341 bringt,

884 1358 979 1418 verrät
1006 1356 1032 1416 er
1059 1352 1185 1412 hüstelnd
1212 1349 1264 1409 und
1297 1347 1370 1407 durch
1403 1342 1518 1402 fiebrige
1551 1334 1772 1394 Lebhaftigkeit,
1794 1330 1841 1390 daß
1873 1328 1899 1388 er
1926 1326 2005 1386 selbst

887 1405 943 1465 nur
974 1404 1015 1464 ein
1046 1401 1133 1461 Toter
1165 1398 1210 1458 auf
1242 1395 1349 1455 Urlaub
1381 1391 1431 1451 ist.
1458 1387 1540 1447 Paul
1566 1381 1802 1441 Hartmann
1839 1375 1895 1435 und
1926 1373 1998 1433 Fred

888 1452 1110 1512 Hennings
1162 1445 1208 1505 als
1261 1440 1504 1500 Sekundarärzte
1551 1430 1675 1490 zeichnen
1733 1425 1789 1485 mit
1837 1421 2002 1481 kraftvollen

886 1500 1015 1560 Strichen
1059 1498 1129 1558 zwei
1163 1490 1410 1550 scharfprofilierte
1450 1482 1589 1542 Figuren.
1622 1472 1844 1532 Ausgezeichnet
1877 1468 2006 1528 Auguste

896 1545 1118 1605 Pünkösdy
1150 1538 1197 1598 als
1224 1534 1526 1594 Krankenpflegerin.
1553 1525 1642 1585 Jeder
1669 1523 1769 1583 Blick,
1791 1518 1849 1578 jede
1876 1515 2007 1575 Gebärde

893 1595 925 1655 ist
953 1593 1001 1653 der
1029 1586 1229 1646 Wirklichheit
1256 1583 1445 1643 abgelauscht.

969 1640 1011 1700 In
1043 1634 1297 1694 ehrfurchtsvoller
1324 1627 1536 1687 Ergriffenheit
1563 1620 1636 1680 nahm
1680 1615 1727 1675 das
1759 1613 1938 1673 Publikum,
1960 1606 2007 1666 das

894 1688 977 1748 dieser
1022 1686 1075 1746 vom
1129 1681 1325 1741 Burgtheater
1365 1673 1521 1733 gemeinsam
1581 1667 1639 1727 mit
1679 1664 1727 1724 dem
1782 1658 2007 1718 Schutzverband

894 1736 1030 1796 deutscher
1068 1729 1268 1789 Schriftsteller
1305 1723 1331 1783 in
1369 1718 1537 1778 Oesterreich
1574 1711 1784 1771 veranstalteten
1822 1704 2011 1764 Gedenkfeier

900 1784 1072 1844 beiwohnte,
1100 1778 1213 1838 Arthur
1251 1771 1424 1831 Schnitzlers
1468 1763 1733 1823 weisheitsschwere
1771 1753 1911 1813 Dichtung
1955 1750 2019 1810 auf.

1836 1801 1878 1861 K.
1910 1798 1984 1858 Sid.

923 1919 1295 1979 Schnihler=Feier
1336 1914 1408 1974 der
1442 1909 1652 1969 Berliner
1685 1896 2000 1956 Volksbühne.

1113 1977 1388 2037 Gedenkrede
1427 1971 1570 2031 Franz
1602 1963 1821 2023 Werfels.

988 2032 1039 2092 Als
1065 2031 1111 2091 das
1138 2030 1204 2090 erste
1226 2027 1308 2087 unter
1335 2024 1381 2084 den
1412 2020 1546 2080 Berliner
1572 2015 1707 2075 Theatern
1738 2012 1784 2072 hat
1811 2009 1846 2069 die
1873 2007 1918 2067 von
1950 2001 2027 2061 Karl

908 2082 992 2142 Heinz
1019 2079 1135 2139 Martin
1167 2074 1294 2134 geleitete
1321 2067 1606 2127 Volksbühne
1649 2059 1706 2119 eine
1744 2054 1934 2114 Gedenkfeier
1972 2051 2019 2111 für

909 2128 1020 2188 Arthur
1047 2122 1273 2182 Schnitzler
1306 2115 1506 2175 veranstaltet.
1533 2109 1628 2169 Franz
1655 2105 1834 2165 Werfel,
1856 2099 1902 2159 der
1930 2096 2024 2156 eigens

910 2174 962 2234 aus
1000 2171 1081 2231 Wien
1119 2168 1229 2228 berufen
1272 2165 1381 2225 worden
1420 2161 1501 2221 war,
1530 2157 1587 2217 trat
1621 2154 1672 2214 vor
1706 2151 1753 2211 den
1793 2147 1930 2207 Vorhang
1969 2140 2025 2200 und

912 2220 1049 2280 würdigte
1074 2218 1128 2278 mit
1149 2213 1271 2273 warmen
1301 2213 1354 2273 und
1380 2206 1611 2266 gedankentiefen
1641 2200 1753 2260 Worten
1788 2196 1891 2256 Leben,
1911 2192 2024 2252 Wirken

911 2267 962 2327 und
998 2264 1219 2324 Persönlichkeit
1246 2259 1291 2319 des
1323 2255 1586 2315 dahingegangenen
1623 2248 1756 2308 Dichters
1787 2243 1839 2303 und
1870 2239 2034 2299 Freundes.

915 2316 952 2376 Er
980 2311 1119 2371 schilderte
1148 2308 1255 2368 Arthur
1283 2305 1455 2365 Schnitzlers
1483 2296 1699 2356 selbstgewählte
1726 2290 1824 2350 innere
1851 2286 2034 2346 Einsamkeit

917 2359 964 2419 und
996 2359 1101 2419 nannte
1139 2356 1186 2416 sein
1219 2353 1361 2413 Schicksal
1398 2350 1435 2410 ein
1478 2347 1536 2407 echt
1557 2340 1800 2400 österreichisches,
1833 2335 1879 2395 das
1907 2335 1938 2395 an
1970 2331 2033 2391 das¬

912 2409 1002 2469 jenige
1039 2404 1172 2464 Lenaus,
1205 2399 1422 2459 Grillparzers,
1455 2394 1593 2454 Mozarts
1631 2387 1785 2447 gemahne.
1823 2381 1865 2441 Er
1903 2378 2041 2438 erzählte,

915 2455 967 2515 daß
1000 2454 1057 2514 eine
1084 2449 1336 2509 Gesamtausgabe
1363 2444 1416 2504 von
1448 2441 1621 2501 Schnitzlers
1648 2432 1769 2492 Werken
1806 2431 1832 2491 in
1864 2427 2032 2487 chinesischer

920 2501 974 2561 und
1007 2499 1180 2559 japanischer
1208 2492 1403 2552 Uebersetzung
1436 2487 1587 2547 erschienen
1626 2483 1675 2543 sei,
1697 2480 1745 2540 daß
1784 2478 1842 2538 aber
1876 2476 1935 2536 auch
1974 2472 2043 2532 nicht

922 2547 968 2607 das
999 2547 1113 2607 kleinste
1139 2542 1278 2602 heimische
1305 2538 1542 2598 Ehrendoktorat
1568 2532 1614 2592 sein
1645 2526 1728 2586 Leben
1759 2524 1769 2584 —
1821 2523 1841 2583 so
1868 2522 1976 2582 lautete
1997 2518 2043 2578 der

925 2596 971 2656 von
1002 2592 1109 2652 Werfel
1130 2590 1294 2650 gebrauchte
1315 2585 1464 2645 Ausdruck
1491 2580 1500 2640 —
1552 2579 1747 2639 „verunziert"
1773 2571 1855 2631 habe.
1876 2569 2040 2629 Schnitzler,

925 2644 994 2704 sagte
1018 2640 1145 2700 Werfel,
1163 2639 1232 2699 habe
1256 2634 1296 2694 die
1326 2634 1430 2694 Politik
1460 2627 1581 2687 gehaßt.
1599 2627 1645 2687 Er
1669 2623 1738 2683 habe
1762 2621 1808 2681 sich
1837 2618 1860 2678 in
1896 2617 1941 2677 sich
1971 2615 2045 2675 selbst

926 2687 1069 2747 versenkt,
1096 2684 1146 2744 und
1173 2683 1203 2743 er
1229 2681 1296 2741 habe
1322 2678 1352 2738 au
1389 2678 1434 2738 sich
1461 2674 1609 2734 geglaubt.
1631 2670 1692 2730 Das
1723 2668 1784 2728 gehe
1811 2665 1882 2725 schon
1919 2663 1969 2723 aus
1996 2661 2041 2721 der

922 2734 1118 2794 Bestimmung
1160 2730 1206 2790 des
1244 2726 1430 2786 Testaments
1467 2722 1586 2782 hervor,
1618 2717 1664 2777 daß
1711 2713 1778 2773 seine
1815 2710 2043 2770 nachgelassenen

932 2781 1105 2841 Tagebücher
1132 2777 1186 2837 erst
1214 2776 1272 2836 nach
1306 2774 1446 2834 zwanzig,
1473 2768 1521 2828 zum
1565 2765 1629 2825 Teil
1657 2763 1738 2823 sogar
1765 2759 1819 2819 erst
1847 2759 1911 2819 nach
1938 2756 2041 2816 vierzig

930 2828 1033 2888 Jahren
1064 2824 1276 2884 veröffentlicht
1303 2819 1406 2879 werden
1443 2819 1541 2879 sollen.
1567 2814 1624 2874 „In
1661 2810 1738 2870 diesem
1780 2804 1914 2864 Glauben
1946 2801 2044 2861 dürfen

931 2875 983 2935 wir
1010 2875 1083 2935 ihm,
1105 2872 1147 2932 dem
1185 2869 1290 2929 großen
1317 2865 1491 2925 Skeptiker,
1512 2861 1612 2921 getrost
1634 2856 1765 2916 folgen",
1787 2851 1908 2911 erklärte
1930 2849 2056 2909 Werfel.

925 2921 1012 2981 Dann
1044 2920 1106 2980 übte
1133 2918 1158 2978 er
1185 2916 1289 2976 scharfe
1310 2914 1403 2974 Kritik
1435 2911 1465 2971 an
1498 2911 1544 2971 den
1576 2907 1637 2967 jetzt
1664 2903 1684 2963 so
1711 2901 1841 2961 beliebten
1878 2897 2054 2957 Reportage¬

935 2968 1035 3028 stücken
1072 2965 1125 3025 und
1152 2962 1273 3022 meinte,
1295 2962 1321 3022 es
1354 2960 1390 3020 sei
1412 2958 1475 3018 kein
1508 2955 1607 3015 bloßer
1634 2950 1751 3010 Zufall,
1772 2949 1819 3009 daß
1852 2945 1936 3005 unter
1963 2941 2047 3001 diesen

942 3015 1104 3075 Zeitstücken
1137 3011 1209 3071 nicht
1232 3009 1268 3069 ein
1295 3007 1415 3067 einziges
1442 3004 1526 3064 Werk
1558 3001 1605 3061 von
1637 2996 1806 3056 Bedeutung
1833 2994 1858 3054 zu
1890 2992 1979 3052 finden
2011 2989 2058 3049 sei.

938 3061 1024 3121 Wenn
1057 3057 1208 3117 Schnitzler
1230 3055 1273 3115 die
1295 3055 1402 3115 Politik
1430 3050 1532 3110 gehaßt
1555 3047 1603 3107 hat
1620 3046 1630 3106 —
1679 3043 1792 3103 Werfel
1809 3042 1878 3102 haßt
1917 3038 1948 3098 sie
1971 3037 2056 3097 nicht,

941 3105 990 3165 und
1026 3108 1051 3168 in
1087 3105 1131 3165 der
1162 3102 1348 3162 Würdigung
1379 3098 1424 3158 des
1460 3093 1651 3153 verstorbenen
1692 3090 1888 3150 unpolitischen
1924 3082 2054 3142 Dichters

941 3154 1004 3214 fand
1036 3153 1067 3213 er
1100 3150 1300 3210 Gelegenheit,
1333 3147 1359 3207 zu
1402 3145 1513 3205 zeigen,
1540 3143 1587 3203 daß
1630 3139 1693 3199 man
1731 3137 1846 3197 Dichter
1890 3132 1942 3192 und
1980 3129 2058 3189 dabei

938 3204 1051 3264 zugleich
1083 3201 1145 3261 voll
1172 3196 1327 3256 politischen
1359 3191 1598 3251 Temperaments
1630 3187 1681 3247 sein
1713 3186 1806 3246 kann.

1025 3257 1087 3317 Auf
1127 3255 1172 3315 die
1212 3251 1398 3311 Gedenkrede
1439 3248 1528 3308 folgte
1575 3244 1637 3304 eine
1677 3239 1959 3299 Neueinstudierung
2005 3234 2055 3294 von

940 3304 1109 3364 Schnitzlers
1141 3299 1285 3359 Groteske
1317 3298 1414 3358 „Der
1441 3292 1575 3352 grüne
1606 3288 1776 3348 Kakadu
1813 3284 1827 3344 .
1849 3281 1921 3341 Man
1957 3280 2008 3340 hat
2035 3278 2055 3338 in

940 3353 1014 3413 Wien
1047 3353 1115 3413 schon
1148 3348 1243 3408 bessere
1270 3344 1493 3404 Aufführungen
1526 3339 1568 3399 des
1595 3335 1717 3395 Stüches
1744 3332 1871 3392 gesehen.
1893 3329 1978 3389 Zwar
2005 3326 2063 3386 war

942 3401 1050 3461 Rudolf
1077 3397 1243 3457 Forster
1276 3392 1312 3452 ein
1349 3389 1453 3449 idealer
1479 3387 1577 3447 Henri
1605 3385 1656 3445 und
1688 3380 1781 3440 Ernst
1803 3377 1985 3437 Karchow
2027 3371 2063 3431 ein

939 3445 1177 3505 ausgezeichneter
1210 3442 1335 3502 Herzog.
1369 3436 1444 3496 Aber
1477 3433 1520 3493 der
1553 3430 1705 3490 Regisseur
1733 3426 1852 3486 Günter
1880 3421 2058 3481 Stark

944 3491 1018 3551 hatte
1044 3491 1092 3551 das
1118 3487 1227 3547 Tempo
1257 3487 1287 3547 zu
1317 3481 1476 3541 schleppend
1506 3478 1670 3538 genommen
1705 3472 1760 3532 und
1790 3472 1903 3532 dadurch
1934 3469 1983 3529 kam
2028 3465 2072 3525 das

946 3539 1030 3599 Stück
1068 3538 1104 3598 um
1147 3537 1226 3597 einen
1264 3532 1332 3592 Teil
1360 3529 1450 3589 seiner
1482 3525 1646 3585 Wirkung.
1673 3523 1752 3583 Gina
1785 3516 2065 3576 Falckenberg

951 3589 1005 3649 war
1041 3589 1081 3649 als
1117 3586 1222 3646 „große
1253 3580 1364 3640 Dirne"
1400 3573 1656 3633 temperamentlos
1692 3568 1742 3628 und
1778 3566 1854 3626 nicht
1884 3564 1944 3624 sehr
1975 3559 2075 3619 glaub¬

950 3634 1073 3694 würdig.
1096 3632 1144 3692 Als
1172 3630 1312 3690 Severine
1334 3625 1382 3685 fiel
1404 3622 1523 3682 Philine
1539 3618 1771 3678 Wengerdt
1794 3613 1869 3673 durch
1902 3609 2069 3669 natürliches

959 3681 1038 3741 Spiel
1070 3678 1212 3738 angenehm
1261 3673 1329 3733 auf.
1356 3671 1445 3731 Grete
1478 3669 1646 3729 Maren,
1673 3661 1716 3721 die
1743 3660 1848 3720 Heldin
1885 3657 1927 3717 des
1965 3655 2059 3715 Liebes

952 3728 1083 3788 dramas,
1100 3726 1147 3786 das
1174 3725 1216 3785 sich
1243 3721 1354 3781 vorigen
1386 3717 1528 3777 Sommer
1550 3714 1570 3774 im
1608 3711 1713 3771 Ischler
1740 3708 1824 3768 Wald
1846 3705 1999 3765 abgespielt
2020 3702 2078 3762 hat,

950 3777 999 3837 sah
1039 3772 1162 3832 reizvoll
1197 3768 1270 3828 aus,
1305 3766 1373 3826 muß
1418 3765 1486 3825 aber
1527 3761 1590 3821 noch
1635 3756 1753 3816 lernen,
1788 3753 1836 3813 daß
1881 3753 1945 3813 man
1990 3748 2082 3808 weder

953 3816 1306 3876 Revolutionsstimmung
1341 3811 1405 3871 noch
1435 3807 1567 3867 erotische
1598 3803 1789 3863 Atmosphäre
1814 3798 1897 3858 durch
1927 3796 2083 3856 aufdring¬

956 3869 1034 3929 liches
1070 3861 1345 3921 Herumschlenkern
1380 3857 1434 3917 von
1469 3854 1572 3914 Armen
1612 3850 1666 3910 und
1701 3846 1804 3906 Beinen
1844 3845 1956 3905 schaffen
1991 3839 2089 3899 kann.

954 3912 1017 3972 Den
1054 3911 1186 3971 Abschluß
1223 3907 1270 3967 des
1302 3902 1418 3962 Abends
1450 3901 1576 3961 bildetete
1603 3895 1703 3955 Frank
1736 3890 2072 3950 Wedekinds

961 3956 1236 4016 „Kammersänger"
1282 3950 1342 4010 mit
1378 3947 1492 4007 Rudolf
1533 3942 1698 4002 Forster
1744 3937 1784 3997 als
1825 3933 2070 3993 Kammersänger

961 4005 1054 4065 Selten
1085 4002 1133 4062 hat
1164 4001 1222 4061 man
1257 3996 1326 4056 diese
1356 3994 1543 4054 Paraderolle
1573 3989 1627 4049 mit
1652 3987 1676 4047 so
1707 3984 1795 4044 feinem
1840 3979 1894 4039 und
1924 3976 2062 4036 diskretem

964 4050 1079 4110 Humor
1106 4048 1200 4108 spielen
1227 4044 1322 4104 sehen.
1343 4039 1579 4099 Beifallsstürme
1601 4032 1685 4092 riefen
1717 4029 1827 4089 Forster
1848 4025 1953 4085 immer
1980 4022 2074 4082 wieder

1938 4069 1981 4129 E.
2001 4069 2045 4129 G.

945 4098 1014 4158 vor
1042 4096 1090 4156 den
1119 4092 1277 4152 Vorhang.
