3392 4320
1428 264 1557 324 box
1636 264 1818 324 43/4

329 275 912 335 Schnitzler's
990 268 1218 328 Death

636 764 1348 824 OBSERVER

729 825 754 885 l.
768 819 888 879 österr.
902 819 1052 879 behördl.
1065 816 1363 876 konzessioniertes

673 864 909 924 Unternehmen
945 858 993 918 für
1021 855 1422 915 Zeitungs-Ausschnitte

736 921 896 981 WIEN,
917 923 964 983 I.,
984 919 1280 979 WOLLZEILE
1321 917 1360 977 11

832 972 1049 1032 TELEPHON
1091 970 1268 1030 R-23-0-43

604 1072 734 1132 Eatrait
759 1064 805 1124 du
831 1055 1008 1115 journal:

610 1170 758 1230 Adresse
776 1164 792 1224 :

1046 1223 1112 1283 24
1147 1199 1340 1259 00103
1364 1183 1419 1243 KE
1456 1171 1544 1231 1931

617 1270 711 1330 Date
726 1267 745 1327 :

900 1440 1177 1500 Literatur

868 1503 994 1563 Arthur
1023 1503 1219 1563 Schnitzler.

623 1557 783 1617 Während
809 1557 858 1617 sich
889 1557 975 1617 Wien
1007 1554 1143 1614 rüstete,
1162 1557 1211 1617 den
1243 1555 1502 1615 bevorstehenden

557 1602 601 1662 70.
627 1601 833 1661 Geburtstag
864 1600 999 1660 Arthur
1030 1600 1225 1660 Schnitzlers
1257 1599 1366 1659 festlich
1398 1596 1427 1656 zu
1468 1595 1517 1655 be¬

568 1646 682 1706 gehen,
707 1643 740 1703 ist
765 1642 817 1702 der
846 1643 990 1703 Dichter,
1009 1640 1062 1700 der
1091 1642 1119 1702 in
1154 1642 1254 1702 seinen
1288 1640 1321 1700 an
1355 1640 1518 1700 psycholo¬

569 1691 678 1751 gischen
719 1687 779 1747 und
809 1685 974 1745 poetischen
1010 1685 1121 1745 Reizen
1161 1685 1352 1745 überreichen
1387 1685 1512 1745 Erzäh¬

571 1732 685 1792 lungen
719 1730 781 1790 und
805 1730 1058 1790 Bühnenstücken
1092 1729 1231 1789 Umwelt
1260 1726 1317 1786 und
1346 1726 1503 1786 Gestalten

571 1775 620 1835 des
650 1775 870 1835 lebensfrohen
905 1774 1086 1834 glückhaften
1126 1772 1209 1832 Wien
1244 1770 1292 1830 der
1317 1771 1513 1831 Vorkriegs¬

572 1819 631 1879 zeit
652 1816 682 1876 so
708 1816 879 1876 treffsicher
904 1816 1161 1876 gekennzeichnet
1187 1815 1252 1875 hat,
1273 1815 1308 1875 am
1349 1813 1398 1873 21.
1419 1813 1514 1873 Okto¬

570 1861 621 1921 ber
659 1862 738 1922 ganz
776 1858 987 1918 unerwartet
1020 1858 1202 1918 gestorben.
1235 1856 1427 1916 Schnitzler,
1460 1857 1511 1917 der

568 1906 661 1966 Sohn
706 1903 755 1963 des
795 1903 986 1963 berühmten
1026 1902 1395 1962 Kehlkopfspezialisten,
1430 1900 1513 1960 hatte

566 1947 651 2007 nicht
681 1948 834 2008 zufällig,
863 1947 992 2007 sondern
1031 1945 1093 2005 aus
1132 1945 1266 2005 innerem
1315 1943 1425 2003 Beruf
1459 1943 1506 2003 den

568 1990 642 2050 Weg
677 1988 725 2048 des
760 1989 878 2049 Vaters
913 1990 1163 2050 eingeschlagen.
1188 1988 1232 2048 Er
1267 1987 1350 2047 hatte
1385 1988 1429 2048 sich
1464 1987 1513 2047 als

569 2032 800 2092 medizinischer
825 2031 1046 2091 Schriftsteller
1072 2031 1152 2091 schon
1183 2031 1207 2091 in
1238 2031 1348 2091 jungen
1379 2031 1499 2091 Jahren

574 2079 707 2139 betätigt
739 2076 800 2136 und
837 2077 862 2137 in
899 2076 991 2136 Wien
1028 2075 1074 2135 die
1105 2076 1249 2136 ärztliche
1281 2076 1404 2136 Praxis
1435 2073 1517 2133 aus¬

569 2121 684 2181 geübt.
701 2118 743 2178 Es
775 2118 811 2178 ist
833 2119 960 2179 deshalb
992 2118 1045 2178 kein
1077 2120 1209 2180 Zufall,
1225 2118 1277 2178 daß
1309 2118 1356 2178 sich
1384 2120 1452 2180 auch
1484 2118 1504 2178 in

571 2163 623 2223 der
652 2161 838 2221 Stoffwahl
867 2163 967 2223 seiner
997 2163 1149 2223 Novellen
1188 2162 1245 2222 und
1279 2163 1422 2223 Dramen
1456 2163 1508 2223 das

567 2206 733 2266 Interesse
763 2205 813 2265 für
849 2208 1056 2268 medizinische
1087 2205 1308 2265 Gegenstände
1339 2205 1420 2265 nicht
1445 2204 1515 2264 ver¬

571 2249 718 2309 leugnet.
738 2248 797 2308 Als
827 2249 910 2309 Arzt
940 2250 1009 2310 geht
1034 2248 1068 2308 er
1098 2249 1171 2309 auch
1201 2247 1235 2307 an
1270 2248 1319 2308 die
1344 2249 1506 2309 Menschen

573 2291 663 2351 heran
698 2293 755 2353 mit
774 2291 826 2351 den
856 2294 990 2354 ruhigen
1019 2291 1124 2351 kühlen
1154 2293 1264 2353 Augen
1293 2291 1340 2351 des
1370 2291 1518 2351 Diagno¬

570 2336 689 2396 stikers.
714 2335 785 2395 Und
820 2334 886 2394 was
916 2335 968 2395 der
1002 2336 1217 2396 scharfängige
1247 2336 1443 2396 Seelenarzt
1468 2331 1520 2391 er¬

571 2378 685 2438 kannt,
700 2379 752 2439 hat
777 2378 829 2438 der
854 2378 935 2438 Poet
959 2378 1016 2438 mit
1036 2378 1160 2438 feinster
1185 2378 1419 2438 Künstlerhand
1444 2380 1496 2440 zum

566 2423 776 2483 lebensechten
820 2421 911 2481 Bilde
945 2423 1103 2483 gestaltet.
1128 2423 1175 2483 Im
1219 2423 1310 2483 Wien
1344 2421 1396 2481 der
1430 2420 1516 2480 Vor¬

566 2467 753 2527 kriegszeit,
782 2467 810 2527 in
854 2464 907 2524 dem
965 2465 1013 2525 sich
1052 2464 1109 2524 von
1157 2465 1210 2525 der
1249 2465 1417 2525 Tradition
1461 2463 1513 2523 des

801 2538 920 2598 Rokoko
951 2536 1004 2596 her
1029 2536 1077 2596 die
1102 2535 1210 2595 Kunst
1229 2533 1282 2593 der
1313 2533 1469 2593 eleganten
1506 2530 1687 2590 Plauderei
1711 2529 1741 2589 so
1772 2526 1825 2586 ins
1856 2523 1982 2583 Freie",
2001 2523 2024 2583 in
2055 2521 2109 2581 dem
2152 2520 2182 2580 er
2206 2518 2266 2578 aus
2291 2518 2344 2578 der
2369 2516 2555 2576 gewohnten
2586 2512 2718 2572 Sphäre

795 2583 863 2643 rein
898 2579 956 2639 wie
986 2578 1142 2638 nirgends
1172 2578 1200 2638 im
1245 2577 1396 2637 deutschen
1431 2574 1665 2634 Sprachgebiet
1695 2570 1743 2630 er=
1773 2568 1802 2628 in
1847 2566 1895 2626 die
1930 2565 2032 2625 Weite
2071 2561 2281 2621 menschlicher
2321 2559 2496 2619 Symbolik
2531 2557 2721 2617 vordringt.

801 2626 903 2686 halten
935 2623 1037 2683 hatte,
1053 2622 1130 2682 fand
1157 2620 1249 2680 dieser
1280 2620 1471 2680 Seelenarzt
1497 2620 1558 2680 und
1584 2618 1666 2678 Poet
1692 2616 1738 2676 ein
1775 2613 1867 2673 Aber
1894 2610 1960 2670 auch
1986 2608 2053 2668 hier
2079 2606 2141 2666 sind
2167 2605 2233 2665 doch
2260 2603 2316 2663 das
2342 2602 2435 2662 Beste
2461 2602 2502 2662 die
2528 2599 2718 2659 geistreichen

1776 2652 1909 2712 Dialoge
1935 2652 1999 2712 und
2029 2649 2073 2709 die
2104 2648 2237 2708 witzigen
2273 2644 2500 2704 Wandlungen
2536 2642 2585 2702 der
2615 2640 2728 2700 Fabel.

797 2668 1034 2728 unbegrenztes
1064 2664 1397 2724 Beobachtungsfeld.

1832 2697 1934 2757 Seine
1959 2694 2077 2754 Stärke
2107 2691 2195 2751 oder,
2215 2691 2303 2751 wenn
2338 2688 2406 2748 man
2442 2686 2519 2746 will,
2539 2686 2583 2746 die
2613 2683 2720 2743 Größe

851 2721 926 2781 Mit
952 2718 1027 2778 allen
1064 2718 1216 2778 Wurzeln
1252 2716 1394 2776 erwächst
1420 2715 1612 2775 Schnitzlers
1648 2712 1749 2772 Kunst

803 2767 860 2827 aus
889 2763 940 2823 dem
981 2761 1096 2821 Milieu
1131 2760 1176 2820 der
1206 2758 1402 2818 Gesellschaft
1425 2759 1522 2819 seiner
1552 2757 1753 2817 Vaterstadt.
1777 2745 1828 2805 des
1864 2739 2007 2799 Dichters
2036 2735 2116 2795 zeigt
2146 2733 2191 2793 sich
2221 2735 2261 2795 am
2302 2733 2451 2793 Reinsten
2486 2728 2509 2788 in
2544 2727 2595 2787 den
2630 2725 2722 2785 Mei¬

1784 2784 1944 2844 sterstücken
1985 2781 2035 2841 der
2071 2778 2332 2838 Konversation.
2363 2774 2504 2834 Deshalb
2540 2772 2604 2832 sind
2640 2772 2720 2832 seine

801 2811 893 2871 Nicht
920 2805 966 2865 die
992 2803 1229 2863 österreichische
1255 2802 1353 2862 Welt,
1375 2802 1508 2862 sondern
1545 2802 1591 2862 die
1617 2799 1746 2859 Wiener

1781 2829 1925 2889 Einakter
1950 2824 2002 2884 den
2036 2825 2291 2885 umfangreichen
2320 2820 2464 2880 Dramen
2493 2814 2603 2874 ebenso
2628 2814 2724 2874 über¬

803 2849 887 2909 Welt
913 2847 953 2907 ist
974 2849 1054 2909 sein.
1074 2847 1155 2907 Sein
1191 2847 1311 2907 „weites
1342 2845 1447 2905 Land“
1478 2843 1513 2903 ist
1533 2843 1588 2903 das
1619 2841 1749 2901 Wiener

1776 2873 1857 2933 legen
1896 2867 1954 2927 wie
1983 2868 2031 2928 die
2066 2865 2219 2925 Novellen
2258 2862 2306 2922 dem
2360 2861 2504 2921 Roman.
2529 2856 2620 2916 Geht
2649 2858 2716 2918 man

797 2894 1087 2954 Rathausviertel.
1106 2892 1176 2952 Das
1205 2889 1275 2949 aber
1304 2888 1393 2948 kennt
1417 2888 1449 2948 er
1473 2888 1529 2948 von
1562 2886 1655 2946 innen
1689 2884 1749 2944 und

802 2939 925 2999 außen,
948 2939 998 2999 die
1021 2938 1178 2998 glänzend
1207 2933 1364 2993 gepflegte
1388 2933 1579 2993 Oberfläche
1608 2930 1664 2990 wie
1692 2926 1742 2986 das
1783 2918 1833 2978 dem
1878 2911 2092 2971 Grundwesen
2132 2909 2182 2969 der
2211 2904 2464 2964 Schnitzlerschen
2493 2901 2560 2961 Art
2589 2900 2673 2960 nach,
2696 2897 2723 2957 so

1782 2958 1871 3018 schält
1902 2956 1952 3016 sich
1988 2954 2113 3014 überall
2144 2952 2193 3012 als
2229 2949 2425 3009 Kernpunkt
2456 2946 2541 3006 einer
2572 2944 2717 3004 ethischen

800 2984 1002 3044 verborgene
1027 2980 1160 3040 Chaos.
1180 2977 1352 3037 Schnitzler
1387 2975 1421 3035 ist
1452 2975 1500 3035 der
1535 2972 1663 3032 Wiener
1698 2972 1751 3032 der

1784 2999 2091 3059 Grundeinstellung
2122 2995 2172 3055 die
2202 2995 2344 3055 Analyse
2374 2993 2424 3053 der
2460 2989 2561 3049 „Lüge
2592 2987 2641 3047 des
2672 2986 2727 3046 Le¬

1540 3017 1757 3077 genommen,

797 3027 931 3087 inneren
981 3023 1100 3083 Stadt,
1135 3023 1239 3083 örtlich
1284 3021 1348 3081 und
1389 3019 1452 3079 bild

1783 3044 1878 3104 bens“
1907 3041 2041 3101 heraus.
2062 3038 2147 3098 Aber
2172 3037 2349 3097 Schnitzler
2378 3035 2493 3095 nimmt
2518 3030 2555 3090 sie
2580 3031 2637 3091 mit
2662 3029 2714 3089 dem

1528 3060 1663 3120 ünstler,
1699 3058 1753 3118 der

800 3069 846 3129 ein
885 3067 1078 3127 erfahrener
1121 3064 1182 3124 und
1220 3063 1428 3123 nachdenklich

799 3114 867 3174 auch
896 3111 980 3171 einen
1009 3106 1167 3166 scheinbar
1190 3108 1416 3168 unergiebigen
1445 3103 1546 3163 Stoff
1564 3101 1671 3161 restlos
1700 3097 1750 3157 be¬
1773 3088 1908 3148 Lächeln
1949 3084 1999 3144 der
2039 3082 2248 3142 Resignation
2289 3078 2361 3138 hin,
2396 3077 2469 3137 weil
2498 3074 2537 3134 sie
2572 3075 2622 3135 ihm
2674 3074 2718 3134 ein

1786 3129 2025 3189 untrennbarer
2055 3127 2183 3187 Inhalt
2213 3123 2266 3183 des
2300 3121 2419 3181 Lebens
2453 3118 2539 3178 selbst
2568 3115 2736 3175 erscheint.

802 3158 936 3218 wältigt
960 3154 1017 3214 und
1047 3151 1094 3211 ihm
1139 3151 1234 3211 seinen
1268 3151 1398 3211 inneren
1427 3148 1581 3208 Reichtum
1620 3145 1758 3205 entlockt,

1788 3175 1831 3235 So
1865 3175 1941 3235 wird
1975 3172 2027 3232 ihm
2076 3170 2118 3230 die
2153 3166 2354 3226 Lebenslüge
2388 3166 2416 3226 zu
2455 3163 2541 3223 einem
2590 3160 2728 3220 Grund¬

802 3202 847 3262 ein
882 3199 1035 3259 Virtuose
1066 3196 1095 3256 in
1130 3196 1179 3256 der
1210 3194 1348 3254 Ironie.

1783 3217 1970 3277 bestandteil
2000 3214 2047 3274 des
2082 3211 2202 3271 Lebens
2236 3208 2341 3268 selbst,
2366 3208 2423 3268 vor
2452 3205 2529 3265 allem
2577 3204 2645 3264 auch
2679 3201 2731 3261 der

865 3252 1047 3312 „Anatol“,
1062 3250 1116 3310 das
1141 3247 1303 3307 Ergebnis
1324 3247 1421 3307 dieser
1442 3244 1761 3304 Voraussetzungen,

1788 3260 2009 3320 Beziehungen
2054 3256 2103 3316 der
2143 3252 2368 3312 Geschlechter.
2398 3251 2467 3311 Daß
2507 3250 2570 3310 auf
2600 3249 2713 3309 solchem

804 3294 1001 3354 Schnitzlers
1026 3294 1163 3354 Anfang
1193 3290 1252 3350 und
1282 3291 1458 3351 Ausgang,
1479 3288 1532 3348 zum
1577 3285 1758 3345 Originell¬

1791 3303 1891 3363 Boden
1935 3301 2021 3361 keine
2055 3297 2170 3357 Helden
2213 3295 2386 3355 gedeihen,
2415 3291 2548 3351 versteht
2583 3290 2630 3350 sich
2669 3290 2721 3350 von

807 3342 888 3402 sten,
912 3339 979 3399 was
1009 3336 1056 3396 die
1085 3336 1205 3396 neuere
1234 3332 1402 3392 Literatur
1431 3330 1579 3390 gebracht
1609 3330 1675 3390 hat.
1700 3330 1762 3390 Die

1788 3348 1891 3408 selbst.
1911 3342 2008 3402 Seine
2043 3340 2307 3400 Lebenskämpfer
2337 3336 2400 3396 sind
2430 3333 2591 3393 schließlich
2626 3333 2733 3393 betro¬

805 3384 940 3444 anderen
983 3380 1124 3440 Dramen
1167 3379 1228 3439 sind
1261 3378 1312 3438 ihm
1355 3376 1449 3436 innig
1482 3375 1670 3435 verwandt.
1699 3371 1764 3431 Ab¬

1789 3394 1863 3454 gene
1899 3387 2080 3447 Betrüger.
2106 3384 2155 3444 So
2191 3383 2231 3443 ist
2262 3381 2438 3441 Schnitzler
2474 3378 2524 3438 der
2560 3378 2730 3438 dichterisch

812 3430 881 3490 seits
906 3423 999 3483 steht,
1014 3424 1063 3484 als
1093 3423 1191 3483 Blüte
1221 3421 1304 3481 einer
1329 3421 1417 3481 mehr
1442 3420 1761 3480 elegisch=resignier¬

1786 3435 1902 3495 große,
1925 3430 2154 3490 vollkommene
2187 3426 2354 3486 Ausdruck
2382 3424 2433 3484 des
2467 3423 2736 3483 uneingestande¬

798 3472 843 3532 ten
879 3470 925 3530 als
957 3467 1136 3527 satirischen
1167 3464 1479 3524 Weltanschauung,
1500 3464 1551 3524 die
1577 3460 1766 3520 „Liebelei“,

1792 3479 1847 3539 nen
1883 3476 2136 3536 Schuldgefühls
2172 3470 2222 3530 der
2258 3470 2471 3530 bürgerlichen
2507 3467 2643 3527 Epoche.

809 3515 853 3575 ein
888 3512 1080 3572 Lebensbild
1110 3510 1178 3570 voll
1199 3508 1411 3568 wehmütigen
1446 3507 1573 3567 Reizes,
1598 3505 1662 3565 voll
1682 3502 1765 3562 inti¬

812 3561 874 3621 mer
903 3555 1080 3615 Wahrheit
1110 3555 1171 3615 und
1206 3554 1272 3614 voll
1302 3550 1498 3610 ergreifnden
1537 3548 1757 3608 Miterlebens

809 3605 866 3665 mit
896 3602 1017 3662 denen,
1042 3599 1089 3659 die
1124 3598 1153 3658 zu
1187 3596 1313 3656 schwach
1347 3596 1400 3656 zum
1449 3593 1546 3653 Leben
1590 3590 1667 3650 sind.
1697 3590 1764 3650 Das

810 3650 900 3710 „süße
931 3644 1063 3704 Mädel“
1100 3641 1155 3701 der
1186 3639 1323 3699 Liebelei
1355 3637 1542 3697 verkörpert
1568 3635 1761 3695 Schnitzleri

814 3688 1063 3748 naturalistische
1097 3683 1231 3743 Epoche.
1256 3683 1341 3743 Aber
1376 3681 1471 3741 dieser
1500 3679 1759 3739 Naturalismus

816 3733 909 3793 wirkt
937 3732 1016 3792 nicht
1045 3728 1193 3788 drückend
1221 3727 1296 3787 oder
1329 3725 1482 3785 quälend,
1506 3723 1566 3783 wie
1594 3721 1682 3781 jener
1711 3717 1761 3777 der

812 3776 994 3836 nordischen
1043 3772 1288 3832 Naturalisten.
1327 3768 1403 3828 Nur
1447 3766 1572 3826 einmal
1616 3763 1673 3823 hat
1716 3763 1764 3823 sich

814 3820 992 3880 Schnitzler
1012 3817 1084 3877 dazu
1118 3814 1321 3874 verstanden,
1341 3811 1379 3871 ein
1409 3808 1587 3868 politisches
1612 3805 1756 3865 Problem

807 3868 839 3928 zu
868 3863 1065 3923 behandeln,
1085 3862 1146 3922 und
1170 3859 1254 3919 zwar
1278 3859 1301 3919 in
1330 3856 1381 3916 dem
1424 3853 1546 3913 Roman
1580 3853 1659 3913 „Der
1688 3851 1758 3911 Weg
