3344 4384
103 351 217 411 12.
275 350 764 410 Schnitzler
832 346 860 406 s
928 344 1157 404 Death

391 1325 670 1385 CASINOS
706 1314 749 1374 IN
804 1304 1179 1364 OSTERREICH

483 1378 603 1438 Baden
637 1374 646 1434 /
671 1367 834 1427 Salzburg
864 1365 873 1425 /
892 1356 1109 1416 Semmering

384 1426 547 1486 Roulette
584 1420 597 1480 —
648 1415 811 1475 Baccara
843 1410 857 1470 —
912 1403 1052 1463 Chemin
1089 1396 1125 1456 de
1162 1393 1216 1453 fer

395 1489 847 1549 Österreichische
887 1473 1068 1533 Casino
1108 1465 1148 1525 A.
1174 1462 1223 1522 G.

391 1542 510 1602 Wien
544 1538 591 1598 III,
616 1521 1141 1581 Schwarzenbergplatz
1170 1506 1213 1566 5a

406 1667 861 1727 „OBSERVER"

641 1713 659 1773 1.
681 1708 780 1768 österr.
799 1701 953 1761 behördlich
983 1691 1233 1751 konzessioniertes

641 1748 843 1808 Unternehmen
861 1739 900 1799 für
915 1732 1230 1792 Zeitungs-Ausschnitte

642 1790 714 1850 Wien
730 1789 748 1849 1,
756 1785 885 1845 Wollzelle
905 1780 935 1840 11,
947 1775 1076 1835 Telephon
1096 1768 1237 1828 R-23-0-43

413 1969 859 2029 Ausschnittdliener
900 1961 1147 2021 Zeitung

760 2146 1014 2206 19.kAI
1052 2128 1164 2188 1936

428 2194 533 2254 vom:

580 2328 697 2388 Artur
735 2319 1107 2379 Schnitzler=Abend

611 2394 780 2454 Jüdisches
807 2390 1053 2450 Kukturtheater

377 2472 437 2532 Der
461 2470 513 2530 74.
532 2471 723 2531 Geburtstag
751 2465 844 2525 Artur
873 2461 1045 2521 Schnitzlers
1079 2456 1130 2516 gab
1158 2456 1256 2516 Anlaß
1284 2451 1335 2511 für

346 2514 403 2574 eine
430 2513 541 2573 kleine,
563 2507 793 2567 eindrucksvolle
820 2502 921 2562 Feier.
943 2501 983 2561 Es
1015 2498 1111 2558 kamen
1147 2493 1337 2553 Prosawerke

341 2553 390 2613 des
423 2551 553 2611 Dichters
586 2547 640 2607 zur
667 2543 857 2603 Vorlesung:
880 2541 957 2601 „Der
989 2536 1152 2596 Witwer“,
1175 2533 1247 2593 „Ein
1279 2528 1337 2588 Er¬

344 2592 437 2652 folg",
465 2588 544 2648 „Die
577 2586 665 2646 Toten
708 2579 899 2639 schweigen,
927 2575 1099 2635 „Leutnant
1132 2570 1239 2630 Gustl“
1277 2567 1332 2627 und

341 2629 406 2689 eine
438 2626 535 2686 Szene
588 2622 645 2682 aus
699 2620 752 2680 dem
801 2617 999 2677 Theaterstück
1036 2610 1207 2670 „Professor
1239 2605 1340 2665 Bern¬

339 2668 462 2728 hardi“.
490 2662 645 2722 Seltsam,
673 2658 727 2718 wie
764 2656 814 2716 der
851 2653 910 2713 Tod
947 2652 974 2712 in
1015 2649 1106 2709 diesen
1148 2645 1330 2705 Dichtungen

338 2710 390 2770 zum
433 2701 545 2761 Zeugen
580 2698 752 2758 aufgerufen
787 2695 881 2755 wird,
903 2692 950 2752 der
981 2690 1058 2750 Tod,
1080 2686 1247 2746 verbunden
1283 2682 1338 2742 mit

346 2743 427 2803 einer
458 2739 659 2799 Entdeckung,
686 2736 741 2796 mit
772 2734 853 2794 einer
888 2729 1085 2789 Katastrophe
1116 2725 1184 2785 oder
1215 2722 1240 2782 in
1279 2721 1343 2781 eine

346 2779 548 2839 Verkleidung
583 2774 784 2834 vermummt,
828 2770 875 2830 die
931 2768 1012 2828 einer
1047 2763 1163 2823 Absage
1215 2759 1249 2819 an
1288 2758 1339 2818 das

350 2817 435 2877 Leben
468 2815 685 2875 gleichkommt.
709 2811 749 2871 Er
777 2809 826 2869 hat
855 2807 908 2867 sein
941 2805 1008 2865 Teil
1036 2803 1067 2863 am
1109 2800 1218 2860 Spiel,
1236 2797 1263 2857 er
1291 2794 1345 2854 hat

349 2859 432 2919 sogar
468 2856 507 2916 ein
548 2852 714 2912 Gewissen,
741 2847 780 2907 ein
821 2845 939 2905 weltlich
975 2840 1155 2900 forschendes
1191 2835 1335 2895 Gewissen

348 2895 400 2955 von
436 2892 608 2952 besonderer
644 2887 839 2947 dialektischer
870 2883 976 2943 Kraft.
1003 2880 1074 2940 Kein
1110 2877 1167 2937 Tod
1198 2874 1260 2934 also
1291 2871 1339 2931 den

350 2933 394 2993 die
431 2931 562 2991 Legende
598 2928 743 2988 verklärt,
775 2923 824 2983 der
856 2920 1001 2980 geheiligt
1037 2919 1114 2979 wäre
1150 2914 1209 2974 und
1245 2910 1344 2970 damit

350 2971 513 3031 außerhalb
550 2965 598 3025 der
629 2964 757 3024 Debatte
784 2961 898 3021 stünde.
925 2958 1000 3018 Eine
1032 2957 1169 3017 tragische
1200 2952 1345 3012 Blamage

352 3011 400 3071 des
431 3006 546 3066 Lebens
577 3004 785 3064 festzustellen,
812 3000 882 3060 dazu
922 2997 1006 3057 dient
1037 2996 1077 3056 all
1109 2992 1170 3052 dies
1206 2988 1356 3048 Sterben,

354 3047 415 3107 eine
446 3045 525 3105 Lüge
561 3042 764 3102 aufzudecken,
791 3037 834 3097 die
866 3035 945 3095 nicht
972 3032 1047 3092 über
1078 3031 1122 3091 die
1153 3030 1263 3090 Lippen
1299 3024 1347 3084 der

352 3086 501 3146 Lebenden
533 3083 558 3143 zu
590 3080 713 3140 kommen
745 3077 859 3137 wußte.
878 3072 917 3132 Er
944 3071 992 3131 soll
1014 3071 1040 3131 es
1072 3069 1186 3129 wissen,
1204 3065 1252 3125 der
1275 3062 1354 3122 Tod,

354 3123 416 3183 was
446 3122 470 3182 im
508 3119 596 3179 Leben
626 3118 708 3178 falsch
738 3116 817 3176 war,
835 3113 897 3173 was
922 3110 997 3170 nicht
1023 3108 1139 3168 geraten
1169 3103 1269 3163 wollte
1294 3100 1348 3160 und

355 3164 475 3224 konnte,
501 3160 530 3220 er
561 3157 616 3217 soll
643 3155 672 3215 es
711 3152 826 3212 wissen,
853 3150 908 3210 und
943 3146 972 3206 es
1007 3148 1049 3208 ihm
1097 3146 1183 3206 quasi
1209 3142 1255 3202 ins
1290 3137 1350 3197 Ge¬

355 3203 418 3263 sicht
445 3200 472 3260 zu
509 3197 613 3257 sagen,
636 3193 713 3253 diese
741 3191 913 3251 eindeutige
941 3185 1140 3245 Gelegenheit
1168 3181 1267 3241 schafft
1290 3176 1349 3236 nur

359 3239 404 3299 er.
423 3236 630 3296 Meisterhaft,
649 3232 703 3292 wie
731 3230 780 3290 der
808 3227 1030 3287 psychologische
1053 3224 1138 3284 Weg,
1162 3221 1211 3281 der
1239 3219 1265 3279 zu
1297 3218 1342 3278 den

359 3273 720 3333 Auseinandersetzungen
756 3268 857 3328 führt,
902 3265 968 3325 real
995 3262 1180 3322 vorbereitet
1207 3258 1255 3318 ist,
1295 3253 1352 3313 wie

361 3317 408 3377 das
443 3314 545 3374 Labile
576 3311 653 3371 einer
683 3307 863 3367 Stimmung
893 3301 940 3361 der
971 3300 1167 3360 Deutlichkeit
1194 3295 1241 3355 der
1258 3292 1352 3352 Szene

362 3357 389 3417 zu
421 3352 539 3412 weichen
571 3349 634 3409 hat.
654 3347 712 3407 Die
735 3344 972 3404 Schlußpointe,
991 3337 1035 3397 die
1063 3336 1295 3396 Schlußmoral,
1314 3331 1359 3391 die

365 3393 575 3453 Abrechnung,
601 3388 635 3448 sie
666 3386 721 3446 alle
752 3385 812 3445 sind
846 3381 902 3441 aus
937 3378 1018 3438 einer
1052 3376 1151 3436 Kritik
1181 3372 1361 3432 gewonnen,

361 3431 409 3491 die
444 3430 501 3490 mit
533 3427 762 3487 unerbittlichen
802 3420 948 3480 Schlüssen
988 3414 1177 3474 Gerichtstag
1218 3410 1349 3470 gehalten

366 3469 427 3529 hat.
449 3467 506 3527 Die
533 3465 748 3525 Vorlesenden,
771 3459 871 3519 Maria
903 3454 1113 3514 Gutmann
1149 3450 1201 3510 und
1233 3448 1351 3508 Ludwig

366 3507 489 3567 Roth,
507 3504 604 3564 waren
635 3501 706 3561 dort
728 3499 781 3559 gut
808 3496 861 3556 und
892 3495 918 3555 im
954 3492 1033 3552 Sinn
1065 3489 1144 3549 ihres
1171 3486 1365 3546 Vorhabens,

369 3548 408 3608 wo
440 3544 479 3604 sie
510 3542 554 3602 sich
590 3539 770 3599 enthielten,
797 3537 845 3597 die
877 3531 1004 3591 Pointen
1044 3528 1092 3588 des
1123 3526 1228 3586 Textes
1264 3522 1361 3582 schau¬

366 3583 542 3643 spielerhaft
569 3579 837 3639 hervorzukehren.
877 3570 1048 3630 Diskretion
1102 3566 1136 3626 ist
1168 3564 1211 3624 die
1238 3561 1356 3621 Tugend

365 3623 407 3683 des
440 3621 613 3681 Vorlesers.
652 3617 717 3677 Der
760 3609 1173 3669 „nichtschauspielzünftige“
1220 3600 1356 3660 Heinrich

370 3663 596 3723 Schnitzler
636 3657 699 3717 war
729 3656 758 3716 da
793 3654 881 3714 gewiß
916 3651 940 3711 im
985 3648 1122 3708 Vorteil.
1177 3644 1221 3704 A.
1231 3642 1265 3702 B.
1280 3642 1328 3702 W.

1385 336 1509 396 box
1588 338 1775 398 44/3

1822 1856 2090 1916 Schnitzler=Feier.

1853 1901 1863 1961 *
1889 1909 1940 1969 Ein
1966 1910 2244 1970 vierundsiebzigster
2271 1907 2450 1967 Geburtstag
2472 1905 2569 1965 gehört
2590 1901 2662 1961 zwar

1818 1960 1842 2020 in
1872 1960 1915 2020 der
1940 1960 2033 2020 Regel
2054 1957 2117 2017 kaum
2157 1957 2181 2017 zu
2211 1956 2255 2016 den
2285 1954 2431 2014 offiziellen
2461 1951 2657 2011 Gedenktagen

1818 2008 1827 2068 —
1872 2008 1941 2068 aber
1961 2008 2065 2068 immer
2090 2008 2119 2068 ist
2139 2006 2168 2066 es
2194 2005 2262 2065 schön
2292 2004 2346 2064 und
2371 2002 2528 2062 beglückend
2554 1999 2667 2059 Arthur

1816 2059 2066 2119 Schnitzlers
2092 2056 2121 2116 zu
2147 2053 2308 2113 gedenken;
2328 2053 2383 2113 und
2414 2051 2458 2111 der
2489 2050 2664 2110 Zuschauer¬

1814 2108 1885 2168 raum
1929 2107 1977 2167 des
2006 2104 2154 2164 Jüdischen
2188 2101 2433 2161 Kulturtheaters
2457 2098 2558 2158 konnte
2587 2096 2654 2156 kaum

1819 2155 1870 2215 alle
1901 2154 2004 2214 fassen,
2025 2152 2071 2212 die
2097 2153 2143 2213 sich
2175 2150 2360 2210 eingefunden
2413 2146 2530 2206 hatten,
2572 2146 2670 2206 längst

1815 2203 1983 2263 Bekanntes
2007 2202 2053 2262 von
2081 2202 2170 2262 neuem
2208 2199 2230 2259 zu
2255 2197 2357 2257 hören.
2376 2194 2474 2254 Maria
2498 2193 2670 2253 Gutmann,

1819 2253 1951 2313 Heinrich
1976 2250 2127 2310 Schnitzler
2152 2247 2205 2307 und
2230 2247 2342 2307 Ludwig
2367 2245 2440 2305 Roth
2465 2243 2670 2303 interpretier¬

1822 2304 1881 2364 ten,
1907 2301 1977 2361 weit
2003 2298 2073 2358 über
2104 2297 2148 2357 den
2189 2295 2320 2355 Rahmen
2355 2292 2435 2352 einer
2466 2292 2662 2352 „Vorlesung"

1821 2352 1944 2412 hinaus,
1964 2349 2012 2409 das
2038 2346 2121 2406 Wort
2146 2344 2195 2404 und
2225 2343 2274 2403 vor
2314 2342 2387 2402 allem
2442 2340 2486 2400 die
2511 2340 2579 2400 trotz
2600 2337 2668 2397 aller

1824 2397 2151 2457 Milieugebundenheit
2182 2393 2293 2453 zeitlose
2324 2390 2378 2450 und
2409 2387 2570 2447 menschlich
2601 2387 2666 2447 ewig

1822 2448 1893 2508 nahe
1920 2447 2136 2507 Schnitzlersche
2163 2439 2292 2499 Geistes=
2318 2438 2374 2498 und
2406 2438 2674 2498 Gedankensphäre.

1822 2497 2013 2557 Meisterhaft
2034 2494 2059 2554 in
2091 2492 2168 2552 jeder
2210 2490 2339 2550 kleinsten
2392 2486 2510 2546 Nuance
2557 2484 2676 2544 zeichnet

1824 2546 1953 2606 Heinrich
1979 2543 2129 2603 Schnitzler
2150 2542 2194 2602 den
2220 2539 2390 2599 „Leutnant
2406 2534 2506 2594 Gustl“
2526 2532 2541 2592 —
2581 2534 2661 2594 neben

1822 2596 1869 2656 dem
1907 2593 2097 2653 dichterischen
2130 2590 2267 2650 Erlebnis
2294 2588 2357 2648 eine
2378 2587 2468 2647 große
2495 2582 2675 2642 schauspiele¬

1826 2644 1905 2704 rische
1932 2641 2079 2701 Leistung.
2100 2638 2168 2698 Man
2201 2637 2353 2697 bedauert,
2375 2634 2422 2694 daß
2449 2632 2475 2692 so
2502 2632 2580 2692 selten
2618 2629 2675 2689 Ge¬

1821 2692 1969 2752 legenheit
2012 2690 2059 2750 ist,
2097 2688 2186 2748 dieses
2240 2686 2431 2746 einzigartige
2458 2680 2675 2740 österreichische

1825 2740 1997 2800 Kulturbild
2032 2737 2055 2797 in
2094 2734 2348 2794 unmittelbarster
2397 2731 2598 2791 Lebendigkeit
2647 2729 2670 2789 zu

1829 2791 1979 2851 genießen.
2000 2786 2227 2846 Wirkungsvoll
2248 2784 2302 2844 wie
2329 2782 2378 2842 auf
2404 2781 2449 2841 der
2475 2779 2581 2839 Bühne
2611 2775 2676 2835 prä¬

1828 2838 1960 2898 sentierte
1985 2838 2028 2898 sich
2054 2835 2117 2895 auch
2142 2832 2268 2892 diesmal
2284 2831 2327 2891 die
2347 2829 2430 2889 große
2455 2826 2675 2886 Auseinander¬

1829 2886 1931 2946 setzung
1958 2886 2077 2946 zwischen
2108 2882 2175 2942 Arzt
2202 2880 2253 2940 und
2284 2880 2408 2940 Priester
2435 2879 2486 2939 aus
2513 2877 2678 2937 „Professor

1829 2934 2010 2994 Bernhardi"
2041 2930 2243 2990 (Bernhardi:
2269 2929 2385 2989 Ludwig
2416 2926 2511 2986 Roth,
2532 2925 2678 2985 Priester:

1827 2985 2008 3045 Schnitzler).
2029 2984 2115 3044 Zwei
2141 2979 2277 3039 Novellen
2328 2976 2388 3036 aus
2435 2975 2485 3035 der
2531 2973 2672 3033 „Kleinen

1831 3032 1987 3092 Komödie“
2007 3033 2022 3093 —
2068 3030 2143 3090 „Der
2164 3028 2305 3088 Witwer“
2331 3027 2386 3087 und
2412 3026 2477 3086 „Ein
2503 3022 2624 3082 Erfolg“
2645 3017 2659 3077 -

1833 3081 1911 3141 sowie
1936 3080 2009 3140 „Die
2030 3078 2118 3138 Toten
2148 3076 2315 3136 schweigen“
2340 3074 2452 3134 wurden
2483 3071 2531 3131 von
2561 3068 2674 3128 Ludwig

1832 3131 1906 3191 Roth
1935 3128 1986 3188 und
2015 3126 2117 3186 Maria
2141 3125 2294 3185 Gutmann
2328 3122 2430 3182 einfach
2459 3122 2509 3182 und
2538 3118 2682 3178 unpathe¬

1828 3178 1911 3238 tisch,
1936 3177 1985 3237 von
2025 3176 2143 3236 innerem
2187 3174 2276 3234 Leben
2315 3173 2433 3233 erfüllt,
2458 3173 2581 3233 gelesen.
2611 3167 2679 3227 Eine

1828 3227 1995 3287 andächtige
2025 3224 2358 3284 Schnitzler=Gemeinde
2388 3221 2490 3281 dankte
2520 3218 2569 3278 den
2604 3215 2682 3275 Vor¬

1833 3274 1987 3334 tragenden
2021 3272 2147 3332 überaus
2181 3274 2311 3334 herzlich.
