3344 4352
201 287 354 347 12.

443 286 965 346 chnitzler's
1033 291 1265 351 Death

1481 291 1603 351 box
1681 297 1866 357 42/6

727 724 1437 784 OBSERVER

838 782 977 842 österr.
994 786 1142 846 behördl.
1163 792 1450 852 konzessioniertes

784 823 1014 883 Unternehmen
1045 827 1088 887 für
1115 831 1485 891 Zeitungs-Ausschnitte

824 879 976 939 WIEN,
996 887 1042 947 I.,
1063 892 1348 952 WOLLZEILE
1395 896 1434 956 11

916 936 1132 996 TELEPHON
1169 942 1344 1002 R-23-0-43

710 1076 941 1136 Ausschnitt
970 1078 1002 1138 au

1488 1294 1496 1354 3

709 1297 820 1357 vom:

1180 1307 1286 1367 22.
1308 1299 1404 1359 0K7

1530 1542 1674 1602 Alterns,
1706 1543 1762 1603 und
1804 1544 1876 1604 1912
1918 1544 2093 1604 „Professor
2125 1544 2295 1604 Berhardi“
2347 1541 2388 1601 ein

656 1553 808 1613 Artur
839 1559 1102 1619 Schnitzler
1134 1559 1459 1619 unerwartet

1523 1580 1702 1640 Schauspiel
1722 1580 1777 1640 aus
1808 1580 1857 1640 dem
1897 1581 2056 1641 ärztlichen
2087 1583 2201 1643 Beruf.
2222 1583 2261 1643 Im
2301 1580 2400 1640 Jahre

1524 1616 1594 1676 1915
1622 1619 1785 1679 erschienen
1819 1617 1888 1677 drei
1912 1619 2061 1679 Einakter
2094 1619 2183 1679 unter
2216 1619 2267 1679 dem
2310 1619 2393 1679 Titel

903 1634 1195 1694 gestorben.

1526 1655 1693 1715 „Komödie
1722 1655 1773 1715 der
1797 1656 1937 1716 Worte“,
1961 1655 2031 1715 1917
2059 1657 2111 1717 das
2140 1655 2275 1715 schwache
2303 1655 2396 1715 „Fink

1524 1694 1579 1754 und
1613 1694 1861 1754 Fliederbusch“,
1890 1694 1959 1754 1919
1992 1695 2071 1755 „Die
2105 1694 2287 1754 Schwestern
2325 1693 2395 1753 oder

648 1693 759 1753 Wien,
777 1696 826 1756 21.
843 1697 1000 1757 Oktober.
1017 1698 1229 1758 (Priv.=Tel.)
1241 1703 1341 1763 Heute
1364 1704 1480 1764 abends

1524 1730 1679 1790 Casanova
1717 1730 1745 1790 in
1783 1731 1891 1791 Spa“,
1915 1731 1990 1791 1924
2023 1730 2197 1790 „Komödie
2231 1730 2282 1790 der
2316 1730 2395 1790 Ver¬

609 1739 646 1799 um
690 1739 749 1799 ¼7
772 1741 837 1801 Uhr
864 1744 902 1804 ist
924 1744 951 1804 in
979 1744 1076 1804 seiner
1104 1747 1283 1807 Döblinger
1311 1749 1392 1809 Villa
1425 1750 1490 1810 Dr.

1525 1767 1673 1827 führung“
1718 1765 1772 1825 und
1812 1765 1886 1825 1925
1926 1765 1970 1825 die
2010 1768 2208 1828 dramatische
2248 1770 2395 1830 Dichtung

612 1788 712 1848 Artur
737 1789 984 1849 Schnitzler
1010 1793 1211 1853 unerwartet
1232 1795 1317 1855 einer
1343 1798 1483 1858 Gehirn¬

1530 1804 1606 1864 „Der
1636 1804 1722 1864 Gang
1756 1806 1808 1866 zum
1852 1804 1991 1864 Weiher“

601 1834 745 1894 blutung
772 1838 916 1898 erlegen.
942 1840 1009 1900 Der
1030 1840 1097 1900 Tod
1123 1840 1185 1900 Dr.
1201 1844 1392 1904 Schnitzlers
1419 1846 1469 1906 kam

1564 1851 1740 1911 Schnitzlers
1765 1852 1922 1912 Eigenart
1947 1852 2001 1912 und
2031 1852 2139 1912 großes
2164 1852 2276 1912 Talent
2301 1852 2394 1912 offen¬

610 1882 694 1942 selbst
721 1885 821 1945 seiner
854 1886 990 1946 nächsten
1023 1888 1207 1948 Umgebung
1240 1894 1488 1954 überraschend.

1521 1888 1595 1948 bart
1623 1891 1670 1951 sich
1708 1888 1787 1948 nicht
1816 1890 1955 1950 weniger
1989 1889 2016 1949 in
2059 1891 2157 1951 seinen
2195 1891 2390 1951 erzählenden

1526 1927 1665 1987 Werken.
1695 1925 1766 1985 1892
1791 1927 1912 1987 erschien
1946 1927 2138 1987 „Sterben“,
2158 1927 2211 1987 das
2235 1929 2283 1989 die
2298 1930 2394 1990 letzten

611 1930 707 1990 Wohl
724 1933 826 1993 klagte
848 1934 875 1994 er
897 1935 923 1995 in
957 1936 1005 1996 den
1032 1936 1129 1996 letzten
1163 1938 1281 1998 Jahren
1314 1938 1389 1998 über
1411 1939 1481 1999 ver¬

1520 1965 1606 2025 Tage
1630 1965 1716 2025 eines
1741 1965 2033 2025 Schwindsüchtigen
2063 1965 2125 2025 mit
2145 1965 2317 2025 Scharfem,
2332 1968 2399 2028 aber

608 1980 761 2040 schiedene
783 1983 1025 2043 Beschwerden.
1058 1985 1137 2045 Doch
1164 1985 1232 2045 war
1259 1986 1291 2046 er
1318 1988 1364 2048 nie
1392 1989 1481 2049 krank

1518 2002 1585 2062 auch
1614 2001 1782 2061 peinlichem
1826 2002 2013 2062 Realismus
2043 2004 2196 2064 schildert,
2216 2004 2288 2064 1894
2317 2004 2394 2064 „Die

605 2027 631 2087 im
679 2031 873 2091 eigentlichen
911 2031 1016 2091 Sinne
1049 2032 1106 2092 und
1138 2035 1238 2095 mußte
1270 2036 1338 2096 auch
1371 2037 1417 2097 nie
1444 2037 1470 2097 in

1523 2037 1693 2097 Blumen“,
1719 2039 1784 2099 1895
1815 2039 1890 2099 „Ein
1921 2041 2097 2101 Abschied“.
2123 2041 2188 2101 1896
2219 2043 2294 2103 „Die
2309 2043 2384 2103 Frau

1522 2079 1571 2139 des
1601 2076 1757 2136 Weisen“,
1782 2077 1855 2137 1897
1885 2079 1968 2139 „Der
1998 2079 2179 2139 Ehrentag“
2214 2079 2267 2139 und
2312 2082 2390 2142 „Die

600 2074 650 2134 der
678 2078 778 2138 letzten
807 2079 878 2139 Zeit
896 2079 952 2139 das
980 2079 1057 2139 Bett
1080 2082 1192 2142 hüten.
1215 2085 1320 2145 Heute
1343 2085 1482 2145 vormit¬

1521 2115 1614 2175 Toten
1649 2115 1845 2175 schweigen“.
1870 2115 1938 2175 1900
1974 2118 2140 2178 „Andreas
2171 2118 2381 2178 Thalmayer“

601 2125 671 2185 tags
704 2127 882 2187 unternahm
927 2129 1099 2189 Schnitzler
1121 2130 1208 2190 einen
1241 2133 1484 2193 Spaziergang,

1522 2155 1603 2215 „Der
1632 2153 1737 2213 blinde
1766 2153 1958 2213 Geronimo“
1997 2153 2049 2213 wie
2083 2155 2150 2215 auch
2184 2153 2231 2213 die
2266 2154 2390 2214 Novelle

602 2172 657 2232 von
691 2174 746 2234 dem
785 2175 818 2235 er
841 2177 935 2237 gegen
969 2177 1008 2237 11
1036 2177 1102 2237 Uhr
1131 2179 1197 2239 nach
1226 2180 1331 2240 Hause
1359 2181 1481 2241 zurück¬

1527 2192 1702 2252 „Leutnant
1733 2189 1863 2249 Gustl“;
1899 2192 2005 2252 ferner
2041 2192 2070 2252 im
2121 2192 2246 2252 gleichen
2287 2190 2387 2250 Jahre

603 2222 722 2282 kehrte.
755 2222 841 2282 Kurz
868 2225 993 2285 darauf
1021 2226 1128 2286 wurde
1156 2226 1182 2286 er
1216 2228 1394 2288 bewußtlos
1427 2228 1464 2288 am

1522 2233 1620 2293 „Frau
1660 2228 1752 2288 Berta
1792 2229 1958 2289 Garlan“,
1983 2231 2061 2291 dann
2101 2232 2179 2292 „Die
2224 2231 2390 2291 griechische

1523 2267 1695 2327 Tänzerin“
1731 2267 1853 2327 (1902).
1879 2268 2128 2328 „Weissagung“
2170 2268 2287 2328 (1904),
2313 2270 2393 2330 „Das

600 2270 708 2330 Boden
746 2271 865 2331 liegend
899 2272 925 2332 in
964 2273 1061 2333 seinem
1110 2276 1376 2336 Arbeitszimmer
1409 2275 1479 2335 auf¬

1521 2305 1595 2365 neue
1621 2306 1707 2366 Lied“
1743 2306 1858 2366 (1905).
1879 2306 1960 2366 „Der
1985 2305 2046 2365 Tod
2077 2305 2126 2365 des
2153 2306 2364 2366 Junggesellen

601 2318 755 2378 gefunden
788 2318 849 2378 und
875 2321 989 2381 wurde
1010 2321 1041 2381 im
1077 2324 1289 2384 bewußtlosen
1321 2325 1476 2385 Zustande

1527 2343 1640 2403 (1907),
1661 2344 1743 2404 „Der
1770 2343 1826 2403 tote
1852 2344 2007 2404 Gabriel“
2039 2342 2157 2402 (1908).
2178 2344 2260 2404 „Das
2292 2344 2389 2404 Tage¬

604 2369 637 2429 zu
670 2365 747 2425 Bett
775 2368 936 2428 gebracht.
958 2368 1024 2428 Dr.
1048 2371 1218 2431 Schnitzler
1246 2371 1302 2431 hat
1330 2371 1379 2431 bis
1407 2372 1462 2432 zum

1520 2380 1586 2440 buch
1625 2382 1677 2442 der
1711 2380 1917 2440 Redegonda“
1965 2381 2084 2441 (1909).
2119 2382 2200 2442 „Der
2239 2380 2372 2440 Mörder

604 2414 749 2474 Eintritt
766 2415 819 2475 des
846 2416 949 2476 Todes
977 2416 1030 2476 das
1058 2420 1257 2480 Bewußtsein
1285 2419 1365 2479 nicht
1393 2421 1473 2481 mehr

1530 2419 1643 2479 (1910),
1678 2419 1854 2479 „Dreisache
1904 2418 2090 2478 Warnung“
2140 2419 2194 2479 und
2244 2419 2390 2479 „Hirten¬

1520 2456 1607 2516 flöte"
1654 2456 1773 2516 (1911),
1805 2459 1908 2519 „Frau
1950 2458 2054 2518 Beate
2096 2458 2152 2518 und
2194 2455 2241 2515 ihr
2283 2458 2365 2518 Sohn

598 2464 746 2524 erlangt.
783 2464 825 2524 Um
873 2465 936 2525 ¼7
968 2466 1031 2526 Uhr
1064 2467 1179 2527 abends
1233 2467 1306 2527 trat
1333 2468 1476 2528 Atem¬

1526 2497 1639 2557 (1913),
1676 2497 1809 2557 „Doktor
1856 2497 2011 2557 Gräsler,
2047 2496 2222 2556 Badearzt“
2274 2492 2392 2552 (1917),

598 2512 819 2572 lähmung
872 2512 941 2572 ein.
973 2514 1020 2574 An
1068 2515 1168 2575 seinem
1232 2516 1474 2576 Krankenlager

1520 2532 1717 2592 „Casanovas
1772 2532 1973 2592 Heimfahrt“
2028 2532 2151 2592 (1918).
2206 2532 2388 2592 Schnitzlers

595 2559 706 2619 weilte
738 2562 795 2622 sein
838 2562 938 2622 sofort
970 2562 1138 2622 berufener
1171 2563 1302 2623 Bruder
1334 2565 1476 2625 Univer¬

1522 2571 1634 2631 neueste
1674 2571 1856 2631 erzählende
1891 2571 1999 2631 Werke
2039 2571 2122 2631 sind:
2167 2571 2260 2631 „Frl.
2299 2571 2368 2631 Eise

1521 2610 1636 2670 (1924).
1656 2608 1723 2668 eine
1752 2607 1775 2667 in
1810 2607 1892 2667 ihrer
1921 2610 2109 2670 schwierigen
2143 2610 2219 2670 Form
2263 2610 2388 2670 gerade¬

597 2607 845 2667 sitätsprofessor
890 2610 1012 2670 Hofrat
1040 2610 1233 2670 Primarius
1262 2612 1333 2672 Dr.
1356 2613 1472 2673 Julius

1520 2649 1544 2709 zu
1579 2647 1785 2707 meisterhafte
1820 2646 1962 2706 Novelle,
1992 2647 2065 2707 „Die
2100 2646 2178 2706 Frau
2218 2646 2266 2706 des
2301 2646 2389 2706 Rich¬

595 2655 775 2715 Schnitzler
802 2658 864 2718 und
892 2658 938 2718 die
966 2661 1092 2721 übrigen
1124 2660 1151 2720 in
1183 2659 1267 2719 Wien
1299 2661 1468 2721 weilenden

1515 2683 1598 2743 ters“
1645 2686 1752 2746 (1925)
1790 2685 1845 2745 und
1888 2685 1939 2745 als
1972 2685 2074 2745 letztes
2107 2685 2368 2745 „Traumnovelle

595 2706 841 2766 Verwandten.
878 2706 959 2766 Noch
1001 2706 1037 2766 am
1089 2707 1191 2767 Abend
1238 2707 1345 2767 wurde
1382 2709 1469 2769 durch

1521 2724 1636 2784 (1926).
1675 2724 1742 2784 Alle
1772 2724 1853 2784 diese
1882 2721 1988 2781 Werke
2022 2724 2079 2784 sind
2118 2724 2287 2784 durchwegs
2326 2720 2393 2780 kür¬

601 2750 685 2810 einen
724 2753 898 2813 Amtsarzt
930 2753 978 2813 die
1010 2753 1328 2813 Leichenbeschauung
1367 2756 1477 2816 vorge¬

1513 2763 1579 2823 zere
1613 2759 1756 2819 Arbeiten
1795 2761 1996 2821 erzählenden
2040 2760 2192 2820 Inhalts.
2231 2759 2374 2819 Novellen

1512 2798 1571 2858 und
1617 2799 1821 2859 Noveletten.
1867 2800 2049 2860 Schnitzlers
2100 2801 2231 2861 einziger
2277 2800 2382 2860 großer

591 2801 763 2861 nommen.
798 2801 982 2861 Vorläufig
1016 2801 1077 2861 sind
1112 2801 1178 2861 noch
1212 2801 1296 2861 keine
1330 2801 1481 2861 Disposi¬

590 2848 701 2908 tione"
739 2849 813 2909 über
846 2849 893 2909 die
926 2849 1134 2909 Leichenfeier
1161 2850 1342 2910 getroffen.
1391 2851 1470 2911 Man

603 2894 667 2954 will
697 2897 744 2957 die
774 2897 921 2957 Ankunft
951 2897 1051 2957 seines
1081 2898 1110 2958 in
1147 2897 1258 2957 Berlin
1294 2900 1465 2960 weilenden
1501 2902 1618 2962 Roman
1660 2900 1783 2960 erschien
1819 2897 1890 2957 1908
1932 2895 2014 2955 „Der
2050 2894 2121 2954 Weg
2163 2890 2209 2950 ins
2245 2885 2338 2945 Freie

597 2942 746 3002 Sohnes,
764 2944 821 3004 der
845 2945 948 3005 sofort
972 2944 1023 3004 vom
1065 2945 1150 3005 Tode
1174 2945 1225 3005 des
1255 2945 1370 3005 Vaters
1399 2947 1468 3007 ver-
1498 2941 1567 3001 eine
1591 2942 1659 3002 groß
1689 2940 1826 3000 gesehene
1856 2934 2005 2994 Synthese
2035 2931 2080 2991 des
2116 2926 2254 2986 geistigen
2283 2922 2352 2982 Wie

1497 2978 1553 3038 ner
1580 2980 1698 3040 Lebens
1730 2979 1781 3039 zur
1813 2977 1885 3037 Zeit
1917 2973 1968 3033 der
2000 2971 2097 3031 letzten
2135 2965 2372 3025 Jahrhundert¬

598 2992 739 3052 ständigt
773 2994 897 3054 wurde,
926 2995 1116 3055 abwarten.

1500 3019 1626 3079 wende.

637 3094 740 3154 Artur
764 3097 996 3157 Schnitzler
1025 3097 1129 3157 wurde
1152 3097 1186 3157 am
1228 3097 1280 3157 15.
1298 3097 1372 3157 Mai
1396 3097 1465 3157 1862

599 3129 621 3189 in
663 3132 749 3192 Wien
790 3132 940 3192 geboren,
968 3132 1018 3192 als
1055 3132 1136 3192 Sohn
1178 3133 1228 3193 des
1265 3135 1469 3195 ordentlichen

593 3170 766 3230 Professors
797 3171 831 3231 an
866 3171 915 3231 der
945 3171 1074 3231 Wiener
1099 3171 1297 3231 Universität
1333 3172 1391 3232 Dr.
1417 3169 1475 3229 Jo¬

597 3208 675 3268 hann
716 3209 899 3269 Schnitzler,
928 3208 1014 3268 eines
1047 3210 1285 3270 Laryngologen
1327 3210 1381 3270 von
1419 3206 1482 3266 Ve¬

594 3247 747 3307 deutung.
781 3249 949 3309 Schnitzler
983 3247 1127 3307 studierte
1161 3247 1329 3307 gleichfalls
1368 3247 1473 3307 Medi¬

593 3288 636 3348 zin
668 3287 694 3347 in
730 3286 837 3346 Wien,
855 3285 1067 3345 promovierte
1099 3285 1165 3345 1885
1197 3285 1254 3345 und
1286 3285 1370 3345 war,
1388 3285 1476 3345 nach¬

590 3321 644 3381 dem
682 3323 713 3383 er
746 3321 969 3381 (1886--1889)
992 3321 1051 3381 auf
1070 3322 1289 3382 verschiedenen
1326 3322 1467 3382 Kliniken

593 3362 776 3422 praktiziert
808 3362 863 3422 und
900 3362 969 3422 auch
1002 3360 1069 3420 eine
1103 3362 1189 3422 Reise
1221 3360 1272 3420 zum
1318 3359 1455 3419 Studium

594 3398 643 3458 der
679 3398 890 3458 hygienischen
940 3398 1181 3458 Einrichtungen
1232 3398 1298 3458 nach
1348 3397 1473 3457 London

597 3434 654 3494 und
685 3434 786 3494 Paris
818 3434 1056 3494 unternommen
1087 3434 1189 3494 hatte,
1216 3435 1259 3495 bis
1295 3434 1361 3494 1893
1397 3434 1472 3494 Assi¬

593 3473 670 3533 stent
693 3473 788 3533 seines
816 3473 934 3533 Vaters
966 3473 998 3533 an
1031 3473 1080 3533 der
1108 3473 1234 3533 Wiener
1263 3473 1462 3533 allgemeinen

601 3512 781 3572 Poliklinik.
807 3512 872 3572 Den
903 3512 1190 3572 militärärztlichen
1216 3510 1341 3570 Dienst,
1357 3511 1382 3571 in
1412 3509 1462 3569 den

588 3550 748 3610 Schnitzler
782 3550 885 3610 später
919 3550 999 3610 trat,
1027 3549 1126 3609 mußte
1160 3547 1188 3607 er
1221 3547 1287 3607 nach
1321 3547 1372 3607 der
1406 3549 1471 3609 Pu¬

594 3588 742 3648 blikation
771 3589 868 3649 seines
897 3586 1074 3646 „Leutnant
1098 3586 1200 3646 Gustl“
1229 3586 1378 3646 aufgeben
1411 3585 1466 3645 und

594 3625 665 3685 bald
690 3626 833 3686 widmete
857 3625 886 3685 er
910 3626 953 3686 sich
978 3625 1198 3685 ausschließlich
1222 3625 1270 3685 der
1294 3625 1471 3685 Literatur.

630 3664 695 3724 Von
738 3664 915 3724 kleineren,
944 3662 1046 3722 längst
1079 3663 1266 3723 vergessenen
1308 3664 1471 3724 Frühpro¬

587 3702 713 3762 dukten,
746 3702 797 3762 die
830 3700 858 3760 in
910 3700 961 3760 der
999 3700 1172 3760 „Deutschen
1215 3700 1449 3760 Wochenschrift

600 3741 702 3801 (1886)
731 3740 791 3800 und
825 3737 853 3797 in
891 3736 942 3796 der
971 3738 1064 3798 lange
1098 3737 1172 3797 nicht
1201 3737 1285 3797 mehr
1319 3738 1473 3798 bestehen¬

594 3777 641 3837 den
675 3777 847 3837 Zeitschrift
876 3774 933 3834 „An
967 3775 1019 3835 der
1044 3774 1158 3834 schönen
1188 3774 1297 3834 blauen
1331 3774 1440 3834 Donau

598 3816 703 3876 (1889)
732 3813 890 3873 erschienen
929 3813 1005 3873 sind,
1030 3813 1063 3873 ist
1088 3812 1144 3872 sein
1179 3813 1289 3873 erstes,
1308 3813 1471 3873 aufsehen¬

593 3852 771 3912 erregendes
799 3852 858 3912 und
886 3852 913 3912 in
941 3852 991 3912 der
1014 3852 1192 3912 damaligen
1225 3851 1293 3911 Zeit
1317 3851 1366 3911 als
1394 3852 1463 3912 kühn

582 3893 811 3953 empfundenes
840 3888 954 3948 Werk:
983 3888 1158 3948 „Anatol“,
1181 3888 1245 3948 eine
1278 3888 1379 3948 Reihe
1412 3888 1467 3948 von

587 3929 802 3989 dramatischen
836 3927 1014 3987 Dialogen,
1034 3926 1080 3986 die
1109 3926 1165 3986 mit
1189 3923 1269 3983 ihren
1302 3926 1396 3986 scharf
1420 3925 1471 3985 be¬

593 3966 761 4026 obachteten
785 3965 939 4025 Menschen
972 3964 1027 4024 und
1056 3962 1139 4022 deren
1168 3962 1317 4022 graziöser
1336 3962 1466 4022 Sprache

594 4004 622 4064 in
656 4005 737 4065 einer
766 4004 823 4064 fast
848 4003 1049 4063 spielerischen
1083 4001 1145 4061 Art
1169 4001 1241 4061 schon
1275 4001 1322 4061 die
1352 4001 1466 4061 Eigen¬

591 4042 641 4102 art
670 4043 725 4103 von
759 4041 942 4101 Schnitzlers
975 4040 1091 4100 Talent
1120 4039 1237 4099 zeigen.
1270 4037 1349 4097 Sein
1383 4040 1471 4100 näch¬

593 4081 644 4141 stes
682 4080 743 4140 und
781 4082 907 4142 zugleich
945 4079 1001 4139 das
1040 4078 1109 4138 erste
1147 4079 1345 4139 aufgeführte
1378 4076 1471 4136 Werk

591 4117 657 4177 war
687 4120 768 4180 „Das
798 4117 960 4177 Märchen“
1000 4114 1115 4174 (1893).
1144 4117 1187 4177 In
1216 4114 1269 4174 der
1293 4114 1380 4174 gleich
1409 4113 1461 4173 den

896 4150 1070 4210 chöpfungen
1100 4150 1151 4210 dem
1193 4152 1321 4212 Wiener
1344 4153 1460 4213 Milieu
