3248 4384
336 288 808 348 Schnitzler

866 288 913 348 s
973 293 1206 353 Death

1433 294 1561 354 box
1637 297 1817 357 43/8

972 421 1599 481 OBSERVE

1072 482 1089 542 I.
1107 476 1223 536 österr.
1237 472 1384 532 behördl.
1397 464 1696 524 konzessioniertes

1028 518 1261 578 Unternehmen
1289 512 1337 572 für
1364 506 1744 566 Zeitungs-Ausschnitte

1080 578 1226 638 WIEN,
1253 576 1299 636 I.,
1326 570 1613 630 WOLLZEILE
1660 565 1699 625 11

1175 624 1395 684 TELEPHON
1427 618 1604 678 R-23-0-43

986 769 1209 829 Ausschnitt
1233 766 1327 826 aus.

1065 840 1188 900 Jung
1243 835 1795 895 Cesterreich,Wien,

1268 975 1603 1035 27.10.1351

989 994 1108 1054 vom:

1392 1477 1532 1537 Drei
1571 1480 1740 1540 große
1788 1480 1919 1540 Tote

1433 1559 1509 1619 Von
1542 1563 1646 1623 Anna
1679 1564 1875 1624 Bergmann

1047 1641 1144 1701 Nach
1183 1642 1243 1702 dem
1292 1647 1531 1707 Hinscheiden
1586 1650 1645 1710 von
1689 1652 1847 1712 Thomas
1880 1654 1966 1714 Alva
2005 1657 2162 1717 Edison,
2196 1659 2260 1719 das
2304 1659 2358 1719 die

954 1692 1070 1752 ganze
1102 1692 1319 1752 Kulturwelt
1346 1698 1574 1758 schmerzlich
1611 1701 1775 1761 berührt,
1796 1703 1870 1763 traf
1898 1703 1992 1763 Wien
2030 1704 2066 1764 am
2115 1707 2178 1767 21.
2205 1707 2363 1767 Oktober

960 1739 1005 1799 ein
1039 1742 1315 1802 unersetzlicher
1344 1744 1508 1804 Verlust:
1531 1748 1604 1808 Der
1633 1748 1779 1808 Dichter
1808 1751 1943 1811 Arthur
1967 1754 2169 1814 Schnitzler
2198 1755 2260 1815 und
2300 1757 2356 1817 der

959 1789 1164 1849 Neurologe
1196 1790 1385 1850 Professor
1412 1797 1622 1857 Constantin
1670 1798 1733 1858 von
1770 1801 1954 1861 Economo
1997 1803 2070 1863 sind
2118 1805 2217 1865 nicht
2244 1805 2359 1865 mehr.

956 1838 1034 1898 Und
1072 1838 1166 1898 beide
1199 1841 1335 1901 starben
1378 1844 1414 1904 an
1452 1846 1599 1906 krankem
1647 1847 1804 1907 Herzen.
1826 1850 2047 1910 Schnitzler,
2079 1853 2142 1913 den
2179 1855 2242 1915 das
2274 1856 2347 1916 Lied

961 1889 1018 1949 von
1051 1889 1161 1949 Leben
1198 1891 1261 1951 und
1298 1892 1366 1952 Tod
1398 1895 1529 1955 ebenso
1562 1897 1730 1957 begleitet
1752 1898 1814 1958 hat
1836 1898 1904 1958 wie
1931 1901 2041 1961 seinen
2073 1901 2210 1961 Freund
2242 1904 2347 1964 Hugo

953 1934 1016 1994 von
1048 1939 1349 1999 Hofmannsthal,
1371 1942 1429 2002 der
1456 1943 1561 2003 neben
1598 1945 1656 2005 den
1689 1947 1809 2007 Blüten
1841 1948 1900 2008 den
1937 1948 2105 2008 Friedhof
2132 1951 2211 2011 sah,
2233 1951 2349 2011 dessen

956 1985 1074 2045 Werke
1102 1987 1166 2047 von
1193 1990 1392 2050 glühendem
1442 1993 1689 2053 Lebensdrang
1722 1996 1781 2056 zur
1809 1996 1938 2056 tiefsten
1977 1999 2100 2059 Tragik
2133 2002 2272 2062 glitten,
2295 2002 2353 2062 der

950 2037 999 2097 als
1025 2037 1110 2097 Arzt
1136 2038 1171 2098 an
1202 2038 1231 2098 so
1267 2041 1433 2101 manchem
1479 2043 1681 2103 Sterbebett
1701 2044 1892 2104 gestanden
1923 2048 2033 2108 hatte,
2054 2050 2119 2110 und
2155 2051 2361 2111 Economo,

953 2086 1011 2146 den
1048 2086 1211 2146 rastlosen
1254 2089 1444 2149 Forscher,
1465 2092 1523 2152 den
1565 2094 1697 2154 Weisen
1734 2095 1791 2155 der
1824 2098 2129 2158 Gehirnschnitte,
2156 2099 2209 2159 die
2236 2101 2272 2161 er
2299 2102 2356 2162 auf

953 2134 1006 2194 die
1027 2137 1218 2197 Begabung
1250 2138 1308 2198 des
1330 2140 1574 2200 Individuums
1601 2143 1732 2203 prüfte,
1749 2145 1786 2205 um
1829 2146 1961 2206 endlich
1994 2146 2104 2206 hinter
2126 2148 2184 2208 den
2211 2149 2359 2209 Schleier

950 2181 1006 2241 des
1033 2184 1161 2244 Genies
1187 2185 1223 2245 zu
1254 2188 1440 2248 kommen,
1461 2190 1523 2250 der
1549 2193 1828 2253 Äthermensch,
1849 2193 1905 2253 der
1937 2195 1962 2255 in
1993 2196 2107 2256 seinem
2154 2199 2349 2259 Luftschiffe

950 2232 996 2292 ein
1033 2235 1161 2295 ebenso
1193 2236 1327 2296 kühner
1358 2238 1452 2298 Pilot
1483 2239 1560 2299 war
1587 2243 1653 2303 wie
1685 2241 1741 2301 auf
1768 2242 1829 2302 dem
1877 2244 1985 2304 Wege
2016 2244 2073 2304 des
2104 2247 2269 2307 Denkens

954 2281 1050 2341 beide
1078 2283 1217 2343 überfiel
1240 2287 1298 2347 der
1321 2289 1395 2349 jähe
1418 2289 1595 2349 Herztod.
1612 2290 1714 2350 Zwei
1731 2292 1859 2352 Herzen
1892 2295 2000 2355 hatten
2033 2295 2097 2355 sich
2130 2298 2356 2358 verbraucht,

950 2331 1034 2391 weil
1050 2331 1095 2391 sie
1120 2334 1285 2394 schenken
1316 2337 1381 2397 und
1412 2339 1531 2399 immer
1557 2339 1622 2399 nur
1643 2340 1808 2400 schenken
1838 2343 2004 2403 wollten.
2019 2344 2230 2404 Economos
2255 2346 2350 2406 letzte

947 2381 1152 2441 großzügig
1185 2383 1396 2443 Schenkung
1429 2387 1504 2447 war
1531 2387 1591 2447 das
1618 2392 1948 2452 hirnanatomische
1976 2393 2137 2453 Institut,
2159 2395 2251 2455 seine
2284 2396 2359 2456 Un¬

947 2432 1205 2492 tersuchungen
1244 2434 1303 2494 der
1336 2438 1573 2498 Encephalitis
1606 2440 1815 2500 lethargica.
1843 2441 1886 2501 Er
1919 2441 1973 2501 sah
2011 2446 2113 2506 junge
2151 2444 2258 2504 Leben
2297 2444 2355 2504 ge-

945 2480 1181 2540 heimnisvoll
1201 2482 1397 2542 erstarren,
1423 2487 1548 2547 immer
1579 2489 1794 2549 gehemmter
1830 2492 1966 2552 werden
2007 2492 2071 2552 und
2112 2494 2263 2554 belehrte
2299 2495 2348 2555 die

945 2531 1352 2591 Krankenschwestern,
1378 2534 1507 2594 welche
1544 2537 1595 2597 die
1626 2540 1905 2600 Unglücklichen
1947 2540 1982 2600 zu
2019 2541 2184 2601 betreuen
2220 2545 2359 2605 hatten,

949 2579 1009 2639 daß
1042 2579 1102 2639 der
1125 2582 1246 2642 immer
1268 2582 1439 2642 fließende
1467 2586 1643 2646 Speichel,
1660 2588 1709 2648 die
1737 2588 1814 2648 stete
1842 2589 2002 2649 Sorgfalt
2024 2590 2112 2650 ihrer
2135 2593 2272 2653 Pflege,
2289 2593 2344 2653 der

945 2623 1118 2683 Pflegerin
1156 2631 1450 2691 verhängnisvoll
1477 2635 1613 2695 werden
1651 2636 1798 2696 konnte.
1825 2638 1898 2698 Aus
1930 2641 2061 2701 meinem
2109 2643 2351 2703 Pflegedienst

940 2674 966 2734 in
1004 2676 1056 2736 der
1078 2677 1209 2737 großen
1242 2682 1591 2742 Nervenheilanstalt
1613 2685 1765 2745 entsinne
1793 2686 1839 2746 ich
1867 2688 1951 2748 mich
1984 2689 2041 2749 des
2068 2692 2348 2752 Gehirngrippe¬

945 2725 1034 2785 saals
1065 2725 1125 2785 und
1161 2728 1216 2788 des
1247 2728 1386 2788 raschen
1423 2734 1679 2794 Aufflackerns,
1700 2736 1759 2796 das
1785 2737 1850 2797 uns
1875 2739 2137 2799 durchzuckte,
2158 2740 2253 2800 wenn
2289 2741 2348 2801 wir

939 2776 1091 2836 hörten:
1114 2777 1295 2837 „Wagner
1330 2779 1415 2839 oder
1444 2782 1630 2842 Economo
1665 2784 1772 2844 haben
1812 2784 1960 2844 gesagt,
1983 2789 2130 2849 daß...
2176 2791 2226 2851 Es
2255 2791 2339 2851 blieb

946 2823 1031 2883 doch
1064 2826 1189 2886 immer
1211 2826 1297 2886 noch
1330 2827 1389 2887 der
1417 2830 1611 2890 Schimmer
1639 2832 1703 2892 von
1736 2833 1941 2893 Hoffnung,
1964 2838 2023 2898 daß
2061 2838 2098 2898 an
2132 2838 2191 2898 dem
2235 2838 2353 2898 Sicch¬

936 2874 994 2934 tum
1042 2874 1222 2934 gründlich
1259 2877 1445 2937 geforscht
1472 2879 1614 2939 wurde.
1636 2883 1832 2943 Schnitzler
1865 2884 1959 2944 wäre
1986 2885 2076 2945 ohne
2114 2889 2352 2949 Maupassant

937 2922 987 2982 als
1013 2925 1297 2985 Voraussetzung
1328 2928 1535 2988 undenkbar
1561 2931 1743 2991 gewesen.
1759 2931 1855 2991 Aber
1876 2931 1910 2991 er
1931 2932 2007 2992 war
2033 2934 2088 2994 der
2114 2937 2352 2997 Maupassant

948 2972 1007 3032 von
1045 2973 1158 3033 Wien,
1180 2975 1244 3035 nur
1272 2977 1434 3037 gütiger,
1456 2979 1622 3039 leichter,
1644 2981 1704 3041 und
1742 2982 1973 3042 Beeinflusser
2007 2984 2098 3044 einer
2126 2988 2260 3048 ganzen
2298 2988 2351 3048 Li-

940 3023 1229 3083 teraturepoche.
1256 3024 1429 3084 Während
1483 3027 1545 3087 der
1588 3029 1783 3089 neunziger
1815 3032 1920 3092 Jahre
1968 3032 2025 3092 des
2057 3036 2204 3096 vorigen
2247 3037 2346 3097 Jahr-

940 3071 1112 3131 hunderts
1146 3072 1199 3132 bis
1238 3073 1302 3133 zum
1357 3075 1481 3135 Kriege
1524 3077 1708 3137 schilderte
1746 3079 1779 3139 er
1817 3080 1870 3140 die
1914 3082 2201 3142 Bürgerlichkeit
2234 3086 2347 3146 seiner

945 3119 1161 3179 Vaterstadt,
1183 3122 1258 3182 ihre
1296 3124 1447 3184 Mängel
1480 3125 1545 3185 und
1588 3126 1642 3186 ihr
1675 3128 1766 3188 tiefes
1804 3131 2215 3191 Bildungsfundament.
2237 3136 2339 3196 Dann

932 3173 1018 3233 griff
1046 3170 1083 3230 er
1117 3172 1241 3232 zurück
1285 3173 1311 3233 in
1350 3173 1403 3233 die
1442 3176 1658 3236 Geschichte
1696 3177 1761 3237 und
1799 3179 1934 3239 schrieb
1978 3182 2037 3242 den
2076 3185 2227 3245 „jungen
2271 3185 2346 3245 Me-

941 3221 1088 3281 dardus“
1126 3219 1178 3279 für
1210 3222 1331 3282 einen,
1358 3224 1415 3284 der
1442 3224 1494 3284 die
1532 3226 1752 3286 Vollendung
1795 3230 1889 3290 nicht
1922 3230 2021 3290 mehr
2054 3233 2190 3293 erleben
2227 3235 2348 3295 sollte,

940 3268 999 3328 der
1032 3268 1177 3328 biegsam
1232 3270 1301 3330 wie
1334 3272 1452 3332 Stahl,
1485 3274 1630 3334 lachend
1675 3276 1744 3336 wie
1783 3276 1830 3336 ein
1874 3280 2003 3340 junger
2042 3280 2133 3340 Gott
2171 3282 2235 3342 und
2284 3283 2343 3343 ab¬

932 3319 1085 3379 gründig
1128 3319 1190 3379 wie
1228 3319 1291 3379 nur
1328 3321 1375 3381 ein
1419 3324 1598 3384 Erkenner
1630 3325 1688 3385 des
1709 3327 1841 3387 Lebens
1878 3327 1974 3387 war:
1995 3330 2063 3390 Für
2096 3331 2195 3391 Josef
2217 3333 2349 3393 Kainz.

938 3367 990 3427 Ob
1033 3370 1232 3430 Schnitzler
1280 3370 1343 3430 und
1396 3373 1580 3433 Economo
1628 3375 1801 3435 einander
1844 3379 2002 3439 gekannt
2039 3379 2186 3439 haben?
2234 3382 2344 3442 Wohl

934 3417 1057 3477 kaum.
1093 3418 1170 3478 Der
1212 3421 1433 3481 Aristokrat,
1469 3424 1644 3484 Forscher
1691 3427 1757 3487 und
1804 3428 1983 3488 Aviatiker
2025 3429 2117 3489 hatte
2154 3430 2215 3490 mit
2262 3433 2318 3493 dem

931 3466 1033 3526 Arzte
1077 3468 1142 3528 und
1186 3468 1440 3528 Schriftsteller
1478 3473 1663 3533 jüdischer
1701 3474 1880 3534 Herkunft
1918 3478 2069 3538 geringe
2113 3480 2335 3540 persönliche

932 3516 1205 3576 Beziehungen.
1231 3518 1328 3578 Dazu
1370 3521 1483 3581 waren
1525 3521 1627 3581 beide
1664 3522 1700 3582 zu
1736 3526 2030 3586 zurückgezogen
2072 3528 2138 3588 und
2180 3530 2344 3590 wußten,

931 3566 994 3626 daß
1037 3566 1099 3626 das
1132 3564 1231 3624 Wort
1263 3570 1490 3630 Popularität
1522 3572 1585 3632 von
1622 3572 1743 3632 Pöbel
1771 3575 1933 3635 stammt.
1960 3576 2039 3636 Nur
2071 3576 2097 3636 in
2140 3578 2229 3638 einer
2256 3579 2340 3639 Hin-

934 3616 1023 3676 sicht
1056 3615 1167 3675 waren
1209 3617 1256 3677 sie
1289 3619 1452 3679 einander
1490 3621 1622 3681 gleich.
1649 3622 1680 3682 In
1718 3624 1935 3684 Schnitzlers
1973 3626 2099 3686 Drama
2137 3630 2221 3690 sagt
2253 3629 2337 3689 Otto

940 3662 1113 3722 Tressler:
1135 3666 1215 3726 „Die
1237 3667 1334 3727 Seele
1356 3669 1399 3729 ist
1421 3669 1464 3729 ein
1497 3669 1615 3729 weites
1637 3672 1723 3732 Land
1751 3672 1826 3732 ...“
1853 3675 2063 3735 Economo,
2080 3676 2139 3736 der
2161 3678 2339 3738 Gelehrte,

931 3713 994 3773 der
1021 3713 1179 3773 Flieger,
1201 3714 1321 3774 wollte
1360 3719 1533 3779 einziehen
1577 3719 1602 3779 in
1640 3719 1702 3779 das
1735 3720 1940 3780 Geheimnis
1979 3722 2036 3782 der
2068 3725 2343 3785 Individualität

937 3764 1001 3824 und
1032 3764 1087 3824 der
1107 3764 1283 3824 Sphären,
1299 3765 1429 3825 welche
1455 3767 1540 3827 hoch
1566 3767 1651 3827 über
1676 3770 1762 3830 oder
1782 3771 1877 3831 unter
1903 3773 2043 3833 unseren
2074 3775 2185 3835 armen
2215 3776 2330 3836 Augen

936 3814 1070 3874 liegen:
1087 3814 1264 3874 Vermöge
1292 3814 1345 3874 des
1378 3817 1620 3877 Miskroskops
1648 3818 1712 3878 und
1745 3819 1798 3879 des
1826 3824 2052 3884 Flugzeugs.
2068 3824 2143 3884 Sein
2171 3827 2327 3887 Herztod

931 3863 1002 3923 war
1031 3863 1085 3923 der
1113 3865 1179 3925 Tod
1214 3865 1268 3925 des
1296 3866 1428 3926 lkarus.
1451 3869 1667 3929 Schnitzler,
1684 3869 1744 3929 der
1772 3871 1794 3931 in
1828 3872 2015 3932 Professor
2038 3875 2243 3935 Bernhardi
2265 3875 2325 3935 und
