3392 4320
219 276 329 336 12.
392 282 990 342 Schnitzler's
1052 284 1284 344 Death

457 834 1172 894 OBSERVER

545 879 571 939 I.
586 882 704 942 österr.
718 894 864 954 behördl.
879 908 1180 968 konzessioniertes

498 925 734 985 Unternehmen
766 933 811 993 für
839 947 1224 1007 Zeitungs-Ausschnitte

538 984 689 1044 WIEN,
717 991 771 1051 I.,
793 1002 1081 1062 WOLLZEILE
1130 1014 1170 1074 11

639 1040 852 1100 TELEPHON
889 1055 1060 1115 R-23-0-43

428 1171 651 1231 Ausschnitt
679 1181 766 1241 aus:

438 1461 1222 1521 Kakarpy

613 1560 1002 1620 Tageszeitung

575 1619 639 1679 Die
668 1623 977 1683 meistgelesone
1011 1631 1324 1691 Internationale

574 1670 982 1730 Film-Fachzeltung.

574 1727 637 1787 Das
658 1727 805 1787 offizielle
825 1732 924 1792 Organ
944 1736 997 1796 des
1018 1736 1328 1796 Reichsverbandes

573 1780 756 1840 Doutscher
777 1785 1246 1845 Lichtspialtheaterbesitzer
1266 1787 1338 1847 E.V.

284 1852 521 1912 Verlag:
566 1854 722 1914 Berlin
760 1856 866 1916 W9,
892 1859 1116 1919 Köthener
1149 1858 1242 1918 Str.
1261 1861 1317 1921 37

970 1939 1058 1999 22.
1085 1941 1182 2001 OKI.
1207 1951 1313 2011 1931

282 1958 399 2018 Datum

436 2085 681 2145 Arthur
731 2088 1054 2148 Schnitzler

427 2160 552 2220 Arthur
591 2160 768 2220 Schnitzler
806 2160 852 2220 ist
890 2163 1034 2223 gestern,
1068 2166 1245 2226 neunund¬

368 2199 487 2259 sechzig
526 2199 645 2259 Jahre,
655 2201 716 2261 alt,
741 2202 774 2262 an
808 2199 898 2259 einem
942 2202 1132 2262 Herzschlag
1171 2205 1242 2265 ver¬

365 2237 531 2297 schieden.

424 2292 466 2352 Er
499 2294 541 2354 ist
569 2296 624 2356 der
658 2297 895 2357 Repräsentant
924 2297 1012 2357 eines
1045 2299 1152 2359 Wiens
1185 2301 1236 2361 der

374 2333 609 2393 Vorkriegszeit
629 2336 788 2396 gewesen,
807 2334 888 2394 eines
914 2337 1019 2397 Wiens
1043 2339 1106 2399 voll
1125 2342 1240 2402 Kultur

370 2375 428 2435 und
456 2375 638 2435 lächelnder
661 2375 884 2435 Melancholie,
903 2376 966 2436 voll
985 2380 1239 2440 resignierender

370 2414 636 2474 Ueberlegenheit
665 2414 725 2474 und
754 2416 955 2476 charmanter
984 2417 1128 2477 Skepsis,
1153 2420 1236 2480 eines

374 2449 488 2509 Wiens,
513 2452 632 2512 erfüllt
661 2452 718 2512 von
752 2455 847 2515 Liebe
881 2455 938 2515 und
977 2455 1100 2515 Musik.

421 2592 503 2652 Egon
535 2594 690 2654 Friedell,
706 2593 758 2653 der
779 2593 1147 2653 Doktor-Schauspieler
1174 2597 1230 2657 und

367 2632 666 2692 Wien-Philosoph,
687 2634 740 2694 hat
765 2634 789 2694 in
814 2633 917 2693 seiner
937 2634 1232 2694 Kulturgeschichte

364 2670 445 2730 über
464 2670 641 2730 Schnitzler
667 2672 790 2732 gesagt:
820 2673 959 2733 „Arthur
983 2673 1155 2733 Schnitzler
1180 2676 1237 2736 hat

364 2709 418 2769 das
459 2709 650 2769 Sittenstück
701 2710 759 2770 auf
801 2710 869 2770 eine
915 2711 1119 2771 menschliche
1165 2712 1224 2772 und

361 2746 591 2806 künstlerische
620 2750 712 2810 Höhe
736 2751 894 2811 gehoben,
914 2751 967 2811 wie
996 2751 1034 2811 sie
1064 2752 1111 2812 die
1136 2753 1236 2813 Fran¬

360 2786 450 2846 zosen
482 2787 531 2847 nie
559 2787 698 2847 erreicht
726 2790 842 2850 haben.

417 2842 507 2902 Seine
535 2841 639 2901 Wesen
671 2846 817 2906 bestehen
849 2849 930 2909 nicht
954 2849 1045 2909 mehr
1068 2849 1122 2909 aus
1145 2849 1231 2909 einer

359 2882 433 2942 oder
463 2882 546 2942 zwci
567 2882 697 2942 Scelen,
722 2885 855 2945 sondern
889 2886 943 2946 aus
977 2887 1064 2947 einem
1106 2889 1227 2949 ganzen

358 2922 679 2982 Gesellschaftsstaat
706 2924 759 2984 von
795 2922 919 2982 Seelen,
942 2924 995 2984 die
1022 2925 1080 2985 sich
1111 2926 1138 2986 in
1174 2926 1231 2986 un¬

356 2960 537 3020 ablässiger
574 2960 806 3020 Verschiebung
847 2963 906 3023 und
948 2964 1234 3024 Gegeneinander¬

355 3001 531 3061 bewegung
563 3002 717 3062 befinden
748 3003 805 3063 und
837 3002 973 3062 dennoch
1004 3003 1079 3063 stets
1106 3007 1150 3067 ein
1177 3007 1229 3067 ge¬

354 3041 567 3101 setzmäßiges
603 3041 661 3101 und
697 3041 959 3101 symmetrisches
990 3042 1128 3102 Gebilde
1160 3044 1230 3104 her¬

359 3078 568 3138 vorbringen,
592 3081 673 3141 ganz
711 3079 765 3139 wie
797 3079 824 3139 in
861 3081 948 3141 einem
994 3082 1236 3142 Kaleidoskop.

355 3116 417 3176 Und
449 3115 480 3175 er
502 3118 573 3178 hat,
596 3118 662 3178 was
685 3118 818 3178 hiermit
841 3120 894 3180 eng
921 3124 1232 3184 zusammenhängt.

359 3154 406 3214 den
445 3157 517 3217 Mut
546 3157 608 3217 und
642 3158 690 3218 die
724 3160 819 3220 Kraft
849 3157 1012 3217 besessen,
1036 3160 1060 3220 in
1099 3161 1146 3221 die
1176 3160 1233 3220 ge¬

356 3196 577 3256 heimnisvolle
610 3199 894 3259 Dunkelkammer
921 3198 969 3258 des
1001 3200 1223 3260 menschlichen

351 3235 676 3295 Unterbewußtseins
726 3238 991 3298 hinabzusteigen
1043 3238 1102 3298 und
1157 3241 1230 3301 dort

359 3271 423 3331 jene
470 3274 701 3334 bedeutsamen
757 3274 817 3334 und
877 3276 1215 3336 widerspruchsvollen

356 3315 681 3375 Verschränkungen.
706 3314 1012 3374 Rückbeziehungen
1047 3317 1103 3377 und
1133 3317 1228 3377 Pola¬

348 3351 463 3411 ritäten
508 3354 752 3414 aufzuspüren,
784 3355 877 3415 deren
922 3354 1224 3414 wissenschaftliche

349 3390 555 3450 Entdeckung
603 3393 659 3453 sich
706 3392 743 3452 an
791 3391 847 3451 den
894 3393 1016 3453 Namen
1064 3397 1219 3457 Sigmund

348 3429 472 3489 Freuds
501 3432 645 3492 knüpft;
669 3432 702 3492 er
731 3432 789 3492 hat
813 3432 932 3492 bereits
962 3432 995 3492 zu
1029 3433 1115 3493 einer
1149 3436 1225 3496 Zeit,

344 3464 389 3524 wo
422 3467 509 3527 diese
542 3470 661 3530 Lehren
704 3470 772 3530 noch
809 3470 836 3530 im
888 3470 1021 3530 Werden
1059 3473 1219 3533 begriffen

346 3503 471 3563 waren,
493 3506 542 3566 die
574 3509 836 3569 Psychoanalyse
873 3511 1113 3571 dramatisiert.
1149 3510 1215 3570 Und

344 3542 374 3602 er
396 3543 456 3603 hat
478 3545 499 3605 in
530 3548 634 3608 seinen
665 3548 825 3608 Romanen
860 3548 916 3608 und
947 3551 1215 3611 Theaterstücken

353 3584 400 3644 las
420 3584 501 3644 Wien
531 3585 583 3645 des
608 3587 660 3647 Fin
685 3589 718 3649 de
733 3587 824 3647 siècle
848 3588 1055 3648 eingefangen
1089 3591 1146 3651 und
1171 3592 1218 3652 für

344 3626 468 3686 spätere
505 3629 727 3689 Geschlechter
758 3629 981 3689 konserviert:
1017 3634 1083 3694 cine
1120 3637 1217 3697 ganze

349 3663 439 3723 Stadt
458 3666 517 3726 mit
531 3666 617 3726 ihrer
640 3668 826 3728 cinmaligen
850 3670 981 3730 Kultur,
1000 3670 1054 3730 mit
1068 3670 1122 3730 dem
1159 3673 1209 3733 von

338 3700 385 3760 ihr
425 3706 603 3766 genährten
656 3707 717 3767 und
761 3707 983 3767 entwickelten
1036 3710 1223 3770 Menschen¬

343 3745 467 3805 schlag,
489 3745 546 3805 wie
573 3743 604 3803 er
631 3746 688 3806 sich
720 3746 746 3806 in
773 3746 861 3806 einem
902 3750 1106 3810 bestimmten
1137 3752 1221 3812 Zeit¬

344 3783 448 3843 punkt
476 3781 530 3841 der
558 3784 649 3844 Reife
681 3786 740 3846 und
772 3784 959 3844 Ueberreife
991 3790 1150 3850 auslebte,
1174 3792 1214 3852 ist

345 3823 366 3883 in
393 3822 483 3882 ihnen
518 3823 665 3883 klingend
696 3826 756 3886 und
783 3826 947 3886 leuchtend
973 3829 1163 3889 geworden.

400 3878 442 3938 Er
469 3878 527 3938 bat
549 3880 655 3940 damit
677 3879 777 3939 etwas
799 3882 964 3942 Analoges
991 3885 1135 3945 geleistet
1162 3888 1214 3948 wie

348 3918 483 3978 Nestroy
509 3919 558 3979 für
584 3919 639 3979 das
670 3917 749 3977 Wien
780 3920 830 3980 des
856 3921 1026 3981 Vormärz.

1499 285 1625 345 box
1705 288 1887 348 42/7

2529 134 2593 194 o

2272 147 2416 207 WIEN.

2366 190 2577 250 TELEPHON
2617 184 2789 244 R-23-0-43

2173 340 2398 400 Affsschnitt
2428 330 2520 390 aus:

2345 433 2747 493 MSL-

2189 563 2300 623 vom:

2598 583 2691 643 22.
2712 582 2843 642 UK1.
2872 576 2947 636 195

2180 733 3003 793 Arthur-Schnitzler1

2657 795 2759 855 Wien,
2778 801 2829 861 21.
2839 803 2996 863 Oktober.

2222 840 2339 900 Arthur
2380 843 2564 903 Schnitzler
2609 848 2653 908 ist
2690 851 2789 911 heute
2834 855 2932 915 abend
2982 858 3017 918 um

2170 883 2221 943 ½7
2245 882 2305 942 Uhr
2334 888 2417 948 einem
2455 891 2670 951 Schlaganfall
2690 896 2834 956 erlegen.
2849 903 3021 963 Schnitzler

2163 930 2279 990 machte
2315 932 2386 992 noch
2426 935 2448 995 in
2485 936 2538 996 der
2569 939 2904 999 Nachmittagsstunde
2936 948 3021 1008 oinen

2161 975 2392 1035 Spaziorgang.
2437 982 2495 1042 Als
2526 981 2557 1041 er
2589 982 2615 1042 in
2651 985 2736 1045 seine
2772 989 2937 1049 Wohnung
2977 993 3030 1053 zu¬

2163 1016 2375 1076 rückkehrte,
2403 1023 2525 1083 stürzte
2558 1025 2589 1085 er
2626 1031 2770 1091 plötzlich
2807 1034 2866 1094 vom
2907 1037 3020 1097 Schlag

2156 1062 2294 1122 gerührt
2320 1065 2492 1125 bewußtlos
2522 1073 2716 1133 zusammen.
2756 1077 2798 1137 Er
2820 1080 2923 1140 Starb,
2945 1082 3022 1142 ohne

2160 1105 2215 1165 das
2267 1112 2472 1172 Bewußtsein
2529 1120 2772 1180 wiedererlangt
2820 1126 2858 1186 zu
2910 1130 3025 1190 haben.

2161 1153 2338 1213 Schnitzler
2384 1158 2465 1218 wäre
2516 1162 2543 1222 im
2603 1164 2666 1224 Maj
2708 1169 2857 1229 nächsten
2908 1174 3021 1234 Jahres

2167 1193 2191 1253 70
2227 1198 2322 1258 Jhre
2358 1202 2408 1262 alt
2434 1206 2620 1266 geworden.
2666 1211 2731 1271 Aus
2762 1213 2867 1273 diesem
2918 1219 3013 1279 Anlaß

2161 1242 2258 1302 warpp
2291 1246 2314 1306 in
2342 1249 2505 1309 mehreren
2539 1254 2660 1314 Wiener
2688 1258 2842 1318 Theatern
2875 1264 3024 1324 Festauf¬

2157 1290 2335 1350 führungen
2368 1297 2471 1357 seiner
2499 1300 2616 1360 Stücke
2645 1306 2790 1366 geplant.

2225 1441 2285 1501 Mt
2324 1449 2462 1509 Arthur
2494 1455 2693 1515 Schnitzler
2732 1460 2917 1520 scheidet,
2941 1463 3016 1523 eine

2152 1491 2373 1551 Hauptfigur
2417 1495 2475 1555 des
2514 1499 2756 1559 literarischen
2799 1507 3014 1567 Vorkriegs¬

2157 1530 2251 1590 Wien
2289 1537 2346 1597 aus
2384 1537 2442 1597 dem
2490 1542 2621 1602 Leben.
2669 1547 2731 1607 Die
2770 1553 3006 1613 Anregungen

2150 1576 2207 1636 des
2265 1580 2302 1640 um
2365 1586 2542 1646 Hermann
2590 1590 2686 1650 Bahr
2734 1596 3006 1656 versammelten

2152 1624 2314 1684 Kreises,
2349 1628 2403 1688 die
2443 1634 2787 1694 Revolutionierung
2837 1642 3014 1702 goistiger

2148 1670 2394 1730 Beziehungen
2441 1675 2508 1735 mit
2544 1678 2606 1738 dem
2653 1682 2745 1742 Blick
2786 1685 2848 1745 auf
2874 1688 3012 1748 Frank¬

2150 1715 2263 1775 reichs
2288 1720 2553 1780 schöpferische
2583 1724 2711 1784 Kräfte
2736 1729 2863 1789 fanden
2898 1733 2922 1793 in
2957 1733 3011 1793 der

2151 1760 2437 1820 Persönlichkeit
2457 1767 2517 1827 des
2543 1771 2668 1831 jungen
2704 1773 2829 1833 Arztes
2855 1778 3015 1838 Schnitz¬

2148 1802 2199 1862 ler
2230 1808 2349 1868 reiche
2386 1812 2597 1872 Erfüllung.
2644 1816 2696 1876 Er
2732 1818 2824 1878 hatte
2867 1821 2933 1881 sich
2980 1822 3005 1882 in

2143 1844 2202 1904 der
2232 1852 2488 1912 Skizzenreihe
2528 1858 2719 1918 „Anatole“
2755 1863 2818 1923 auf
2849 1865 2907 1925 den
2947 1867 3015 1927 Be¬

2144 1892 2201 1952 ruf
2235 1892 2292 1952 des
2331 1900 2579 1960 Dramatikers
2618 1906 2837 1966 vorbereitet
2871 1911 2933 1971 und
2972 1912 3000 1972 in

2144 1934 2204 1994 den
2235 1941 2391 2001 Figuren
2422 1946 2478 2006 des
2509 1948 2757 2008 jugendlichen
2788 1957 3010 2017 Bonvivants

2144 1984 2292 2044 Anatole
2330 1986 2393 2046 und
2430 1989 2488 2049 des
2521 1992 2578 2052 ihn
2616 1997 2859 2057 begleitenden
2897 2003 3007 2063 Räso¬

2139 2028 2223 2088 närs
2261 2031 2377 2091 Typen
2415 2034 2472 2094 der
2510 2037 2653 2097 Wiener
2685 2042 2823 2102 Jugend
2861 2047 2924 2107 auf
2951 2049 3003 2109 die

2146 2076 2265 2136 Bühne
2292 2079 2481 2139 gebracht,
2498 2082 2552 2142 die
2580 2083 2650 2143 sich
2683 2086 2741 2146 von
2775 2091 2996 2151 Konvention

2145 2118 2202 2178 und
2240 2126 2585 2186 gesellschaftlicher
2617 2131 2781 2191 Bindung
2818 2136 2844 2196 in
2877 2139 2987 2199 freiem

2139 2166 2295 2226 Umgang
2328 2169 2393 2229 mit
2415 2169 2474 2229 der
2501 2174 2755 2234 Weiblichkeit
2778 2179 2912 2239 ablöst.
2940 2182 3009 2242 Er¬

2144 2209 2372 2269 finderischer
2405 2213 2513 2273 Geist
2552 2218 2616 2278 und
2650 2222 2877 2282 sprühender
2911 2225 3003 2285 Witz

2139 2255 2241 2315 gaben
2288 2255 2406 2315 diesem
2464 2260 2674 2320 neuartigem
2721 2268 2886 2328 Schaffen
2938 2270 3000 2330 das

2139 2297 2268 2357 Relief.
2325 2300 2403 2360 Das
2455 2304 2485 2364 in
2543 2306 2662 2366 dieser
2714 2313 2999 2373 lebenslustigen

2138 2342 2268 2402 Sphäre
2317 2345 2518 2405 wurzelnde
2551 2351 2692 2411 ,tiefere
2730 2357 2876 2417 Problem
2937 2360 3001 2420 hat

2135 2390 2330 2450 Schnitzler
2356 2390 2380 2450 in
2411 2394 2526 2454 seinem
2567 2398 2667 2458 durch
2693 2403 2989 2463 volkstümlichen

2134 2432 2203 2492 Ton
2244 2437 2476 2497 erfreuenden
2517 2443 2647 2503 Drama
2688 2446 2890 2506 „Liebelei“
2930 2452 3000 2512 tra¬

2138 2476 2225 2536 gisch
2262 2480 2536 2540 ausgeschöpft.
2573 2488 2619 2548 Es
2651 2491 2785 2551 machte
2816 2492 2867 2552 ihn
2905 2493 3002 2553 welt-

2132 2524 2295 2584 berühmt
2330 2526 2393 2586 und
2433 2530 2645 2590 ermunterte
2680 2534 2734 2594 ihn
2789 2537 2828 2597 zu
2878 2542 2976 2602 einem

2137 2572 2368 2632 produktiven
2415 2577 2580 2637 Schaffen
2627 2578 2688 2638 für
2730 2579 2792 2639 das
2828 2584 2998 2644 Theater.

2133 2614 2176 2674 Er
2198 2616 2262 2676 hat
2285 2617 2360 2677 eine
2388 2620 2495 2680 große
2523 2623 2664 2683 Anzahl
2686 2625 2745 2685 von
2773 2630 2924 2690 Motiven
2952 2634 2984 2694 ip

2128 2660 2334 2720 szenischer
2368 2664 2455 2724 Form
2504 2670 2764 2730 abgewandelt.

2204 2726 2399 2786 Schnitzler
2449 2733 2590 2793 Schrieb
2645 2734 2672 2794 in
2716 2736 2852 2796 dichter
2890 2739 2998 2799 Folge

2137 2772 2413 2832 Sittenstudien,
2434 2775 2645 2835 Komödien,
2661 2781 2892 2841 romantische
2918 2780 3003 2840 Tra-

2137 2814 2288 2874 gödfen,
2339 2821 2729 2881 Gesellschaftsstücke
2790 2828 2855 2888 und
2922 2829 2997 2889 eine

2133 2860 2238 2920 Reihe
2292 2864 2358 2924 von
2417 2867 2628 2927 Einaktern.
2672 2868 2739 2928 Dio
2792 2871 2993 2931 Erlebnisse

2128 2906 2297 2966 zwischen
2328 2909 2428 2969 Mann
2458 2912 2517 2972 und
2548 2912 2633 2972 Frau
2663 2917 2777 2977 bilden
2808 2918 2858 2978 die
2888 2920 3002 2980 Kern¬

2133 2954 2263 3014 punkte
2292 2955 2407 3015 seiner
2437 2959 2706 3019 psychologisch
2740 2965 2990 3025 vergrübelten

2138 2999 2474 3059 Untersuchungen,
2517 3004 2572 3064 die
2615 3007 2810 3067 zuweilen,
2848 3011 2908 3071 wie
2956 3011 2983 3071 im

2136 3044 2333 3104 „Einsamen
2394 3045 2497 3105 Weg“
2547 3049 2587 3109 an
2642 3050 2740 3110 Ibsen
2796 3055 2993 3115 gemahnen

2131 3088 2266 3148 lassen.
2310 3090 2343 3150 In
2373 3090 2493 3150 seinem
2537 3094 2748 3154 Schauspiel
2773 3100 2864 3160 „Das
2899 3100 2995 3160 weite

2131 3133 2245 3193 Land“
2284 3133 2375 3193 hatte
2414 3133 2447 3193 er
2481 3137 2557 3197 eine
2591 3140 2696 3200 Reihe
2735 3141 2797 3201 von
2836 3145 2998 3205 Erschei¬

2131 3178 2265 3238 nungen
2319 3179 2381 3239 der
2439 3182 2579 3242 Wiener
2637 3190 2988 3250 gesellschaftlichen

2129 3224 2356 3284 Oberschicht
2382 3227 2444 3287 mit
2469 3229 2585 3289 Laune
2614 3230 2677 3290 und
2707 3233 2784 3293 sehr
2814 3236 2886 3296 viel
2911 3235 2997 3295 Ver¬

2133 3267 2283 3327 ständnis
2344 3269 2405 3329 für
2457 3275 2790 3335 sentimentalische
2852 3282 3002 3342 Hinter-

2130 3312 2258 3372 gründe
2293 3316 2553 3376 eingefangen.
2603 3321 2681 3381 Sein
2716 3323 2843 3383 Drama
2888 3326 2995 3386 “Pro¬

2121 3357 2237 3417 fessor
2288 3361 2531 3421 Bernhardi“,
2573 3366 2628 3426 oft
2675 3366 2852 3426 gespielt,
2893 3372 2994 3432 trägt

2128 3402 2220 3462 einen
2257 3406 2411 3466 sozialen
2448 3408 2618 3468 Konflikt
2654 3414 2994 3474 temperamentvoll

2117 3447 2201 3507 aus.
2246 3450 2320 3510 Der
2374 3453 2517 3513 „Grüne
2573 3455 2721 3515 Kakadu
2805 3459 2869 3519 und
2929 3460 2992 3520 der

2124 3494 2257 3554 „Junge
2287 3497 2489 3557 Medardus“
2519 3500 2652 3560 greifen
2687 3502 2751 3562 auf
2776 3505 2988 3565 historische

2121 3535 2231 3595 Stoffo
2261 3539 2414 3599 zurück.
2434 3543 2500 3603 Der
2530 3545 2755 3605 Dramatiker
2785 3551 2986 3611 Schnitzler

2117 3581 2214 3641 hatte
2241 3584 2313 3644 viel
2339 3586 2447 3646 Witz,
2463 3588 2535 3648 viel
2557 3589 2690 3649 Farbe,
2707 3592 2784 3652 viel
2805 3595 2991 3655 Empfind¬

2116 3626 2274 3686 samkeit
2312 3628 2372 3688 und
2424 3632 2452 3692 in
2499 3633 2615 3693 seinen
2663 3635 2779 3695 besten
2826 3642 2975 3702 Stücken

2121 3670 2240 3730 starke
2275 3676 2665 3736 Durchschlagskraft.

2181 3720 2398 3780 Schnitzlers
2428 3724 2621 3784 erotischer
2651 3727 2779 3787 Zirkel
2804 3730 2981 3790 „Reigen“

2119 3763 2182 3823 war
2215 3764 2442 3824 Gegenstand
2479 3769 2575 3829 eines
2608 3771 2739 3831 großen
2776 3775 2990 3835 Prozesses,

2114 3808 2143 3868 in
2177 3808 2331 3868 welchem
2375 3813 2442 3873 sich
2482 3814 2689 3874 kuragierte
2723 3817 2844 3877 Kunst
2868 3820 2979 3880 gegen

2118 3854 2347 3914 reaktionäre
2374 3859 2656 3919 Anschauungen
2688 3862 2723 3922 zu
2754 3865 2974 3925 verteidigen

2114 3897 2224 3957 hatte.
2270 3899 2315 3959 Es
2356 3903 2487 3963 gelang
2533 3906 2685 3966 damals,
2711 3906 2761 3966 die
2802 3909 2978 3969 Vorstöße

2117 3945 2224 4005 gegen
2256 3945 2405 4005 geistige
2431 3952 2812 4012 Bowegungsfreiheit
2834 3957 2895 4017 mit
2916 3956 2983 4016 Er¬

2112 3990 2184 4050 folg
2218 3991 2595 4051 zurückzuschlagen.

2177 4034 2377 4094 Schnitzler
2413 4037 2483 4097 war
2514 4041 2599 4101 auch
2635 4041 2684 4101 ein
2725 4042 2795 4102 fein
2831 4047 2981 4107 organi¬

2114 4076 2244 4136 sierter
2270 4079 2426 4139 Epiker.
2462 4082 2512 4142 Zu
2548 4085 2678 4145 Beginn
2709 4088 2830 4148 seines
2856 4091 2981 4151 Schaf-

2116 4122 2189 4182 fens
2219 4124 2317 4184 steht
2348 4125 2406 4185 der
2441 4128 2564 4188 Roman
2599 4133 2711 4193 „Frau
2746 4133 2854 4193 Berta
2889 4136 2976 4196 Gar¬

2113 4168 2216 4228 lan".

2258 4167 2331 4227 Der
2371 4175 2518 4235 Dichter
2558 4178 2833 4238 durchleuchtet
2873 4183 2965 4243 darin
