3392 4384
1443 390 1581 450 box
1666 396 1862 456 43/1

177 393 297 453 12.
359 396 948 456 Schnitzler's
1020 393 1253 453 Death

410 2018 598 2078 muhungen
635 2017 700 2077 und
730 2019 918 2079 diejenigen
948 2022 1049 2082 ohtes
1086 2026 1216 2086 Lunves
1246 2025 1361 2085 uner¬
1384 2028 1457 2088 uuf
1487 2029 1667 2089 aufwsung
1697 2031 1755 2091 des
1785 2032 1980 2092 Landtages
2010 2035 2074 2095 mit
2104 2039 2140 2099 34
2170 2041 2263 2101 gegen

407 2062 562 2122 brochen.
588 2063 712 2123 Unsere
738 2062 847 2122 beiden
873 2065 992 2125 großen
1024 2068 1251 2128 Demokratien
1283 2070 1365 2130 müs¬

1392 2072 1558 2132 Stimmen
1591 2076 1788 2136 abgelehnt.

2375 2078 2416 2138 ab
2439 2080 2503 2140 und
2525 2082 2684 2142 verbuchte
2708 2083 2739 2143 sie
2772 2085 2815 2145 als
2848 2089 3146 2149 Geschäftsunkotent.

415 2143 530 2203 Alter,
548 2143 588 2203 ist
606 2144 709 2204 Duell
733 2143 796 2203 und
826 2145 907 2205 Tod.
937 2146 1115 2206 Schnitzler
1139 2149 1260 2209 schlägt
1284 2152 1358 2212 diese

1402 2152 1601 2212 Einaktern,
1624 2154 1654 2214 in
1687 2156 1856 2216 einzelnen
1900 2158 2015 2218 Akten,
2038 2159 2068 2219 in
2101 2160 2238 2220 subtilen
2282 2161 2344 2221 De=
2367 2161 2450 2221 sich.
2472 2163 2546 2223 Der
2569 2163 2673 2223 junge
2706 2166 2832 2226 Mann,
2855 2169 2906 2229 der
2940 2169 3077 2229 ohnehin
3110 2172 3161 2232 ein
3194 2174 3309 2234 blasses

407 2187 610 2247 Leitmotive
632 2187 712 2247 schon
750 2187 776 2247 in
809 2187 910 2247 seinen
942 2190 1038 2250 ersten
1071 2193 1274 2253 Dichtungen
1307 2195 1365 2255 an,

1391 2196 1493 2256 tails,
1521 2199 1579 2259 wie
1607 2199 1644 2259 sie
1671 2199 1752 2259 etwa
1785 2199 1843 2259 das
1876 2202 2242 2262 „Casanova"=Drama
2275 2204 2334 2264 mit
2361 2206 2490 2266 Gesicht
2523 2206 2598 2266 hat,
2625 2208 2662 2268 ist
2695 2209 2765 2269 noch
2798 2211 2867 2271 eine
2900 2214 3136 2274 Schattierung
3175 2217 3309 2277 bleichen

408 2229 467 2289 hat
484 2231 522 2291 sie
544 2230 571 2290 in
599 2232 768 2292 „Anatol“
796 2233 855 2293 und
883 2233 1068 2293 „Liebelei“
1096 2238 1172 2298 reich
1200 2238 1259 2298 und
1282 2238 1363 2298 dich¬

1391 2239 1496 2299 seiner
1518 2241 1697 2301 prächtigen
1730 2244 2106 2304 Rokoko=Ornamentik
2128 2248 2276 2308 enthält.
2292 2250 2334 2310 In

2365 2250 2559 2310 geworden.
2592 2250 2667 2310 Das
2700 2253 2851 2313 Mädchen
2889 2258 2958 2318 läßt
2986 2259 3039 2319 den
3078 2259 3185 2319 Mund
3218 2260 3299 2320 offen

406 2274 514 2334 terisch
537 2275 732 2335 entwickelt.
749 2277 786 2337 Im
825 2277 1015 2337 „Reigen“,
1032 2280 1129 2340 dieser
1152 2280 1243 2340 heute
1266 2280 1292 2340 so
1315 2280 1363 2340 be¬

1389 2281 1487 2341 seinen
1529 2286 1632 2346 letzten
1669 2287 1929 2347 Prosawerken,
1951 2287 2007 2347 der
2039 2289 2174 2349 Novelle
2211 2293 2335 2353 „Fräu¬

2369 2292 2492 2352 stehen.
2528 2295 2575 2355 In
2624 2295 2723 2355 diesem
2771 2299 2971 2359 Augenblick
3002 2301 3084 2361 sieht
3120 2304 3173 2364 die
3209 2307 3308 2367 ganze

398 2319 579 2379 rüchtigten
607 2319 848 2379 Szenenfolge,
865 2321 920 2381 hat
943 2322 997 2382 der
1019 2325 1167 2385 erotische
1190 2325 1365 2385 Pessimis¬

1397 2328 1453 2388 lein
1488 2328 1601 2388 Else",
1624 2331 1675 2391 die
1704 2331 1873 2391 eigentlich
1908 2331 1953 2391 ein
1993 2334 2333 2394 Einakter=Monolog

2367 2337 2588 2397 Gesellschaft,
2616 2337 2680 2397 wie
2713 2340 2773 2400 von
2816 2343 2908 2403 einer
2941 2346 3087 2406 Ahnung
3126 2347 3303 2407 durchzuckt

407 2361 475 2421 mus
513 2363 565 2423 des
597 2364 718 2424 jungen
756 2364 903 2424 Dichters
935 2366 1040 2426 seinen
1077 2367 1225 2427 stärksten
1262 2370 1351 2430 Aus=
1384 2370 1441 2430 ist,
1452 2371 1515 2431 und
1537 2371 1589 2431 dem
1626 2375 1884 2435 umfangreichen
1911 2375 2037 2435 Roman
2064 2377 2238 2437 „Therese“
2265 2380 2333 2440 wis=
2365 2381 2428 2441 auf
2449 2381 2502 2441 den
2534 2382 2813 2442 Eingetretenen.
2829 2387 2903 2447 Das
2924 2388 3071 2448 Flüstern
3109 2390 3298 2450 verstummt

404 2408 490 2468 druck
512 2408 696 2468 gefunden,
713 2407 744 2467 es
772 2405 810 2465 ist
832 2406 875 2466 ein
908 2411 1185 2471 melancholischer
1212 2414 1358 2474 „Toten=
1386 2414 1434 2474 sen
1462 2414 1553 2474 solche
1582 2417 1776 2477 Einzelzüge
1798 2419 1917 2479 immer
1939 2421 2058 2481 wieder
2081 2423 2113 2483 zu
2140 2423 2243 2483 fesseln
2276 2423 2329 2483 und

2366 2423 2426 2483 das
2454 2426 2580 2486 Lächeln
2614 2429 2769 2489 erstarrt.
2797 2430 3007 2490 Schweigen.
3036 2433 3107 2493 Auf
3135 2435 3212 2495 allen
3246 2435 3306 2495 Ge¬

406 2452 487 2512 tanz
515 2450 569 2510 der
602 2450 737 2510 Liebe“,
759 2450 857 2510 dessen
896 2453 1009 2513 Motto
1042 2453 1101 2513 das
1135 2454 1238 2514 Wort
1271 2457 1363 2517 Mei=
1396 2461 1428 2521 zu
1461 2459 1623 2519 entzücken

2366 2467 2489 2527 sichtern
2535 2470 2614 2530 steht
2648 2469 2693 2529 die
2727 2474 2862 2534 Frage:
2891 2477 2975 2537 Was
3010 2475 3077 2535 ist?
3134 2477 3224 2537 Aber
3270 2477 3297 2537 in

406 2494 469 2554 ster
491 2495 645 2555 Eckhards
672 2495 730 2555 sein
757 2495 895 2555 könnte:
916 2498 996 2558 „Die
1018 2498 1160 2558 Wollust
1183 2501 1235 2561 der
1257 2501 1368 2561 Krea¬

1427 2502 1545 2562 Einige
1569 2504 1657 2564 Tage
1681 2504 1740 2564 vor
1758 2504 1953 2564 Schnitzlers
1977 2507 2041 2567 Tod
2067 2508 2237 2568 verschickte
2262 2510 2320 2570 sein
2356 2513 2586 2573 Wirklichkeit
2622 2514 2717 2574 wagt
2759 2519 2918 2579 niemand
2972 2520 3007 2580 zu
3055 2524 3190 2584 fragen.
3238 2520 3308 2580 Der

411 2540 501 2600 turen
528 2540 565 2600 ist
582 2540 773 2600 vermenget
795 2540 853 2600 mit
870 2541 1088 2601 Bitterkeit".
1115 2543 1173 2603 Die
1195 2546 1365 2606 Tendenz¬

1393 2543 1514 2603 Verlag
1554 2547 1614 2607 (S.
1626 2549 1763 2609 Fischer)
1797 2549 1846 2609 ein
1886 2549 1990 2609 neues
2024 2552 2123 2612 Werk
2152 2552 2206 2612 des
2240 2555 2334 2615 Mei¬

2370 2555 2473 2615 Mann
2507 2555 2571 2615 mit
2591 2558 2643 2618 der
2669 2559 2766 2619 hohen
2793 2563 2891 2623 Stirn
2918 2564 2995 2624 nickt
3015 2565 3106 2625 ernst
3126 2567 3184 2627 und
3211 2567 3307 2627 bricht

412 2583 566 2643 dramen,
589 2583 632 2643 die
660 2583 726 2643 nun
760 2585 886 2645 folgen,
903 2585 1041 2645 widmen
1074 2587 1123 2647 sich
1152 2585 1206 2645 der
1235 2587 1361 2647 Gesell=
1384 2588 1493 2648 sters:
1511 2591 1642 2651 „Flucht
1665 2590 1686 2650 in
1715 2590 1764 2650 die
1787 2593 2018 2653 Finsternis“,
2029 2594 2078 2654 die
2101 2594 2266 2654 Geschichte
2289 2596 2332 2656 ei=
2366 2597 2426 2657 das
2465 2599 2680 2659 Schweigen:

412 2625 622 2685 schaftskritik
644 2626 708 2686 und
736 2627 838 2687 finden
871 2627 941 2687 ihre
963 2629 1065 2689 höher
1087 2629 1233 2689 stehende
1260 2631 1357 2691 Fort=
1386 2630 1450 2690 ner
1477 2635 1844 2695 Zwangsvorstellung,
1867 2637 1936 2697 eine
1959 2638 2153 2698 Erzählung
2180 2640 2239 2700 aus
2267 2639 2315 2699 dem

2405 2644 2503 2704 „Sie
2525 2646 2701 2706 müssen
2730 2648 2956 2708 aufalles
2978 2653 3289 2713 gefaßtsein.

415 2671 531 2731 setzung
559 2671 586 2731 in
614 2671 747 2731 Werken
781 2671 841 2731 wie
869 2674 1152 2734 „Zwischenspiel“
1180 2675 1240 2735 und
1269 2677 1357 2737 „Das

1391 2679 1612 2739 Grenzgebiet
1665 2678 1808 2738 zwischen
1872 2683 2204 2743 Selbstbestimmung
2268 2685 2326 2745 und

2398 2684 2452 2744 Er
2481 2686 2558 2746 sieht
2586 2689 2636 2749 sich
2664 2689 2713 2749 die
2747 2692 2852 2752 beiden
2886 2692 3007 2752 jungen
3047 2695 3146 2755 Leute
3175 2697 3235 2757 an,
3258 2697 3307 2757 die

411 2713 506 2773 weite
528 2713 661 2773 Land“,
683 2715 730 2775 die
758 2714 811 2774 der
833 2716 1008 2776 modernen
1041 2716 1248 2776 Gesellschaft
1270 2719 1365 2779 wirk¬

1393 2722 1543 2782 Schicksal
1566 2722 1654 2782 eines
1683 2725 1871 2785 Menschen.

2354 2730 2472 2790 ratlos
2506 2731 2559 2791 vor
2582 2733 2630 2793 ihm
2674 2734 2798 2794 stehen,
2820 2737 2890 2797 hebt
2918 2737 2971 2797 den
3005 2740 3216 2800 Zeigefinger
3243 2739 3302 2799 und

1958 2740 2026 2800 Dr.
2047 2740 2135 2800 Paul
2156 2743 2312 2803 Landau¬

412 2758 461 2818 lich
496 2758 584 2818 einen
624 2758 869 2818 Sittenspiegel
897 2761 1097 2821 vorhalten.
1131 2764 1215 2824 Hier
1243 2764 1365 2824 erliegt

2365 2773 2456 2833 fährt
2490 2776 2575 2836 fort:
2608 2776 2706 2836 „Wir
2739 2779 2830 2839 sahen
2868 2779 2922 2839 den
2960 2782 3122 2842 Stewart
3155 2785 3214 2845 auf
3247 2785 3295 2845 den

407 2803 460 2863 der
482 2803 625 2863 Dichter,
642 2802 737 2862 dessen
764 2804 881 2864 passive
903 2803 1025 2863 Skepsis
1052 2804 1105 2864 der
1127 2806 1356 2866 dramatischen

2367 2817 2491 2877 Kpitän
2509 2820 2701 2880 zurennen:
2737 2821 2804 2881 Das
2827 2824 2929 2884 Schiff
2946 2823 2980 2883 ist
2997 2823 3081 2883 leck!“
3123 2827 3167 2887 In
3196 2826 3286 2886 diesem

1386 2832 1488 2892 Die
1530 2832 1652 2892 letzte
1684 2838 1880 2898 Stunde
1922 2840 2014 2900 hat
2056 2842 2312 2902 geschlagen

411 2844 628 2904 Spannkraft
644 2844 815 2904 entbehrt,
831 2844 1003 2904 bisweilen
1029 2847 1079 2907 dem
1120 2847 1261 2907 Streben
1292 2850 1357 2910 nadh

2361 2862 2561 2922 Augenblick
2578 2865 2718 2925 springen
2746 2865 2848 2925 einige
2871 2868 2989 2928 Damen
3017 2869 3076 2929 und
3098 2868 3222 2928 Herren
3261 2871 3287 2931 im

411 2887 479 2947 rein
517 2889 761 2949 theatralischer
793 2889 974 2949 Wirkung,
996 2892 1048 2952 die
1075 2892 1128 2952 ihm
1176 2892 1213 2952 am
1261 2893 1356 2953 besten

1618 2889 1687 2949 Von
1723 2889 1885 2949 Illiés
1915 2893 2100 2953 Kaczér

2356 2907 2588 2967 Hintergrund
2611 2906 2671 2966 auf
2689 2907 2743 2967 und
2766 2910 2871 2970 fragen
2899 2912 3026 2972 erregt:
3060 2913 3220 2973 „Werden
3243 2913 3303 2973 wir

412 2934 438 2994 im
488 2931 640 2991 „Grünen
679 2931 836 2991 Kakadu“
869 2934 1033 2994 gelungen
1071 2935 1125 2995 ist.
1158 2938 1239 2998 Auch
1278 2937 1359 2997 seine

1429 2932 1495 2992 Die
1529 2938 1649 2998 jungen
1689 2938 1815 2998 Damen
1865 2940 1926 3000 und
1960 2940 2086 3000 Herren
2131 2943 2213 3003 sitzen
2264 2945 2324 3005 und
2364 2948 2617 3008 untergehen?“
2651 2951 2722 3011 Der
2745 2953 2827 3013 Herr
2856 2953 2955 3013 macht
2978 2955 3049 3015 eine
3077 2956 3303 3016 unbestimmte

404 2976 527 3036 neusten
576 2976 824 3036 Berufsstücke,
851 2976 915 3036 das
959 2979 1190 3039 vielgespielte
1234 2982 1351 3042 Aerzte

1391 2979 1575 3039 plaudern.
1619 2982 1699 3042 Man
1738 2985 1867 3045 erzählt
1906 2985 1954 3045 sich
1987 2987 2203 3047 Geschichten,
2237 2989 2339 3049 macht

2362 2994 2673 3054 Handbewegung:
2719 2998 2815 3058 „Das
2855 2997 2934 3057 kann
2986 3000 3059 3060 man
3111 3000 3184 3060 noch
3224 3003 3308 3063 nicht

409 3021 527 3081 drama
566 3021 755 3081 „Professor
788 3021 999 3081 Bernhardi“
1038 3024 1097 3084 und
1136 3024 1184 3084 die
1217 3026 1341 3086 mißlun

1385 3024 1503 3084 Witze,
1535 3024 1607 3084 man
1649 3025 1731 3085 lacht
1768 3027 1829 3087 und
1871 3027 1974 3087 macht
2006 3028 2062 3088 den
2104 3032 2233 3092 Damen
2275 3031 2326 3091 der

2359 3038 2475 3098 sagen.
2512 3035 2617 3095 Wenn
2654 3038 2715 3098 wir
2741 3038 2839 3098 Glück
2858 3041 2987 3101 haben,
3006 3044 3129 3104 können
3166 3045 3227 3105 wir
3252 3043 3301 3103 ge¬

407 3062 489 3122 gene
528 3063 914 3123 Journalistenkomödie
959 3067 1064 3127 „Fink
1103 3066 1163 3126 und
1208 3068 1357 3128 Flieder=
1385 3067 1473 3127 Hof.
1507 3067 1594 3127 Eine
1628 3068 1749 3128 übliche
1783 3071 2103 3131 Abendgesellschaft
2137 3074 2192 3134 auf
2225 3076 2313 3136 einem

2366 3080 2465 3140 rettet
2492 3080 2638 3140 werden.
2685 3083 2857 3143 Aber..."
2897 3087 2943 3147 Er
2983 3089 3095 3149 spricht
3136 3089 3188 3149 den
3229 3089 3294 3149 Sat

412 3107 538 3167 busch“,
561 3105 621 3165 sind
649 3105 742 3165 reine
765 3107 1019 3167 Theaterstücke.
1053 3110 1202 3170 Größere
1230 3112 1362 3172 Aufga=
1385 3110 1677 3170 Ozeandampfer.
1711 3113 1881 3173 Niemand
1916 3116 2009 3176 denkt
2032 3119 2246 3179 Schlimmes,
2274 3120 2330 3180 das
2369 3122 2451 3182 nicht
2479 3124 2506 3184 zu
2540 3126 2650 3186 Ende.

411 3152 469 3212 ben
491 3152 597 3212 stellte
619 3149 650 3209 er
672 3151 719 3211 sich
741 3152 767 3212 in
794 3152 846 3212 den
874 3152 1006 3212 Werken
1038 3154 1123 3214 „Der
1145 3154 1288 3214 Shleier
1310 3155 1357 3215 der

1392 3155 1588 3215 Abendbrot
1620 3156 1694 3216 war
1726 3158 1927 3218 vorzüglich,
1954 3161 2028 3221 man
2066 3161 2102 3221 ist
2134 3163 2229 3223 ruhig
2272 3164 2330 3224 und

2482 3167 2547 3227 setzt
2570 3167 2621 3227 sich
2651 3169 2702 3229 vor
2732 3170 2820 3230 einen
2858 3170 2909 3230 der
2932 3174 3152 3234 schaukelnden
3190 3177 3285 3237 Tische

411 3194 595 3254 Beatrice“
627 3194 690 3254 und
728 3195 811 3255 „Der
838 3196 938 3256 junge
970 3197 1201 3257 Medardus",
1223 3200 1275 3260 die
1308 3200 1360 3260 zur

1389 3197 1510 3257 heiter.
1544 3200 1587 3260 Da
1622 3200 1726 3260 öffnet
1755 3202 1798 3262 sich
1832 3203 1882 3263 die
1910 3203 1998 3263 Tür,
2015 3204 2064 3264 ein
2099 3206 2231 3266 blonder
2259 3208 2331 3268 klei¬

2362 3211 2450 3271 stützt
2480 3212 2533 3272 den
2575 3212 2669 3272 Kopf
2693 3215 2804 3275 schwer
2841 3216 2870 3276 in
2906 3215 2958 3275 die
2995 3219 3089 3279 Hand
3125 3220 3189 3280 und
3225 3220 3301 3280 sieht

417 3241 551 3301 „großen
591 3239 780 3299 Tragödie“
813 3239 1018 3299 hinstreben.
1052 3242 1143 3302 Aber
1176 3242 1284 3302 weder
1317 3242 1359 3302 die

1387 3244 1446 3304 ner
1468 3242 1554 3302 Herr
1576 3245 1635 3305 mit
1662 3245 1748 3305 einer
1770 3245 1873 3305 hohen
1900 3247 1997 3307 Stirn
2030 3248 2105 3308 tritt
2127 3250 2234 3310 herein
2262 3253 2326 3313 und
2359 3253 2477 3313 stieren
2516 3256 2634 3316 Blickes
2672 3256 2747 3316 über
2780 3256 2828 3316 die
2862 3260 3050 3320 Menschen.
3088 3263 3152 3323 Der
3185 3262 3293 3322 Mann

407 3283 551 3343 Historie
585 3283 656 3343 noch
690 3281 740 3341 die
774 3282 985 3342 dramatische
1019 3284 1263 3344 Architektonik
1291 3285 1352 3345 sind

1386 3284 1498 3344 bleibt
1526 3286 1557 3346 in
1596 3286 1649 3346 der
1682 3289 1752 3349 Tür
1785 3290 1908 3350 stehen.
1947 3291 2044 3351 Ernst
2077 3290 2157 3350 sieht
2185 3291 2216 3351 er
2249 3295 2330 3355 über
2369 3297 2470 3357 macht
2493 3298 2551 3358 auf
2579 3300 2648 3360 mich
2682 3298 2735 3358 den
2768 3301 2929 3361 Eindruck
2951 3303 3038 3363 eines
3071 3306 3302 3366 Seelenpeini¬

413 3328 497 3388 seine
529 3326 628 3386 starke
655 3325 771 3385 Seite.
803 3323 850 3383 So
887 3324 1113 3384 wundervolle
1140 3328 1266 3388 Szenen
1303 3330 1361 3390 be=
1388 3328 1440 3388 die
1467 3330 1635 3390 fröhlichen
1668 3332 1857 3392 Menschen.
1884 3334 1946 3394 Ein
1979 3336 2099 3396 junger
2126 3337 2231 3397 Mann
2268 3337 2326 3397 und

2361 3341 2453 3401 gers.
2485 3342 2530 3402 Er
2557 3341 2628 3401 muß
2660 3343 2763 3403 etwas
2795 3344 2897 3404 wissen
2929 3346 2991 3406 und
3022 3349 3228 3409 verschweigt
3254 3349 3285 3409 es

419 3370 547 3430 sonders
580 3370 633 3430 der
666 3371 827 3431 „Schleier
860 3367 913 3427 der
941 3370 1118 3430 Beatrice“
1151 3371 1301 3431 enthält,
1323 3372 1355 3432 es
1388 3372 1462 3432 eine
1490 3374 1592 3434 junge
1619 3376 1726 3436 Dame
1754 3377 1850 3437 gehen
1888 3377 1947 3437 auf
1969 3378 2022 3438 ihn
2055 3380 2109 3440 zu.
2142 3382 2249 3442 Leise,
2271 3382 2329 3442 fast
2357 3384 2496 3444 Immer
2524 3385 2599 3445 sieht
2626 3386 2658 3446 er
2685 3387 2733 3447 sich
2766 3388 2814 3448 die
2841 3390 2938 3450 Leute
2976 3390 3013 3450 an
3051 3392 3115 3452 und
3154 3394 3293 3454 schwelgt

411 3417 473 3477 sind
499 3415 562 3475 doch
594 3413 650 3473 nur
677 3414 921 3474 Einzelheiten,
943 3415 1000 3475 und
1027 3415 1219 3475 überhaupt
1246 3416 1360 3476 leistete

1387 3418 1543 3478 flüsternd
1576 3419 1645 3479 sagt
1678 3419 1710 3479 er
1743 3421 1839 3481 ihnen
1878 3421 1985 3481 einige
2018 3424 2147 3484 Worte.
2180 3425 2244 3485 Die
2277 3427 2330 3487 lä=
2358 3429 2524 3489 scheinbar
2557 3430 2589 3490 in
2627 3430 2686 3490 der
2719 3432 2912 3492 Stimmung
2956 3435 3014 3495 von
3053 3438 3198 3498 Zweifel
3231 3436 3289 3496 und

412 3460 443 3520 er
471 3461 530 3521 sein
563 3461 708 3521 Höchstes
741 3460 767 3520 in
800 3460 918 3520 kleinen
957 3460 1113 3520 Werken,
1135 3463 1161 3523 in
1200 3463 1345 3523 manchen
1384 3463 1529 3523 chelnden
1573 3464 1707 3524 Mienen
1751 3466 1804 3526 der
1837 3468 1961 3528 jungen
1999 3468 2101 3528 Leute
2134 3471 2317 3531 verdüstern
2362 3473 2480 3533 Angst,
2502 3474 2550 3534 die
2583 3474 2663 3534 seine
2696 3481 2982 3541 beunruhigenden
3020 3483 3133 3543 Worte
3166 3482 3295 3542 hervor¬
