3392 4352
145 333 213 393 12

337 333 812 393 Schnitzler
881 328 909 388 s
978 330 1209 390 Deatl

578 3637 912 3697 ERINNERUNGEN
953 3637 998 3697 AN
1039 3637 1211 3697 ARTHUR

771 3676 1026 3736 SCHNITZLER

740 3718 843 3778 (Schluß
871 3718 911 3778 von
934 3716 997 3776 Seite
1016 3717 1056 3777 42)

557 3767 583 3827 In
626 3765 708 3825 einem
760 3762 897 3822 gewissen
941 3762 1104 3822 Altwiener
1139 3765 1294 3825 Schrank,

514 3807 566 3867 den
601 3807 773 3867 Schnitzler
804 3804 864 3864 mir
895 3801 1006 3861 einmal
1029 3803 1162 3863 öffnete,
1184 3804 1287 3864 dürfte

514 3846 580 3906 man
614 3846 693 3906 seine
731 3843 894 3903 Memoiren
932 3843 1049 3903 finden,
1079 3843 1103 3903 in
1142 3843 1208 3903 drei
1238 3843 1287 3903 ge-

510 3888 670 3948 sonderten
701 3885 827 3945 Teilen:
845 3883 892 3943 der
919 3882 992 3942 erste
1014 3884 1070 3944 soll
1088 3884 1179 3944 gleich
1210 3882 1278 3942 nach

1440 327 1560 387 box
1637 328 1819 388 44/2

1355 873 1448 933 seinem
1501 873 1580 933 Tode
1629 876 1859 936 veröffentlicht
1894 876 2026 936 werden,
2067 876 2115 936 der

1354 915 1457 975 zweite
1483 915 1552 975 zehn
1582 915 1667 975 Jahre
1694 915 1810 975 später,
1827 915 1878 975 der
1900 916 2007 976 dritte,
2029 917 2119 977 wich-

1358 953 1458 1013 tigste,
1476 954 1595 1014 fünfzig
1623 954 1704 1014 Jahre
1736 956 1805 1016 nach
1837 955 1955 1015 Arthur
1983 956 2119 1016 Schnitz-

1354 992 1415 1052 lers
1440 992 1519 1052 Tod.

1392 1031 1427 1091 Er
1450 1031 1529 1091 hatte
1556 1031 1623 1091 auch
1650 1034 1738 1094 nicht
1762 1034 1810 1094 den
1837 1034 1965 1094 leisesten
1993 1034 2121 1094 Zweifel

1356 1073 1460 1133 daran,
1483 1070 1528 1130 daß
1561 1071 1674 1131 fünfzig
1702 1073 1788 1133 Jahre
1816 1073 1884 1133 nach
1916 1073 2012 1133 seinem
2053 1073 2112 1133 Tod

1353 1110 1405 1170 das
1437 1112 1611 1172 öffentliche
1644 1112 1789 1172 Interesse
1821 1112 1853 1172 an
1890 1112 1987 1172 seiner
2019 1115 2116 1175 Auto-

1350 1150 1526 1210 biographie
1554 1152 1622 1212 groß
1659 1150 1713 1210 und
1746 1150 1878 1210 lebendig
1910 1153 1964 1213 sein
1996 1153 2082 1213 wird.

1393 1189 1555 1249 Lebendig.
1575 1189 1656 1249 Nach
1690 1192 1805 1252 fünfzig
1835 1192 1940 1252 Jahren
1969 1192 2122 1252 lebendig.

1357 1228 1511 1288 Deswegen
1557 1228 1669 1288 schrieb
1715 1230 1744 1290 er
1782 1231 1857 1291 diese
1899 1231 2019 1291 intimen
2061 1230 2115 1290 Be-

1353 1267 1516 1327 kenntnisse
1571 1267 1688 1327 nieder.
1734 1270 1880 1330 Lebendig
1935 1270 2035 1330 wollte
2090 1270 2115 1330 er

1355 1306 1488 1366 bleiben,
1507 1309 1664 1369 lebendig!

1385 1392 1424 1452 Er
1447 1392 1505 1452 war
1528 1395 1550 1455 in
1582 1395 1671 1455 seiner
1698 1398 1993 1458 edel-bescheidenen
2025 1395 2114 1455 Weise

1351 1434 1480 1494 gänzlich
1516 1434 1574 1494 von
1615 1434 1663 1494 dem
1718 1434 1807 1494 Wert
1839 1437 1937 1497 seines
1969 1437 2120 1497 Schaffens

1353 1476 1602 1536 durchdrungen.
1624 1476 1702 1536 Aber
1728 1476 1756 1536 er
1786 1476 1902 1536 machte
1932 1476 1986 1536 sich
2019 1476 2115 1536 nichts

1354 1512 1421 1572 vor,
1440 1514 1467 1574 er
1490 1515 1608 1575 wußte,
1627 1515 1672 1575 daß
1704 1515 1731 1575 er
1759 1515 1827 1575 nach
1855 1515 2005 1575 „Fräulein
2033 1516 2096 1576 Else

1351 1553 1454 1613 keinen
1491 1554 1622 1614 wirklich
1660 1555 1772 1615 großen
1810 1553 1912 1613 Erfolg
1950 1556 2034 1616 mehr
2067 1556 2118 1616 ge-

1350 1591 1424 1651 habt
1446 1592 1524 1652 hatte
1554 1592 1562 1652 —
1608 1592 1637 1652 es
1662 1594 1703 1654 sei
1725 1595 1816 1655 denn,
1837 1595 1862 1655 in
1891 1595 2049 1655 Amerika,
2070 1594 2107 1654 wo

1353 1633 1423 1693 noch
1455 1634 1560 1694 immer
1587 1634 1671 1694 junge
1698 1634 1856 1694 Menschen
1888 1634 1936 1694 für
1963 1636 2108 1696 „Anatol“

1350 1674 1408 1734 und
1442 1673 1614 1733 „Leutnant
1639 1671 1744 1731 Gustl“
1778 1673 1979 1733 schwärmen.

1386 1712 1446 1772 Der
1477 1712 1576 1772 sachte
1611 1712 1801 1772 einsetzende
1832 1715 2117 1775 Schnitzler-Rum-

1350 1753 1420 1813 mel,
1446 1750 1496 1810 der
1525 1750 1558 1810 zu
1592 1750 1684 1810 seinem
1730 1753 1897 1813 siebzigsten
1936 1752 2111 1812 Geburtstag

1350 1792 1380 1852 am
1428 1789 1475 1849 18.
1501 1789 1570 1849 Mai
1601 1789 1669 1849 1932
1704 1792 1890 1852 explodieren
1929 1792 2028 1852 sollte,
2055 1790 2114 1850 war

1353 1828 1394 1888 ihm
1442 1829 1592 1889 keinerlei
1616 1829 1723 1889 Trost.
1747 1831 1784 1891 Er
1818 1831 1902 1891 hatte
1936 1831 1996 1891 eine
2025 1831 2118 1891 große

1351 1870 1447 1930 Angst
1479 1869 1531 1929 vor
1563 1870 1651 1930 diesem
1700 1870 1832 1930 Datum.
1855 1870 1903 1930 Ich
1940 1870 2058 1930 glaube,
2085 1870 2111 1930 er

1350 1911 1384 1971 ist
1419 1909 1573 1969 eigentlich
1612 1909 1642 1969 an
1685 1909 1779 1969 dieser
1814 1912 1908 1972 Angst
1943 1909 2119 1969 gestorben.

1350 1949 1388 2009 Er
1414 1948 1525 2008 machte
1556 1949 1607 2009 mit
1634 1947 1689 2007 mir
1715 1947 1818 2007 Pläne,
1840 1947 1934 2007 wohin
1969 1950 1994 2010 er
2021 1948 2106 2008 reisen

1349 1989 1434 2049 solle,
1456 1987 1490 2047 um
1538 1987 1594 2047 sich
1629 1988 1662 2048 zu
1697 1989 1891 2049 verstecken.
1913 1989 2024 2049 Nicht,
2051 1986 2119 2046 weil

1346 2030 1373 2090 er
1406 2029 1446 2089 die
1479 2028 1592 2088 übliche
1625 2028 1871 2088 Bescheidenheit
1904 2028 1954 2088 der
1982 2028 2109 2088 Jubilare

1349 2070 1490 2130 posierte,
1508 2067 1632 2127 sondern
1668 2067 1735 2127 weil
1758 2069 1779 2129 in
1811 2067 1903 2127 dieser
1931 2067 2019 2127 Zahl:
2042 2066 2117 2126 sieb-

1351 2110 1391 2170 zig
1423 2109 1468 2169 für
1496 2107 1541 2167 ihn
1568 2109 1595 2169 so
1628 2106 1686 2166 eine
1719 2106 1832 2166 Tortur
1860 2108 1919 2168 lag,
1942 2107 1996 2167 und
2028 2106 2118 2166 auch,

1347 2146 1421 2206 weil
1450 2147 1478 2207 er
1511 2146 1543 2206 an
1586 2144 1628 2204 die
1666 2147 1914 2207 Aufrichtigkeit
1947 2145 1998 2205 der
2032 2144 2115 2204 Jubi-

1349 2186 1650 2246 läumsbegeisterung
1699 2186 1787 2246 nicht
1827 2186 1964 2246 glaubte.
2013 2186 2106 2246 Schon

1350 2228 1390 2288 ein
1421 2226 1518 2286 halbes
1540 2225 1610 2285 Jahr
1633 2225 1725 2285 zuvor
1752 2225 1866 2285 plagten
1898 2225 1941 2285 ihn
1973 2223 2114 2283 Bühnen-

1349 2267 1432 2327 leiter
1459 2267 1494 2327 um
1539 2265 1671 2325 Beiträge
1702 2264 1755 2324 für
1782 2265 2047 2325 Programmhefte
2079 2260 2087 2320 —

1345 2309 1388 2369 die
1426 2306 1556 2366 gleichen
1595 2306 1825 2366 Bühnenleiter,
1854 2306 1902 2366 die
1936 2307 1979 2367 „Im
2033 2303 2114 2363 Spiel

1565 2479 2001 2539 errovano

1401 2557 1881 2617 inaWe

1429 2606 1712 2666 1hxiigliches
1739 2610 2094 2670 Krüftigungemiltel

1381 2652 1555 2712 alln
1582 2655 1797 2715 Soofeken
1825 2658 2039 2718 erholllich

1380 2696 1565 2756 Vouprdepos
1586 2697 1637 2757 dlte
1654 2699 1839 2759 seldapothete
1860 2700 2030 2760 Istephanpl
2046 2699 2050 2759 8

1346 2769 1394 2829 der
1430 2769 1659 2829 Sommerlüfte“
1704 2771 1761 2831 und
1797 2774 1880 2834 „Der
1916 2774 2000 2834 Gang
2035 2774 2088 2834 zum

1351 2808 1478 2868 Weiher“
1510 2810 1596 2870 nicht
1620 2810 1720 2870 hatten
1757 2813 1916 2873 aufführen
1953 2814 2071 2874 wollen.

1385 2846 1420 2906 Er
1447 2849 1552 2909 nannte
1580 2852 1641 2912 Max
1668 2852 1854 2912 Reinhardts
1872 2852 1987 2912 Namen
2019 2855 2111 2915 nicht,

1347 2891 1414 2951 aber
1437 2889 1473 2949 ich
1506 2889 1596 2949 weis,
1610 2891 1660 2951 das
1693 2891 1751 2951 eine
1779 2892 1829 2952 der
1852 2891 1938 2951 tiefen
1971 2894 2102 2954 Wunden

1345 2927 1365 2987 in
1420 2929 1515 2989 seinem
1574 2929 1690 2989 Herzen
1745 2930 1778 2990 zu
1829 2932 1928 2992 bluten
1979 2932 2111 2992 begann,

1346 2967 1418 3027 wenn
1451 2968 1487 3028 ein
1521 2968 1642 3028 anderer
1671 2971 1760 3031 diesen
1794 2971 1907 3031 Namen
1940 2973 2110 3033 aussprach.

1346 3007 1409 3067 Max
1437 3007 1605 3067 Reinhardt
1628 3010 1682 3070 hat
1705 3010 1759 3070 seit
1782 3011 1873 3071 vielen
1905 3013 2009 3073 Jahren
2037 3013 2100 3073 kein

1343 3046 1618 3106 Schnitzler-Stück
1653 3049 1831 3109 inszeniert.

1382 3088 1427 3148 Ich
1465 3088 1586 3148 besinne
1624 3089 1719 3149 mich,
1749 3091 1781 3151 um
1832 3088 1923 3148 etwas
1953 3091 2007 3151 von
2049 3091 2098 3151 den

1342 3126 1455 3186 Dingen
1492 3129 1750 3189 wiederzugeben,
1778 3129 1818 3189 die
1851 3129 2018 3189 Schnitzler
2051 3132 2105 3192 mir

1347 3165 1365 3225 in
1404 3167 1447 3227 all
1472 3165 1524 3225 den
1558 3168 1663 3228 Jahren
1702 3168 1803 3228 gesagt
1832 3168 1899 3228 hat,
1924 3169 1966 3229 ich
2001 3171 2111 3231 denke,

1346 3207 1518 3267 manchmal
1546 3207 1567 3267 in
1603 3207 1652 3267 der
1679 3209 1821 3269 Absicht,
1843 3208 1887 3268 ich
1923 3210 2043 3270 möchte
2074 3210 2109 3270 sie

1344 3246 1412 3306 nach
1452 3246 1546 3306 seinem
1599 3246 1680 3306 Tode
1720 3249 1996 3309 niederschreiben.
2027 3249 2108 3309 Aber

1344 3287 1382 3347 ich
1421 3285 1541 3345 komme
1571 3285 1623 3345 von
1662 3287 1713 3347 dem
1761 3288 1907 3348 Eindruck
1946 3288 1992 3348 des
2023 3288 2108 3348 aller-

1342 3326 1450 3386 letzten
1483 3326 1646 3386 Gesprächs
1674 3326 1760 3386 nicht
1783 3326 1842 3386 los.
1861 3326 1897 3386 Es
1920 3328 1997 3388 sieht
2021 3326 2111 3386 nach-

1342 3367 1460 3427 träglich
1488 3365 1547 3425 fast
1571 3365 1762 3425 gespenstisch
1790 3365 1853 3425 aus.
1877 3365 1940 3425 Wir
1964 3368 2100 3428 sprachen

1344 3404 1400 3464 eine
1435 3404 1521 3464 halbe
1556 3404 1668 3464 Stunde
1708 3405 1763 3465 vom
1812 3407 2015 3467 Spiritismus,
2045 3407 2101 3467 von

1346 3445 1391 3505 der
1423 3445 1619 3505 Wiederkehr
1643 3446 1710 3506 nach
1743 3446 1793 3506 dem
1834 3446 1939 3506 Tode!
1962 3446 2112 3506 (Schnitz-

1342 3485 1382 3545 ler
1414 3485 1504 3545 zeigte
1532 3485 1623 3545 dieser
1650 3485 1745 3545 Lehre
1773 3485 1940 3545 gegenüber
1968 3485 2013 3545 die
2041 3484 2104 3544 tief-

1340 3525 1393 3585 ste,
1416 3523 1473 3583 eine
1501 3523 1644 3583 ärztliche
1671 3525 1791 3585 Skepsis
1814 3525 1867 3585 und
1899 3525 1971 3585 doch
2002 3524 2109 3584 wieder

1344 3563 1402 3623 eine
1428 3563 1482 3623 Art
1508 3562 1671 3622 Sehnsucht
1701 3559 1713 3619 —
1764 3564 1827 3624 —).

1387 3599 1447 3659 Wir
1473 3602 1611 3662 sprachen
1641 3601 1693 3661 von
1728 3603 1796 3663 allen
1827 3604 1947 3664 unseren
1978 3603 2111 3663 gemein-

1344 3643 1436 3703 samen
1469 3641 1638 3701 Freunden,
1663 3643 1719 3703 und
1748 3642 1792 3702 ich
1824 3641 1917 3701 werde
1946 3643 2087 3703 manchem

1346 3680 1395 3740 von
1433 3682 1516 3742 ihnen
1554 3682 1616 3742 eine
1646 3682 1737 3742 letzte
1767 3682 1924 3742 Botschaft
1954 3682 1983 3742 zu
2017 3682 2108 3742 über-

1340 3720 1451 3780 mitteln
1487 3721 1597 3781 haben,
1625 3721 1682 3781 nur
1718 3720 1820 3780 Worte
1856 3722 1905 3782 der
1937 3722 2034 3782 Güte,
2057 3723 2105 3783 des

1353 3761 1544 3821 Verstehens.

1381 3798 1417 3858 Er
1445 3801 1517 3861 war,
1541 3800 1591 3860 bei
1614 3798 1654 3858 all
1678 3799 1773 3859 seinem
1815 3798 1979 3858 beißenden
2016 3800 2111 3860 Witz,

1346 3840 1449 3900 immer
1483 3840 1508 3900 5o
1550 3840 1637 3900 milde
1675 3840 1699 3900 im
1750 3840 1916 3900 Beurteilen
1954 3840 2103 3900 einzelner

1340 3880 1515 3940 Menschen.
1536 3879 1645 3939 Scharf
1670 3879 1774 3939 wurde
1804 3881 1845 3941 er,
1871 3879 1950 3939 wenn
1984 3879 2013 3939 er
2042 3879 2096 3939 von

1363 4119 1594 4179 -TRIO
1654 4121 2061 4181 NOVEMBER

2588 777 2677 837 DIE
2723 777 2910 837 BUHNE

2227 928 2371 988 ZWEI
2403 933 2540 993 NEUE
2586 933 2884 993 MODELLEI

2219 1114 2242 1174 A

2198 1188 2314 1248 Verelnigt
2336 1189 2352 1249 in
2369 1192 2431 1252 einem
2457 1192 2561 1252 Apparat
2578 1192 2720 1252 Schleifstein
2741 1192 2782 1252 und
2803 1192 2907 1252 Abzieh¬

2202 1222 2276 1282 leder.
2290 1219 2386 1279 Schleift
2401 1219 2443 1279 alie
2461 1219 2507 1279 ein-
2525 1220 2564 1280 und
2586 1219 2788 1279 zweischneldigen
2810 1225 2909 1285 Klingen.

2305 1252 2466 1312 Ermöglicht
2487 1252 2640 1312 tadelloses
2656 1252 2798 1312 Rasieren.

2606 1693 2741 1753 Vemickelt
2772 1691 2787 1751 S
2818 1690 2867 1750 24°

2607 1742 2715 1802 Schwarz
2737 1741 2747 1801 §
2769 1740 2834 1800 18.—

2605 1789 2782 1849 Verblüffende

2610 1819 2801 1879 Vareinfachung

2607 1859 2651 1919 Der
2664 1858 2828 1918 Schärfkörper
2841 1855 2909 1915 dreht

2606 1890 2646 1950 sich
2668 1887 2675 1947 -
2701 1888 2855 1948 Blitzschnell
2877 1885 2906 1945 ist

2604 1918 2661 1978 Steln
2684 1916 2745 1976 oder
2764 1920 2840 1980 Leder
2856 1917 2905 1977 ein¬

2605 1948 2715 2008 gestellt.

2252 1997 2372 2057 Erhältlich
2394 2000 2411 2060 in
2433 1998 2488 2058 ellen
2515 1999 2673 2059 einschlägigen
2695 1999 2832 2059 Geschäften

2348 2049 2411 2109 Auch
2433 2049 2470 2109 auf
2488 2049 2495 2109 8
2518 2049 2568 2109 Jage
2589 2049 2661 2109 Probr
2683 2049 2745 2109 durch

2201 2094 2584 2154 General-Vertreter:
2605 2094 2656 2154 M.
2678 2097 2895 2157 WALLACI

2236 2136 2313 2196 Wien,
2326 2141 2356 2201 l.,
2369 2141 2576 2201 Tegetthoffstraße
2594 2140 2606 2200 3
2632 2140 2671 2200 und
2697 2141 2830 2201 Operneing
2848 2139 2856 2199 5

2170 2254 2402 2314 Institutionen,
2448 2255 2584 2315 Massen,
2620 2255 2923 2315 Zeiterscheinungen

2172 2294 2287 2354 redete.

2206 2383 2326 2443 Zuletzt
2362 2383 2442 2443 saßen
2483 2383 2533 2443 wir
2570 2383 2639 2443 noch
2680 2383 2730 2443 auf
2762 2383 2811 2443 der
2842 2385 2917 2445 Bank

2166 2422 2188 2482 in
2220 2422 2269 2482 dem
2316 2422 2670 2482 herbstlich-sterbenden
2707 2422 2875 2482 Gärtchen,
2899 2425 2921 2485 in

2163 2461 2212 2521 der
2240 2464 2495 2524 Oktobersonne.
2514 2462 2586 2522 Hier
2614 2464 2709 2524 wurde
2732 2464 2787 2524 mir
2810 2463 2859 2523 der
2882 2461 2927 2521 bis

2166 2500 2249 2560 dahin
2307 2503 2400 2563 Müde
2457 2503 2513 2563 und
2569 2503 2766 2563 Verstinimte
2818 2503 2930 2563 wieder

2164 2541 2302 2601 frischer,
2327 2543 2371 2603 ja,
2391 2541 2420 2601 er
2446 2541 2559 2601 begann
2594 2541 2648 2601 von
2683 2541 2836 2601 künftigen
2871 2539 2929 2599 Ar-

2167 2580 2255 2640 beiten
2291 2580 2326 2640 zu
2362 2580 2463 2640 reden.
2490 2580 2569 2640 Jetzt
2596 2579 2652 2639 war
2684 2580 2732 2640 das
2759 2580 2869 2640 nichts,
2896 2578 2922 2638 er

2163 2619 2260 2679 spielre
2292 2619 2367 2679 nur,
2394 2619 2478 2679 recht
2510 2619 2714 2679 unenergisch,
2751 2619 2808 2679 mit
2848 2619 2923 2679 einer

2167 2658 2420 2718 Neubearbeitung
2469 2658 2563 2718 seines
2593 2658 2722 2718 Dramas
2752 2658 2831 2718 „Der
2861 2658 2924 2718 Ruf

2165 2695 2216 2755 des
2242 2697 2391 2757 Lebens“,
2418 2697 2500 2757 aber,
2527 2697 2634 2757 gewiß,
2661 2697 2687 2757 er
2713 2697 2795 2757 hatte
2826 2697 2929 2757 Pläne,

2168 2735 2235 2795 viele
2264 2737 2460 2797 Fragmente,
2484 2738 2527 2798 die
2571 2735 2580 2795 u
2628 2735 2776 2795 vollenden
2815 2736 2930 2796 waren.

2199 2776 2317 2836 Arthur
2355 2777 2528 2837 Schnitzler
2574 2776 2715 2836 arbeitete
2766 2777 2844 2837 stets
2890 2776 2921 2836 an

2166 2816 2314 2876 mehreren
2363 2815 2487 2875 Werken
2526 2816 2674 2876 zugleich,
2703 2816 2756 2876 ließ
2795 2816 2929 2876 Unvoll-

2163 2855 2283 2915 endetes
2307 2856 2377 2916 oder
2406 2856 2592 2916 Ungefeiltes
2616 2855 2696 2915 lange
2724 2855 2836 2915 liegen.
2855 2855 2920 2915 Man

2168 2892 2230 2952 wird
2269 2897 2350 2957 einen
2390 2897 2509 2957 reichen
2544 2897 2746 2957 literarischen
2785 2896 2929 2956 Nachlass

2164 2932 2286 2992 finden.

2201 2974 2245 3034 Ich
2286 2974 2387 3034 fragte
2424 2974 2555 3034 begierig
2591 2974 2662 3034 nach
2708 2974 2758 3034 dem
2809 2973 2925 3033 Kaiser-

2167 3013 2416 3073 Joseph-Drama,
2438 3013 2493 3073 von
2524 3013 2575 3073 dem
2614 3013 2643 3073 er
2670 3013 2725 3073 mir
2751 3014 2927 3074 manchmal

2163 3052 2279 3112 erzählt
2308 3053 2409 3113 hatte.
2448 3052 2515 3112 Ich,
2554 3052 2592 3112 ein
2631 3054 2925 3114 leidenschaftlicher

2166 3091 2362 3151 Bewunderer
2390 3094 2436 3154 des
2464 3093 2596 3153 „Jungen
2628 3092 2825 3152 Medardus",
2844 3094 2926 3154 hatte

2168 3131 2208 3191 ihm
2249 3132 2344 3192 öfters
2372 3132 2471 3192 gesagt
2499 3132 2549 3192 und
2581 3131 2658 3191 sagte
2686 3132 2731 3192 ihm
2776 3132 2844 3192 auch
2876 3131 2926 3191 da-

2163 3171 2235 3231 mals
2259 3171 2281 3231 im
2323 3174 2432 3234 Garten
2464 3171 2524 3231 viel
2547 3171 2578 3231 zu
2606 3171 2716 3231 heftig,
2734 3170 2798 3230 dass
2817 3171 2848 3231 er
2876 3171 2926 3231 uns

2166 3210 2231 3270 allen
2264 3210 2315 3270 das
2344 3210 2414 3270 noch
2447 3211 2583 3271 schuldig
2612 3210 2756 3270 geblieben
2790 3212 2846 3272 sei,
2865 3210 2925 3270 eine

2163 3250 2249 3310 große
2281 3251 2574 3311 altösterreichische
2606 3249 2757 3309 Tragödie
2789 3249 2839 3309 wie
2871 3251 2921 3311 den

2168 3289 2283 3349 „Kaiser
2313 3288 2462 3348 Joseph“,
2496 3291 2519 3351 in
2568 3288 2616 3348 der
2650 3291 2703 3351 alte
2737 3290 2929 3350 österreichi¬

2161 3328 2240 3388 schen
2290 3329 2467 3389 Probleme,
2508 3329 2566 3389 also
2615 3329 2659 3389 die
2708 3329 2797 3389 ganze
2847 3328 2926 3388 Welt

2167 3368 2278 3428 Arthur
2313 3368 2515 3428 Schnitzlers,
2545 3368 2618 3428 noch
2661 3368 2772 3428 einmal
2807 3368 2923 3428 zusam-

2163 3409 2336 3469 mengefasst
2363 3410 2474 3470 werden
2505 3407 2661 3467 konnten.

2205 3485 2318 3545 Wieder
2353 3488 2406 3548 das
2436 3488 2677 3548 Achselzucken,
2703 3488 2830 3548 diesmal
2860 3485 2923 3545 ver-

2161 3524 2315 3584 zweifelt:

2200 3567 2262 3627 „Ich
2300 3565 2391 3625 weiß.
2416 3565 2497 3625 Aber
2527 3565 2564 3625 ich
2603 3565 2675 3625 kann
2714 3565 2800 3625 nicht
2830 3565 2930 3625 mehr.

2163 3602 2226 3662 Soll
2249 3604 2294 3664 das
2321 3605 2434 3665 jemand
2467 3604 2607 3664 machen,
2631 3604 2680 3664 der
2703 3604 2789 3664 mehr
2817 3604 2925 3664 Talent

2163 3643 2212 3703 hat
2240 3643 2281 3703 als
2309 3645 2386 3705 ich!“
2418 3646 2500 3706 Aber
2528 3646 2556 3706 er
2588 3646 2715 3706 meinte:
2743 3644 2793 3704 der
2821 3644 2926 3704 länger

2163 3685 2239 3745 leben
2276 3682 2370 3742 wird.

2199 3723 2250 3783 So,
2274 3723 2395 3783 fürchte
2420 3723 2485 3783 ich,
2509 3721 2574 3781 wird
2607 3720 2635 3780 er
2664 3720 2724 3780 mir
2748 3720 2771 3780 in
2804 3723 2916 3783 meinen

2167 3760 2308 3820 Träumen
2344 3762 2534 3822 erscheinen:
2566 3762 2658 3822 klein,
2685 3764 2751 3824 grau
2791 3762 2817 3822 im
2862 3761 2923 3821 Ge-

2163 3800 2250 3860 sicht,
2279 3801 2668 3861 zusammengeschrumpft
2703 3800 2727 3860 in
2765 3800 2815 3860 dem
2866 3800 2924 3860 ele-

2163 3840 2264 3900 ganten
2296 3840 2428 3900 Mantel.
2450 3840 2489 3900 Er
2517 3840 2609 3900 zuckt
2636 3840 2680 3900 die
2707 3840 2852 3900 Achseln,
2879 3839 2919 3899 die

2158 3879 2441 3939 Schnitzler-Locke
2474 3882 2559 3942 fliegt
2592 3882 2667 3942 über
2701 3879 2748 3939 die
2786 3879 2927 3939 wunder-

2267 4125 2889 4185 ENTENARIETE
