3344 4384
1478 320 1610 380 box
1689 322 1876 382 44/2

184 322 319 382 12.
379 336 867 396 Schmitzler
936 331 974 391 s
1045 327 1277 387 Death

429 1303 525 1363 ersoi

1368 1321 1509 1381 Bereins
1544 1321 1628 1381 sotl.

438 1342 550 1402 Wegen
591 1339 638 1399 der
672 1342 831 1402 allgemein
865 1339 1051 1399 schwierigen
1091 1346 1284 1406 Finanzlage
1311 1342 1350 1402 ist

2302 1348 2397 1408 unter
2415 1348 2546 1408 Leitung
2573 1348 2616 1408 des
2643 1348 2668 1408 1.
2695 1348 2913 1408 Vorsitzenden,
2932 1351 3124 1411 Zahnarztes
3151 1351 3194 1411 Dr

3219 1373 3305 1433 Kan

429 1378 497 1438 eine
526 1380 884 1440 unentgeltliche
919 1381 1046 1441 Abgabe
1081 1384 1132 1444 der
1167 1384 1340 1444 Kartoffeln

1461 1384 1811 1444 Stenographenverein
1843 1384 1932 1444 gegr.
1954 1384 2044 1444 1895.
2060 1384 2107 1444 Im
2172 1385 2266 1445 über¬
2294 1387 2537 1447 Mathejda,
2564 1387 2637 1447 seine
2665 1387 3030 1447 Monatsversammlung
3062 1390 3120 1450 mit
3142 1385 3194 1445 der

3218 1408 3322 1468 reiches

431 1417 461 1477 in
493 1419 586 1479 diesem
628 1418 751 1478 Winter
778 1419 891 1479 nicht
917 1421 1109 1481 möglich.
1151 1425 1217 1485 Der
1244 1420 1341 1480 Kauf=
1363 1421 1471 1481 füllten
1502 1423 1605 1483 Saale
1632 1423 1678 1483 der
1705 1424 2004 1484 Konzerthausdiele
2031 1424 2097 1484 fand
2129 1424 2175 1484 die
2201 1423 2258 1483 Mo

2291 1423 2429 1483 Feier
2459 1425 2522 1485 der
2552 1426 2719 1486 Sieger
2749 1426 2794 1486 des
2830 1429 2951 1489 Jahres
2981 1429 3049 1489 1931
3080 1427 3131 1487 ab,
3155 1424 3195 1484 die
3224 1441 3310 1501 t

437 1456 528 1516 preis
561 1456 636 1516 wird
675 1456 728 1516 vom
778 1459 1048 1519 Wohlfahrtsamt
1076 1462 1351 1522 verauslagt
1367 1462 1676 1522 natsversammlung
1736 1462 1821 1522 statt.
1871 1462 1935 1522 Der

2059 1464 2278 1524 Vorsitzende,

2305 1465 2364 1525 sehr
2390 1465 2445 1525 gut
2471 1465 2581 1525 besucht
2606 1465 2686 1525 war.
2727 1468 2847 1528 Vorher
2878 1468 2948 1528 fand
2979 1468 3018 1528 ein
3054 1467 3189 1527 Tiaben!

3223 1477 3240 1537 in
3279 1478 3328 1538 der

440 1494 498 1554 und
529 1494 557 1554 in
592 1494 700 1554 kleinen
736 1495 828 1555 Raten
864 1497 917 1557 von
967 1497 1020 1557 den
1071 1500 1340 1560 Unterstützunger

1367 1500 1627 1560 Justizinspektor
1663 1500 1939 1560 Schmatloch,
1984 1503 2039 1563 gab
2095 1500 2185 1560 einen
2226 1500 2275 1560 er¬

2308 1503 2354 1563 für
2377 1503 2423 1563 die
2447 1503 2667 1563 Jugendlichen
2696 1503 2782 1563 statt,
2800 1506 2846 1566 bei
2876 1505 2921 1565 dem
2962 1506 3009 1566 die
3032 1503 3200 1563 Urkun¬
3224 1507 3310 1567 Lucie

433 1535 630 1595 einbehalten
664 1535 804 1595 werden.

1361 1539 1524 1599 freulichen
1557 1539 1683 1599 Bericht
1710 1539 1784 1599 über
1816 1539 1868 1599 das
1900 1542 2270 1602 Vereins=Preis=
2297 1544 2371 1604 den
2403 1542 2471 1602 für
2499 1544 2561 1604 die
2588 1545 2751 1605 Sieger
2774 1546 2826 1606 bei
2848 1547 2894 1607 den
2927 1546 3201 1606 Vereinsmeister¬
3223 1545 3291 1605 Für

433 1627 551 1687 wieder
579 1629 680 1689 durch,
702 1630 831 1690 wechselt
859 1632 944 1692 indes
977 1633 1036 1693 mit
1058 1634 1160 1694 lichten
1193 1635 1344 1695 Epochen.
1360 1635 1586 1695 Originalität
1614 1635 1764 1695 vermissen
1802 1635 1882 1695 läßt,
1905 1637 2001 1697 ersetzt
2029 1636 2055 1696 er
2082 1635 2168 1695 durch
2201 1637 2265 1697 Lie-
2304 1638 2352 1698 uls
2379 1638 2438 1698 eine
2466 1638 2643 1698 entzückende
2670 1640 2745 1700 Zofe
2767 1641 2826 1701 und
2854 1641 3031 1701 Waldemar
3053 1644 3192 1704 Henke

3233 1645 3274 1705 Ke

438 1666 506 1726 Der
544 1671 654 1731 innere
686 1671 807 1731 Dämon
850 1672 960 1732 scheint
1013 1674 1240 1734 überwunden,
1288 1674 1334 1734 als
1372 1676 1635 1736 benswürdigkeit
1662 1676 1756 1736 seiner
1789 1676 1941 1736 Einfälle.
1963 1677 2031 1737 Alle
2058 1679 2136 1739 seine
2163 1677 2268 1737 Werte

2298 1675 2346 1735 als
2384 1680 2469 1740 Lakei
2501 1680 2562 1740 sind
2593 1680 2648 1740 für
2679 1680 2753 1740 diese
2785 1680 2895 1740 Rollen
2932 1683 2987 1743 wie
3025 1684 3178 1744 geschaffen

431 1710 555 1770 Robert
587 1710 628 1770 ein
666 1711 811 1771 Mädchen
842 1713 957 1773 findet,
983 1713 1035 1773 das
1067 1713 1150 1773 seine
1176 1713 1264 1773 Liebe
1296 1713 1327 1773 er

1371 1713 1380 1773 —
1433 1713 1466 1773 sie
1495 1715 1553 1775 sind
1587 1716 1668 1776 nicht
1693 1715 1798 1775 gering
1827 1715 1860 1775 an
1894 1715 1976 1775 Zahl
2000 1715 2009 1775 —
2058 1717 2144 1777 geben
2183 1718 2264 1778 einen

2313 1716 2393 1776 Eine
2426 1715 2507 1775 ganz
2540 1718 2631 1778 große
2671 1718 2832 1778 Leistung:
2866 1719 2925 1779 W.
2958 1722 3195 1782 Domgraf¬

429 1747 556 1807 widert.
587 1748 668 1808 Aber
709 1749 760 1809 die
796 1753 1168 1813 Zwangsvorstellungen
1214 1754 1331 1814 nehmen

1367 1754 1490 1814 Beweis
1525 1754 1573 1814 für
1608 1757 1662 1817 sein
1697 1757 1869 1817 eminentes
1900 1757 2155 1817 handwerkliches
2190 1753 2268 1813 Kön¬

2300 1756 2587 1816 Faßbenders
2620 1757 2814 1817 Arlecchins.
2853 1758 2912 1818 Leo
2945 1760 3064 1820 Blech
3097 1761 3194 1821 leitei¬

436 1788 607 1848 überhand.
633 1790 754 1850 Robert
785 1791 892 1851 glaubt
917 1794 1099 1854 zeitweilig,
1125 1793 1180 1853 alle
1211 1793 1327 1853 Frauen

1367 1793 1437 1853 nen.
1486 1796 1561 1856 Auch
1599 1796 1675 1856 seine
1713 1796 1788 1856 letzte
1821 1796 1907 1856 Oper
1957 1796 2058 1856 „Die
2102 1796 2264 1856 schalk-
2302 1794 2356 1854 das
2389 1796 2497 1856 Ganze
2535 1797 2588 1857 mit
2621 1799 2735 1859 großer
2768 1799 2913 1859 Umsicht;
2941 1799 2973 1859 er
3006 1800 3113 1860 bringt
3146 1800 3194 1860 für

3225 1809 3303 1869 verlo

435 1829 494 1889 mit
519 1832 608 1892 denen
643 1832 677 1892 er
708 1829 732 1889 in
767 1832 961 1892 Berührung
996 1835 1159 1895 gekommen
1199 1835 1273 1895 war,
1298 1832 1327 1892 er

1367 1835 1488 1895 hafte
1516 1837 1706 1897 Witwe",
1727 1835 1770 1895 die
1797 1835 1828 1895 im
1865 1837 2072 1897 vergangenen
2104 1838 2210 1898 Jahre
2237 1835 2263 1895 in

2297 1835 2371 1895 diese
2395 1838 2493 1898 Kunst
2517 1838 2558 1898 die
2581 1838 2680 1898 nötige
2709 1838 2894 1898 Leichtigkeit
2918 1841 2987 1901 mit.
3005 1841 3062 1901 Die
3087 1841 3190 1901 Regie¬

439 1871 559 1931 mordet
585 1872 614 1932 zu
650 1871 760 1931 haben.
786 1874 846 1934 Die
871 1874 1078 1934 Katastrophe
1108 1874 1178 1934 tritt
1209 1876 1269 1936 ein,
1290 1873 1324 1933 al

1363 1874 1456 1934 Rom
1501 1879 1554 1939 zur
1589 1874 1824 1934 Uraufführung
1859 1877 2011 1937 gelangte,
2037 1877 2159 1937 bezeugt
2203 1873 2262 1933 dies

2301 1877 2432 1937 führung
2461 1880 2505 1940 lag
2539 1879 2560 1939 in
2594 1878 2721 1938 Händen
2755 1877 2876 1937 Ludwig
2905 1880 3093 1940 Hörths.
3115 1880 3192 1940 Theo

435 1910 559 1970 Robert
588 1912 602 1972 —
646 1910 717 1970 kurz
751 1913 804 1973 vor
833 1913 886 1973 der
915 1914 1130 1974 Vermählung
1165 1911 1178 1971 —
1232 1910 1337 1970 wieder

1367 1916 1421 1976 von
1451 1916 1573 1976 neuem.
1589 1916 1648 1976 Die
1673 1916 1781 1976 Musik
1801 1916 1849 1976 des
1875 1916 1997 1976 Werkes
2023 1916 2062 1976 ist
2082 1919 2195 1979 witzig,
2215 1916 2268 1976 voll

2294 1917 2409 1977 Otto
2444 1918 2496 1978 das
2531 1917 2670 1977 Problem
2722 1919 2768 1979 der
2803 1919 2982 1979 zahlreichen
3024 1921 3190 1981 Verwand¬

431 1951 489 2011 von
524 1951 577 2011 der
607 1951 680 2011 fixen
715 1951 792 2011 Idee
822 1951 939 2011 besessen
979 1952 1100 2012 wurde,
1121 1954 1174 2014 sein
1213 1953 1335 2013 Brude:
1370 1956 1648 2016 übersprudelnder
1673 1954 1775 2014 Laune
1800 1954 1853 2014 und
1883 1954 1956 2014 paßt
1976 1956 2000 2016 in
2030 1957 2108 2017 ihrer
2138 1956 2259 2016 inneren

2296 1956 2408 2016 lungen
2447 1957 2571 2017 glücklich
2610 1957 2701 2017 gelöst
2740 1957 2788 2017 und
2826 1958 2907 2018 recht
2940 1960 3075 2020 muntere
3108 1960 3194 2020 Büh¬

433 1990 516 2050 Otto
548 1993 590 2053 sei
622 1993 727 2053 krank,
754 1993 832 2053 halte
870 1993 911 2053 ihn
949 1993 1001 2053 für
1033 1995 1227 2055 wahnsinnig
1280 1993 1311 2053 un

1369 1996 1557 2056 Leichtigkeit
1579 1997 1804 2057 ausgezeichnet
1827 1994 1848 2054 zu
1881 1993 1923 2053 der
1951 1995 2069 2055 virtuos
2091 1997 2269 2057 aufgezoge¬
2302 1996 2463 2056 nenbilder
2485 1996 2657 2056 geschaffen.
2674 1996 2717 2056 Es
2744 1998 2824 2058 fragt
2847 2000 2911 2060 sich,
2927 1999 2959 2059 ob
2987 1999 3072 2059 dieses
3100 1999 3191 2059 wenig

434 2029 528 2089 welle
550 2030 597 2090 ihn
629 2031 729 2091 dorum
772 2032 871 2092 töten;
898 2032 1024 2092 Robert
1045 2035 1150 2095 flieht,
1172 2033 1245 2093 Otto
1272 2032 1340 2092 will
1372 2036 1424 2096 nen
1456 2037 1846 2097 Verwechslungskomödie
1873 2035 2046 2095 Goldonis.

2295 2038 2545 2098 anspruchsvolle
2571 2037 2661 2097 Werk
2692 2039 2777 2099 einen
2813 2039 2918 2099 solchen
2953 2041 3099 2101 Aufwand
3134 2040 3184 2100 von

441 2071 490 2131 ihn
518 2071 723 2131 zurückholen.
746 2073 873 2133 Robert
896 2074 1039 2134 erschießt
1062 2074 1139 2134 Otto
1168 2074 1223 2134 und
1251 2074 1345 2134 stürz:

2299 2077 2431 2137 Mitteln
2471 2077 2670 2137 rechtfertigt.
2698 2077 2769 2137 Das
2803 2079 2991 2139 Publikum,
3020 2081 3074 2141 das
3108 2080 3191 2140 heut¬

1426 2092 1538 2152 Mario
1566 2095 1765 2155 Ghisalberti
1787 2093 1841 2153 hat
1864 2092 2073 2152 Goldonis
2106 2095 2187 2155 Text
2214 2095 2246 2155 au

436 2114 491 2174 sich
527 2112 612 2172 selbst
643 2113 668 2173 in
710 2113 790 2173 einen
826 2113 977 2173 Abgrund

2295 2116 2385 2176 mehr
2410 2119 2480 2179 denn
2512 2119 2536 2179 je
2557 2119 2611 2179 auf
2637 2116 2677 2176 die
2708 2118 2884 2178 Gestaltung
2915 2119 2959 2179 des
2991 2119 3191 2179 Spielplane¬

1364 2134 1417 2194 die
1444 2134 1597 2194 einfachste
1624 2134 1751 2194 Formel
1778 2134 1932 2194 gebracht.
1959 2134 2027 2194 (Die
2054 2134 2181 2194 deutsche
2213 2132 2271 2192 Be¬

2299 2154 2431 2214 Einfluß
2459 2157 2619 2217 gewonnen
2649 2158 2720 2218 hat,
2737 2157 2842 2217 scheint
2865 2158 2941 2218 diese
2964 2160 3064 2220 Frage
3092 2160 3119 2220 zu
3153 2157 3191 2217 be¬

494 2160 569 2220 Das
597 2161 634 2221 ist
656 2162 710 2222 nun
744 2160 797 2220 auf
819 2160 884 2220 eine
907 2162 971 2222 Art
993 2164 1128 2224 erzählt,
1145 2162 1188 2222 die
1215 2163 1263 2223 sich
1291 2160 1323 2220 de

1368 2175 1533 2235 arbeitung
1559 2175 1679 2235 stammt
1700 2172 1750 2232 von
1775 2172 1896 2232 Walter
1916 2172 2107 2232 Dahms.)
2128 2172 2173 2232 Er
2194 2172 2248 2232 schu

2295 2192 2408 2252 jahen,
2434 2196 2506 2256 denn
2547 2196 2578 2256 es
2620 2196 2722 2256 dankte
2759 2197 2805 2257 den
2852 2198 3088 2258 Mitwirkenden
3130 2199 3186 2259 und

431 2202 598 2262 deutenden
638 2202 839 2262 Wiedergabe
869 2202 952 2262 durch
993 2202 1046 2262 das
1081 2202 1174 2262 Wort
1204 2202 1336 2262 entzieht

1367 2214 1465 2274 damit
1490 2214 1622 2274 günstige
1647 2214 1927 2274 Vorbedingungen
1957 2212 2005 2272 für
2030 2211 2079 2271 den
2114 2213 2260 2273 formalen

2299 2237 2347 2297 dem
2412 2238 2600 2298 anwesenden
2655 2238 2870 2298 Komponisten
2925 2238 2983 2298 mit
3027 2238 3172 2298 lebhaftem

434 2238 480 2298 Es
512 2241 620 2301 ersteht
641 2241 682 2301 ein
714 2240 785 2300 Bild
817 2241 961 2301 seelischer
993 2241 1215 2301 Erkrankung,
1231 2242 1324 2302 psycho

1368 2253 1508 2313 Aufbau,
1534 2256 1578 2316 die
1609 2255 1659 2315 der
1690 2253 1876 2313 Komponist
1902 2252 2032 2312 geschickt
2058 2253 2258 2313 auszunntzen

2965 2280 3031 2340 Dr.
3045 2280 3086 2340 E.
3100 2280 3146 2340 HI.

431 2283 534 2343 logisch
566 2280 783 2340 helljeherisch.
804 2280 1005 2340 beklemmend
1037 2283 1114 2343 echt,
1136 2283 1187 2343 daß
1224 2280 1254 2340 es
1286 2280 1332 2340 der

1368 2295 1543 2355 verstanden
1577 2295 1647 2355 hat.
1687 2295 1752 2355 Die
1785 2292 1954 2352 melodische
1981 2293 2293 2353 Erfindungskraft!
2307 2277 2443 2337 Beifall.

431 2322 519 2382 Leser
550 2321 612 2381 kalt
633 2322 810 2382 überläuft,
831 2322 997 2382 dichterisch
1029 2322 1180 2382 gebannt.
1222 2322 1325 2382 Unver

1368 2334 1622 2394 Wolf-Ferraris
1649 2334 1755 2394 scheint
1782 2334 2010 2394 unerschöpflich
2037 2334 2063 2394 zu
2095 2334 2169 2394 sein.
2191 2333 2259 2393 Mit

431 2361 577 2421 gleichlich
608 2361 648 2421 die
679 2363 962 2423 kontrapunktierte
987 2364 1179 2424 Knüpfung.
1200 2361 1326 2421 Gebette

2338 2372 2402 2432 Von
2436 2372 2480 2432 der
2507 2371 2702 2431 Universität
2729 2372 2878 2432 Breslau.
2898 2374 2962 2434 Der
2989 2375 3184 2435 Ordinarius

1365 2374 1461 2434 unter
1484 2375 1586 2435 finden
1620 2375 1670 2435 sich
1699 2375 1795 2435 einige
1824 2375 2004 2435 großartige
2028 2374 2186 2434 Einfälle.
2209 2372 2253 2432 Am

434 2401 468 2461 ist
494 2401 560 2461 dies
591 2402 615 2462 in
651 2402 691 2462 die
722 2402 813 2462 milde
839 2402 1030 2462 Landschaft,
1051 2402 1096 2462 die
1122 2402 1208 2462 linde
1234 2400 1319 2460 Atmo

1372 2414 1503 2474 stärksten
1536 2414 1625 2474 wirkt
1646 2413 1689 2473 die
1716 2411 1820 2471 Musik
1842 2414 1878 2474 an
1905 2414 1952 2474 den
1985 2413 2127 2473 Stellen,
2143 2413 2185 2473 wo
2212 2413 2264 2473 der
2297 2412 2354 2472 der
2381 2411 2645 2471 Moraltheplogie
2672 2411 2698 2471 in
2735 2411 2782 2471 der
2809 2414 3189 2474 katholisch-theologischen

3226 2414 3273 2474 für

438 2441 541 2501 sohire
567 2441 614 2501 des
645 2441 738 2501 alten,
759 2442 1002 2502 schnitzlerischen
1035 2441 1236 2501 Oesterreich.
1273 2441 1324 2501 De

3220 2448 3307 2508 Grup

1368 2456 1547 2516 Komponist
1579 2453 1620 2513 die
1646 2453 1939 2513 Blihnenvorgänge
1986 2453 2161 2513 parodiert.
2202 2453 2264 2513 Die
2300 2451 2449 2511 Fakultät
2506 2452 2557 2512 der
2625 2453 2820 2513 Universität
2862 2453 3088 2513 Breslau,

427 2483 586 2543 Dichtung
613 2483 777 2543 entströmt
799 2483 835 2543 ein
868 2483 1010 2543 Zauber,
1032 2483 1079 2543 der
1106 2483 1164 2543 nur
1186 2483 1233 2543 der
1260 2482 1329 2542 zärt

2293 2489 2398 2549 theol.
2420 2489 2451 2549 et
2478 2490 2557 2550 phil.
2584 2492 2736 2552 Friedrich
2769 2492 2953 2552 Wagner
2991 2493 3027 2553 ist
3049 2493 3101 2553 von
3139 2492 3186 2552 der

1369 2495 1467 2555 Typik
1492 2495 1670 2555 Goldonis,
1715 2495 1768 2555 der
1798 2495 1862 2555 vier
1892 2495 2000 2555 Freier
2050 2495 2266 2555 verschiedener

429 2522 519 2582 lichen
546 2522 755 2582 Melancholie
775 2522 938 2582 Puccinis,
959 2523 984 2583 in
1011 2522 1095 2582 dessen
1122 2522 1324 2582 begnodetsten
1364 2536 1586 2596 Nationalität
1613 2537 1645 2597 um
1692 2536 1737 2596 die
1764 2535 1953 2595 „schalkhafte
1986 2534 2110 2594 Witwe"
2143 2533 2260 2593 werben

2301 2531 2453 2591 amtlichen
2498 2531 2768 2591 Verpflichtungen
2828 2532 2999 2592 entbunden
3059 2531 3177 2591 worden

3227 2552 3302 2612 einfü

434 2564 590 2624 Einfällen
626 2561 849 2621 gleichkommt.
870 2561 1083 2621 Komposition
1124 2564 1179 2624 und
1210 2561 1336 2621 Diktion

2303 2573 2437 2633 Wagner
2485 2572 2525 2632 ist
2547 2570 2620 2630 1867
2648 2572 2674 2632 in
2709 2573 2830 2633 Dorpat
2858 2573 3012 2633 (Estland)
3054 2573 3195 2633 geboren.
3216 2585 3290 2645 gal

1372 2577 1452 2637 läßt,
1472 2576 1543 2636 weiß
1579 2573 1821 2633 Wolf-Ferrari
1847 2573 1902 2633 mit
1933 2573 2099 2633 einfachen,
2125 2573 2196 2633 aber
2227 2574 2271 2634 ge¬

431 2602 527 2662 muten
568 2602 730 2662 schlechthin
766 2602 918 2662 vollendet
944 2602 979 2662 an
1026 2602 1106 2662 Seit
1132 2602 1254 2662 Jahren
1290 2602 1340 2662 hat

2299 2609 2378 2669 Sein
2412 2611 2508 2671 Vater
2543 2610 2604 2670 war
2639 2611 2689 2671 der
2724 2611 2791 2671 1917
2820 2613 3012 2673 verstorbene
3046 2611 3193 2671 Berliner
3228 2620 3295 2680 wird

1373 2614 1491 2674 schickten
1524 2614 1653 2674 Mitteln
1686 2614 1863 2674 musikalisch
1891 2614 1917 2674 zu
1951 2614 2155 2674 illustrieren.
2177 2614 2258 2674 Trot

432 2644 470 2704 es
521 2644 592 2704 solch
631 2644 698 2704 eine
731 2644 908 2704 Schöpfung
948 2644 975 2704 in
1020 2642 1164 2702 deutscher
1203 2642 1341 2702 Sprach¬

2295 2650 2569 2710 Nationalökonom
2642 2653 2802 2713 Exzellenz
2850 2653 2948 2713 Prof.
2974 2653 3030 2713 Dr.
3052 2653 3186 2713 Wagner

1362 2656 1501 2716 manchen
1558 2656 1721 2716 reizvollen
1759 2656 1964 2716 Einzelheiten
1997 2656 2066 2716 kann
2104 2653 2169 2713 man
2207 2653 2253 2713 dem

3219 2654 3308 2714 „Lort

438 2686 522 2746 nicht
552 2686 692 2746 gegeben.

3215 2689 3314 2749 aliebe

2295 2690 2366 2750 1910
2408 2692 2521 2752 erwarb
2558 2692 2691 2752 Wagner
2728 2692 2753 2752 in
2785 2692 2923 2752 Breslau
2960 2692 3011 2752 den
3053 2692 3181 2752 theologi

1368 2698 1457 2758 Werk
1488 2695 1549 2755 nur
1584 2695 1634 2755 den
1671 2695 1765 2755 Wert
1796 2695 1877 2755 einer
1913 2695 2018 2755 sauber
2054 2693 2275 2753 gearbeiteten,

3229 2723 3311 2783 Karte

1135 2723 1282 2783 Frango.

2301 2729 2372 2789 schen
2406 2731 2599 2791 Doktorgrad
2633 2733 2694 2793 und
2728 2733 2916 2793 habilitierte
2950 2734 2994 2794 sich
3028 2732 3072 2792 ein
3106 2735 3194 2795 Jahr

1365 2737 1436 2797 aber
1470 2737 1608 2797 lediglich
1643 2737 1692 2797 der
1726 2734 2064 2794 Unterhaltung
2098 2734 2258 2794 dienender

3227 2757 3262 2817 Am

2306 2773 2399 2833 später
2423 2773 2472 2833 für
2495 2773 2761 2833 Moraltheologie
2783 2773 2839 2833 mit
2861 2773 2944 2833 einer
2967 2773 3089 2833 Schrift
3111 2772 3194 2832 „Der

1368 2777 1585 2837 musikalischen
1616 2776 1768 2836 Operette
1794 2776 1996 2836 zuerkennen.

2295 2811 2427 2871 Begriff
2454 2811 2501 2871 des
2528 2811 2628 2871 Guten
2660 2812 2718 2872 und
2751 2811 2840 2871 Bösen
2877 2812 2940 2872 nach
2973 2812 3104 2872 Thomas
3137 2810 3189 2870 von

457 2817 789 2877 Wolf=Ferraris
822 2820 1099 2880 „Schalkhafte
1132 2817 1282 2877 Witwe

1411 2826 1477 2886 Die
1506 2826 1803 2886 Staatsoper
1831 2823 1915 2883 hatte
1938 2823 1993 2883 für
2022 2823 2072 2883 das
2106 2823 2257 2883 Gelingen

3232 2829 3311 2889 geipr

2295 2852 2397 2912 Aquin
2435 2851 2491 2911 und
2522 2853 2780 2913 Bonaventura".
2796 2853 2920 2913 Später
2951 2853 3059 2913 erhielt
3086 2853 3111 2913 er
3137 2853 3189 2913 das
3215 2860 3312 2920 erde

1373 2865 1417 2925 des
1451 2865 1577 2925 Werkes
1611 2865 1677 2925 ihre
1710 2865 1804 2925 besten
1838 2863 1948 2923 Kräste
1981 2865 2147 2925 eingesetzt.
2192 2862 2263 2922 Das

506 2883 660 2943 Deutsche
689 2881 952 2941 Erstaufführung
987 2883 1009 2943 in
1044 2882 1090 2942 der
1119 2880 1267 2940 Berliner

2306 2892 2453 2952 Prädikat
2476 2894 2634 2954 Professor
2663 2895 2719 2955 und
2748 2894 2810 2954 1916
2839 2893 2884 2953 die
2907 2895 3099 2955 Ernennung
3128 2892 3178 2952 zum
3224 2894 3269 2954 Am

1368 2907 1522 2967 Quartett
1554 2907 1605 2967 der
1636 2907 1744 2967 Freier
1797 2904 1956 2964 (Tbeodor
1988 2906 2137 2966 Scheid

782 2929 989 2989 Staatsoper

3216 2931 3270 2991 stu

1374 2946 1468 3006 steifer
1504 2946 1709 3006 Engländer,
1751 2944 1810 3004 der
1846 2943 2051 3003 Heldentenor
2087 2940 2128 3000 (!)
2182 2940 2269 3000 Fritz
2294 2934 2517 2994 Ordinarius.

1364 2987 1481 3047 Soot
1529 2988 1581 3048 als
1630 2985 1830 3045 schnörkliger
1885 2987 2054 3047 Franzose,
2112 2984 2271 3044 Emanuel

503 2989 576 3049 Der
611 2985 923 3045 Deutsch-Italiener
980 2985 1144 3045 Ermanno
1201 2985 1325 3045 Wolf

2350 2992 2480 3052 Ehrung
2515 2994 2672 3054 Professor
2701 2994 2811 3054 Obsts.
2853 2994 2914 3054 Die
2956 2994 3189 3054 Geographisch¬

1371 3027 1468 3087 Lizt
1494 3027 1542 3087 als
1568 3027 1800 3087 aufgeblasener
1826 3027 1967 3087 Spanier
1992 3027 2047 3087 und
2078 3027 2127 3087 der
2152 3025 2237 3085 stimm

431 3032 637 3092 Ferrari
664 3029 699 3089 ist
721 3029 808 3089 durch
840 3029 901 3089 eine
928 3027 1026 3087 Reihe
1052 3027 1207 3087 komischer
1233 3027 1336 3087 Opern

2290 3032 2490 3092 Gesellschaft
2517 3031 2544 3091 in
2577 3032 2814 3092 Hannover
2847 3032 2901 3092 hat
2928 3032 3014 3092 ihrem
3053 3032 3090 3092 1.
3112 3032 3177 3092 Vor

3229 3041 3296 3101 n

1372 3068 1418 3128 lich
1454 3068 1500 3128 sich
1537 3066 1593 3126 gut
1619 3065 1825 3125 entwickelnde
1857 3065 1986 3125 Marcel
2028 3065 2254 3125 Wirttrid

433 3071 570 3131 bekannt
595 3068 767 3128 geworden.
792 3068 865 3128 Sein
900 3068 1194 3128 Kompositionsstil
1214 3066 1341 3126 zeichnet

2296 3071 2451 3131 sitzenden,
2468 3069 2630 3129 Professor
2652 3068 2711 3128 Dr.
2727 3071 2813 3131 Erich
2835 3071 2954 3131 Obst,
2971 3071 3018 3131 der
3041 3074 3105 3134 jetzt
3127 3070 3185 3130 zehr

1373 3109 1416 3169 als
1445 3107 1604 3167 sieghafter
1627 3107 1802 3167 Italiener)
1836 3105 1896 3165 war
1924 3106 2161 3166 ausgezeichnet.
2183 3104 2260 3164 Vera
2294 3108 2398 3168 Jahre
2421 3110 2453 3170 an
2487 3110 2536 3170 der
2559 3110 2746 3170 Technischen
2774 3110 2944 3170 Hochschule
2967 3110 2994 3170 in
3016 3110 3165 3170 Hanno

441 3112 485 3172 sich
516 3110 592 3170 nicht
618 3110 703 3170 durch
729 3107 911 3167 persönliche
932 3107 1083 3167 Färbung
1114 3107 1189 3167 aus:
1210 3107 1240 3167 er
1266 3104 1336 3164 wird

1368 3146 1573 3206 Schwarz
1605 3147 1698 3207 fehlte
1729 3146 1760 3206 an
1796 3146 1935 3206 manchen
1972 3146 2090 3206 Stellen
2127 3146 2172 3206 die
2209 3142 2250 3202 Be

2287 3146 2362 3206 ver
2393 3149 2483 3209 lehrt,
2524 3149 2579 3209 für
2610 3149 2685 3209 seine
2716 3149 2891 3209 Verdienste
2922 3149 2957 3209 um
3003 3148 3048 3208 die
3079 3149 3194 3209 Gesell¬

435 3152 601 3212 beherrscht
630 3150 679 3210 von
713 3149 796 3209 einer
818 3149 1129 3209 Musikgeneration,
1152 3146 1196 3206 die
1219 3146 1252 3206 um
1297 3146 1341 3206 die

3233 3155 3303 3215 a.

1378 3188 1589 3248 chwingtheit,
1609 3188 1653 3248 die
1678 3188 1742 3248 man
1777 3188 1821 3248 sich
1851 3187 1904 3247 für
1935 3185 1978 3245 die
2003 3185 2185 3245 Gestaltung
2220 3185 2263 3245 der

2295 3186 2400 3246 schaft,
2415 3188 2460 3248 die
2486 3188 2515 3248 er
2541 3188 2606 3248 nach
2632 3188 2681 3248 der
2712 3188 2968 3248 Mitgliederzahl
2989 3188 3018 3248 an
3049 3188 3094 3248 die
3119 3187 3194 3247 erste

436 3191 769 3251 Jahrhundertwende
802 3190 828 3250 in
866 3189 1066 3249 Deutschland
1126 3188 1183 3248 und
1216 3186 1337 3246 Italier

433 3235 478 3295 die
508 3233 657 3293 Führung
687 3233 761 3293 inne
796 3230 888 3290 hatte.
912 3230 993 3290 Was
1028 3228 1264 3288 Wolf-Ferrari
1293 3230 1327 3290 an
1363 3230 1535 3290 Titelrolle
1565 3230 1732 3290 gewünscht
1762 3228 1859 3288 hätte.
1900 3228 1986 3288 Tilly
2021 3230 2061 3290 de
2096 3230 2258 3290 Garmo
2293 3229 2402 3289 Stelle
2426 3227 2518 3287 unter
2559 3227 2616 3287 den
2663 3230 2911 3290 geographischen
2963 3229 3188 3289 Gesellschaften
3223 3225 3292 3285 Bert
