3392 4352
188 284 305 344 12.

438 293 958 353 chnitzlers
1034 291 1257 351 Death

347 700 786 760 OBSER

906 714 1055 774 /ER

423 753 448 813 I.
461 756 583 816 österr.
596 762 747 822 behördl.
761 771 1060 831 konzessioniertes

375 796 613 856 Unternehmen
644 802 691 862 für
718 812 1107 872 Zeitungs-Ausschnitte

435 855 572 915 WIEN,
599 863 651 923 I.,
679 870 962 930 WOLLZEILE

525 912 736 972 TELEPHON
773 921 949 981 R-23-0-43

319 1047 544 1107 Ausschnitt
565 1052 656 1112 aus:

273 1148 413 1208 Neues
468 1163 656 1223 polit,
709 1178 1062 1238 Volksolatt,

781 1233 1060 1293 Bidapest.

315 1270 426 1330 vom:

600 1342 950 1402 .10.1951.

564 1370 649 1430 et-

373 1407 560 1467 Arinur
590 1415 760 1475 Shjatr
790 1422 971 1482 gellarhen.
995 1427 1076 1487 Der.

346 1459 617 1519 repräsentative
647 1468 889 1528 Schriftsteller
930 1473 1068 1533 Oester¬

348 1505 465 1565 reichs.
495 1509 629 1569 Arkhur
665 1515 870 1575 Schnitzler,
894 1521 941 1581 ist
971 1524 1069 1584 heute

345 1550 374 1610 in
411 1553 502 1613 Wien
539 1556 568 1616 im
618 1559 714 1619 Alter
745 1564 805 1624 von
848 1566 884 1626 70
927 1571 1059 1631 Jahren

342 1601 533 1661 gestorben.
557 1602 607 1662 Er
641 1609 759 1669 machte
794 1613 844 1673 sich
879 1616 969 1676 durch
1003 1616 1065 1676 sei¬

339 1646 376 1706 ne
408 1654 669 1714 Bühnenwerke
702 1658 765 1718 und
798 1663 958 1723 Romane
990 1667 1064 1727 weit

340 1697 419 1757 über
454 1700 510 1760 das
545 1703 688 1763 deutsche
718 1709 963 1769 Sprachgebiet
992 1715 1066 1775 hin¬

333 1744 403 1804 aus
431 1747 522 1807 einen
555 1750 679 1810 großen
712 1753 868 1813 Namen.
891 1759 933 1819 Er
966 1761 1063 1821 wur¬

336 1792 374 1852 de
402 1795 479 1855 auch
513 1798 578 1858 auf
629 1801 844 1861 ungarischen
900 1810 1049 1870 Bühnen

335 1843 544 1903 aufgeführt
574 1846 643 1906 und
679 1849 742 1909 fast
772 1852 835 1912 alle
871 1855 952 1915 seine
988 1854 1062 1914 Bü¬

336 1892 401 1952 cher
434 1896 612 1956 erschienen
656 1894 732 1954 auch
765 1897 797 1957 in
841 1898 1052 1958 ungarischer

335 1939 500 1999 Sprache.
546 1943 734 2003 Schnitzler
786 1944 882 2004 hatte
911 1947 962 2007 sich
1003 1944 1059 2004 ur¬

337 1989 522 2049 sprünglich
557 1990 614 2050 der
668 1993 963 2053 Aerztelaufbahn
1004 1992 1061 2052 ge¬

329 2036 473 2096 widmet
524 2037 590 2097 und
641 2040 719 2100 trat
770 2040 803 2100 in
843 2043 1059 2103 militärische

335 2086 483 2146 Dienste.
528 2085 578 2145 Er
612 2088 722 2148 wurde
756 2091 1060 2151 Regimentsarzt,

332 2132 423 2192 hatte
456 2136 532 2196 aber
559 2137 635 2197 auch
662 2138 803 2198 damals
836 2141 917 2201 schon
955 2141 1052 2201 große

332 2183 677 2243 Novellen=Erfolge.
723 2185 819 2245 Eine
854 2187 950 2247 dieser
985 2187 1057 2247 No¬

327 2228 427 2288 vellen
467 2234 673 2294 „Leutnant
697 2234 819 2294 Gustl"
859 2234 987 2294 brachte
1021 2234 1054 2294 es

335 2276 395 2336 mit
429 2280 507 2340 sich,
535 2282 591 2342 daß
636 2285 669 2345 er
703 2282 809 2342 wegen
854 2286 1054 2346 Verletzung

327 2327 381 2387 der
430 2330 559 2390 Armee
608 2330 640 2390 im
684 2333 781 2393 Wege
814 2333 905 2393 eines
933 2333 1056 2393 ehren¬

328 2375 483 2435 rätlichen
519 2378 733 2438 Verfahrens
774 2383 877 2443 seines
907 2383 1051 2443 Ranges

332 2422 487 2482 verlustia
524 2422 643 2482 wurde

353 2576 1071 2636 OBSERVER

439 2637 464 2697 I.
482 2637 598 2697 österr.
611 2635 762 2695 behördl.
775 2632 1077 2692 konzessioniertes

397 2678 632 2738 Unternehmen
664 2676 712 2736 für
735 2674 1127 2734 Zeitungs-Ausschnitte

450 2733 596 2793 WIEN,
623 2737 670 2797 I.,
697 2738 984 2798 WOLLZEILE
1031 2734 1077 2794 11

546 2789 764 2849 TELEPHON
797 2786 973 2846 R-23-0-43

351 2932 570 2992 Ausschnitt
593 2932 683 2992 aus:

388 3012 670 3072 Türkische
745 3013 909 3073 Post,
955 3014 1209 3074 Konstan¬

587 3090 874 3150 tinopol,

353 3159 466 3219 vom:

589 3204 904 3264 22.10.1931

357 3282 583 3342 Arthur
630 3280 1004 3340 Schnitzler

858 3343 960 3403 Wien,
980 3344 1033 3404 21.
1049 3344 1131 3404 Okt.

324 3410 382 3470 Der
410 3410 646 3470 Schriftsteller
673 3407 795 3467 Arthur
819 3404 1000 3464 Schnitzler
1028 3404 1068 3464 ist
1091 3403 1163 3463 heu¬

277 3452 307 3512 te
334 3452 532 3512 nachmittag
559 3449 682 3509 infolge
709 3449 793 3509 eines
824 3446 1084 3506 Schlaganfalles
1111 3441 1164 3501 ge¬

278 3494 427 3554 storben.
465 3491 644 3551 Schnitzler
665 3488 748 3548 wäre
774 3488 798 3548 im
840 3488 906 3548 Mai
924 3485 973 3545 des
1003 3485 1165 3545 kommen¬

280 3532 333 3592 den
360 3533 476 3593 Jahres
494 3532 529 3592 70
552 3532 645 3592 Jahre
672 3532 712 3592 alt
734 3528 921 3588 geworden.

319 3592 381 3652 Von
448 3591 555 3651 seinen
622 3589 859 3649 dramatischen
913 3586 1046 3646 Werken
1092 3586 1158 3646 sind

279 3634 314 3694 am
401 3634 636 3694 bekanntesten
714 3629 906 3689 geworden:
973 3627 1165 3687 „Professor

794 3670 857 3730 und
925 3668 977 3728 die
1025 3667 1167 3727 Szenen¬

545 3673 722 3733 „Liebelei

283 3676 500 3736 Bernhardi“,

1084 3708 1160 3768 viele

899 3708 984 3768 über

757 3712 808 3772 die

480 3715 656 3775 „Reigen“,

284 3717 377 3777 folge

286 3756 406 3816 Bühnen
437 3757 510 3817 ging
536 3754 591 3814 und
618 3753 669 3813 oft
687 3753 833 3813 heftigen
859 3750 992 3810 Protest
1014 3747 1173 3807 auslöste.

282 3798 428 3858 Bekannt
453 3795 481 3855 in
510 3795 620 3855 weiten
653 3792 783 3852 Kreisen
816 3791 921 3851 wurde
950 3789 1016 3849 sein
1049 3789 1162 3849 Roman

303 3838 364 3898 Der
391 3838 462 3898 Weg
489 3837 533 3897 ins
555 3834 666 3894 Freie“
693 3834 746 3894 und
773 3833 817 3893 die
844 3831 972 3891 Novelle
999 3831 1163 3891 „Fräulein

280 3879 387 3939 Else“,
405 3877 453 3937 die
479 3876 552 3936 auch
583 3876 730 3936 verfilmt
756 3873 882 3933 wurde.
921 3873 964 3933 Er
986 3873 1068 3933 nahm
1112 3869 1163 3929 den

282 3917 369 3977 Stoff
395 3917 500 3977 seiner
530 3915 643 3975 Werke
669 3915 765 3975 meist
791 3915 849 3975 aus
875 3912 929 3972 dem
972 3912 1156 3972 Bürgertum

282 3959 415 4019 unserer
437 3956 522 4016 Zeit.
557 3956 737 4016 Schnitzler
763 3956 827 4016 war
849 3953 1075 4013 ursprünglich
1102 3950 1170 4010 Me¬

284 3999 408 4059 diziner
438 3998 493 4058 und
524 3998 635 4058 wirkte
665 3997 759 4057 lange
790 3995 888 4055 Jahre
918 3995 939 4055 in
974 3992 1080 4052 seiner
1111 3989 1170 4049 Va¬

285 4040 424 4100 terstadt
453 4037 531 4097 Wien
565 4038 607 4098 als
630 4037 835 4097 praktischer
864 4034 957 4094 Arzt,
976 4034 1022 4094 bis
1046 4034 1078 4094 er
1102 4034 1162 4094 sich

283 4080 362 4140 dann
395 4082 475 4142 ganz
503 4082 554 4142 der
583 4079 859 4139 Schriftstellerei
883 4076 1046 4136 widmete.

1492 291 1618 351 box
1693 294 1871 354 42/6

2564 357 2906 417 ERVER

2196 357 2462 417 OBS

2281 416 2301 476 l.
2314 413 2433 473 österr.
2446 416 2593 476 behördl.
2610 419 2911 479 konzessioniertes

2232 455 2466 515 Unternehmen
2496 458 2546 518 für
2572 459 2957 519 Zeitungs-Ausschnitte

2284 510 2429 570 WIEN.
2455 518 2506 578 I.,
2532 521 2818 581 WOLLZEILE
2864 523 2907 583 11

2375 568 2592 628 TELEPHON
2630 571 2811 631 R-23-0-43

2180 706 2405 766 Ausschnitt
2432 709 2521 769 aus:

2181 928 2289 988 vom:

2681 908 2781 968 1.

2154 1121 2333 1181 Arthur
2384 1127 2635 1187 Schnitzler
2677 1130 2958 1190 gestorben.

2276 1196 2414 1256 Wien,
2431 1198 2488 1258 21.
2505 1201 2652 1261 Oktober.
2677 1202 2717 1262 Jn
2743 1201 2840 1261 seiner
2866 1203 2946 1263 Willa
2972 1201 3004 1261 in

2181 1249 2325 1309 Döbling
2361 1251 2395 1311 ist
2430 1252 2516 1312 heute
2552 1252 2603 1312 der
2638 1252 2759 1312 Dichter
2795 1255 2864 1315 Dr.
2888 1258 3014 1318 Arthur

2184 1303 2430 1363 Schnitzler
2467 1305 2496 1365 im
2552 1306 2611 1366 69.
2642 1309 2841 1369 Lebensjahr
2878 1309 3010 1369 plötzlich

2181 1353 2361 1413 gestorben.

2186 1416 2243 1476 Der
2273 1416 2336 1476 Tod
2365 1419 2556 1479 Schnitzlers
2585 1422 2632 1482 kam
2679 1422 2771 1482 selbst
2794 1422 2846 1482 der
2876 1425 3002 1485 nächsten

2096 1458 2279 1518 Umgebung
2312 1464 2549 1524 überraschend.
2593 1464 2690 1524 Wohl
2712 1467 2809 1527 klagte
2836 1467 2868 1527 er
2896 1467 2922 1527 in
2955 1467 3003 1527 ben

2095 1502 2189 1562 letzten
2238 1505 2363 1565 Jahren
2412 1506 2490 1566 über
2528 1508 2738 1568 verschiedene
2781 1509 3018 1569 Beschwerden,

2089 1543 2164 1603 sauch
2192 1544 2245 1604 der
2274 1547 2468 1607 Selbstmord
2501 1550 2598 1610 seiner
2625 1551 2750 1611 Tochter
2777 1552 2831 1612 hat
2859 1553 2907 1613 ihm
2951 1553 3015 1613 sehr

2095 1587 2352 1647 niedergedrückt.
2394 1590 2476 1650 Aber
2518 1592 2554 1652 er
2596 1592 2667 1652 war
2709 1594 2792 1654 nicht
2839 1595 2926 1655 krank
2973 1595 2998 1655 im

2095 1631 2291 1691 eigentlichen
2328 1632 2431 1692 Sinne
2462 1635 2524 1695 und
2555 1636 2664 1696 mußte
2695 1637 2742 1697 nie
2773 1639 2798 1699 in
2835 1637 2887 1697 der
2913 1637 3011 1697 letzten

2095 1674 2168 1734 Zeit
2190 1673 2243 1733 das
2270 1673 2343 1733 Bett
2365 1676 2476 1736 hüten.
2498 1676 2598 1736 Heute
2619 1679 2794 1739 vormittag
2821 1682 3001 1742 unternahm

2096 1715 2125 1775 er
2160 1715 2228 1775 noch
2268 1718 2355 1778 einen
2395 1721 2635 1781 Spaziergang,
2685 1724 2743 1784 von
2783 1724 2836 1784 dem
2891 1724 2920 1784 er
2959 1725 2993 1785 um

2095 1756 2132 1816 11
2171 1756 2240 1816 Uhr
2278 1760 2349 1820 nach
2392 1762 2494 1822 Hause
2532 1763 2753 1823 zurückkehrte.
2803 1766 2846 1826 Um
2906 1768 3018 1828 viertel

2098 1801 2124 1861 12
2164 1801 2229 1861 Uhr
2258 1804 2329 1864 fand
2363 1804 2413 1864 ihn
2452 1805 2529 1865 seine
2562 1807 2767 1867 Sekretärin,
2795 1810 2822 1870 im
2867 1810 3016 1870 Arbeits¬

2094 1846 2223 1906 zimmer
2251 1846 2429 1906 bewußtlos
2467 1849 2520 1909 auf
2548 1849 2597 1909 dem
2646 1851 2748 1911 Boden
2786 1855 2905 1915 liegen.
2927 1852 3007 1912 Man

2096 1888 2211 1948 brachte
2245 1889 2294 1949 ihn
2334 1891 2433 1951 sofort
2462 1892 2488 1952 zu
2529 1894 2622 1954 Bett,
2651 1893 2711 1953 doch
2750 1897 2805 1957 hat
2834 1897 2866 1957 er
2900 1898 2944 1958 bis
2984 1899 3010 1959 zu

2096 1930 2190 1990 seinem
2238 1933 2301 1993 Tod
2334 1930 2418 1990 nicht
2445 1933 2529 1993 mehr
2562 1936 2614 1996 das
2651 1937 2852 1997 Bewußtsein
2889 1938 3015 1998 wieder¬

2091 1972 2231 2032 erlangt.
2253 1974 2334 2034 Eine
2361 1977 2626 2037 Gehirnblutung
2659 1980 2729 2040 war
2757 1981 2962 2041 eingetreten,
2989 1982 3010 2042 so

2088 2016 2142 2076 daß
2180 2016 2212 2076 er
2245 2016 2293 2076 sich
2327 2019 2408 2079 nicht
2441 2019 2521 2079 einen
2560 2022 2749 2082 Augenblick
2777 2024 2874 2084 seines
2913 2025 3010 2085 nahen

2089 2058 2191 2118 Todes
2219 2061 2348 2121 bewußt
2370 2062 2494 2122 wurde.
2516 2064 2559 2124 Er
2587 2064 2640 2124 hat
2662 2067 2808 2127 oAnbar
2835 2067 2905 2127 auch
2933 2069 3013 2129 nicht

2099 2103 2242 2163 gelitten.
2269 2105 2313 2165 Um
2367 2106 2477 2166 viertel
2511 2106 2523 2166 7
2563 2108 2628 2168 Uhr
2662 2111 2726 2171 trat
2760 2113 3014 2173 Atemlähmung

2092 2144 2158 2204 ein;
2181 2144 2214 2204 er
2237 2144 2315 2204 starb
2350 2147 2450 2207 sanft.

2179 2198 2224 2258 An
2265 2198 2311 2258 dem
2365 2202 2571 2262 Sterbelager
2606 2204 2711 2264 weilte
2739 2207 2797 2267 sein
2839 2207 2938 2267 sofort
2965 2207 3018 2267 be¬

2091 2240 2221 2300 rufener
2260 2242 2390 2302 Bruder
2423 2246 2542 2306 Hofrat
2575 2249 2792 2309 Univ.=Prof.
2825 2250 3015 2310 Primarius

2095 2285 2155 2345 Dr.
2183 2285 2306 2345 Julius
2345 2289 2595 2349 Schnitzler
2634 2291 2690 2351 und
2729 2291 2779 2351 die
2813 2293 2940 2353 übrigen
2985 2292 3007 2352 in

2090 2327 2174 2387 Wien
2220 2328 2390 2388 weilenden
2441 2333 2685 2393 Angehörigen.
2725 2334 2906 2394 Vorläufig
2947 2335 3008 2395 sind

2095 2368 2158 2428 noch
2193 2371 2274 2431 keine
2298 2374 2529 2434 Verfügungen
2559 2377 2640 2437 über
2663 2377 2709 2437 die
2738 2380 2941 2440 Leichenfeier
2971 2380 3016 2440 ge¬

2090 2410 2202 2470 troffen
2233 2414 2382 2474 worden.

2171 2505 2263 2565 Artur
2294 2508 2455 2568 Schnitzler
2486 2509 2585 2569 wurde
2617 2509 2653 2569 am
2698 2512 2752 2572 15.
2778 2513 2851 2573 Mai
2877 2513 2951 2573 1862
2982 2513 3012 2573 in

2089 2541 2168 2601 Wien
2204 2544 2350 2604 geboren,
2390 2547 2440 2607 als
2471 2547 2556 2607 Sohn
2592 2548 2642 2608 des
2673 2550 2843 2610 Professors
2894 2553 2929 2613 an
2970 2551 3014 2611 der

2089 2580 2207 2640 Wiener
2242 2586 2443 2646 Universität,
2468 2586 2527 2646 Dr.
2557 2589 2680 2649 Johann
2715 2593 2892 2653 Schnitzler,
2937 2592 3015 2652 eines

2088 2622 2309 2682 Laryngologen
2347 2624 2395 2684 von
2434 2625 2631 2685 Bedeutung.
2670 2628 2833 2688 Schnitzler
2882 2631 3021 2691 studierte

2089 2662 2247 2722 gleichfalls
2276 2663 2405 2723 Medizin
2444 2664 2467 2724 in
2496 2664 2601 2724 Wien,
2625 2667 2826 2727 promenierte
2855 2670 2922 2730 1885
2956 2672 3013 2732 und

2086 2700 2152 2760 war
2177 2700 2219 2760 bis
2249 2700 2315 2760 1893
2339 2703 2478 2763 Assistent
2502 2705 2592 2765 seines
2622 2706 2731 2766 Vaters
2760 2708 2789 2768 an
2823 2709 2870 2769 der
2894 2709 3013 2769 Wiener

2089 2741 2272 2801 allgemeinen
2307 2741 2485 2801 Poliklinik.
2501 2744 2564 2804 Den
2600 2744 2872 2804 militärärztlichen
2907 2750 3020 2810 Dienst,

2089 2777 2108 2837 in
2147 2778 2194 2838 den
2233 2780 2391 2840 Schnitzler
2430 2784 2525 2844 später
2555 2785 2636 2845 trat,
2665 2786 2765 2846 mußte
2795 2786 2828 2846 er
2862 2789 2929 2849 nach
2963 2788 3010 2848 der

2093 2818 2279 2878 Publikation
2313 2819 2408 2879 seines
2442 2822 2614 2882 „Leutnant
2638 2822 2743 2882 Gustl“
2777 2828 2915 2888 aufgoben
2954 2828 3010 2888 und

2083 2855 2149 2915 bald
2203 2855 2336 2915 widmete
2365 2856 2398 2916 er
2428 2858 2475 2918 sich
2509 2861 2719 2921 ausschließlich
2772 2861 2819 2921 der
2849 2864 3020 2924 Literatur.

2165 2892 2224 2952 Von
2254 2897 2416 2957 kleineren,
2436 2900 2529 2960 längst
2550 2901 2731 2961 vergessenen
2762 2903 3022 2963 Frühprodukten,

2086 2932 2128 2992 die
2155 2932 2181 2992 in
2213 2932 2260 2992 der
2292 2936 2467 2996 „Deutschen
2500 2939 2738 2999 Wochenschrift"
2771 2938 2871 2998 (1886)
2898 2940 2951 3000 und
2983 2939 3009 2999 in

2090 2971 2131 3031 der
2157 2971 2245 3031 lange
2272 2972 2343 3032 nicht
2370 2974 2448 3034 mehr
2474 2977 2655 3037 bestehenden
2687 2979 2858 3039 Zeitschrift
2880 2981 2936 3041 „An
2968 2980 3014 3040 der

2090 3010 2200 3070 schönen
2236 3013 2341 3073 blauen
2382 3013 2488 3073 Donau
2550 3013 2650 3073 (1889)
2680 3016 2836 3076 erschienen
2878 3019 2953 3079 sind,
2984 3018 3008 3078 is

2090 3049 2142 3109 sein
2171 3049 2272 3109 erstes,
2296 3052 2608 3112 aufsehenerregendes
2637 3053 2694 3113 und
2719 3055 2742 3115 in
2776 3055 2823 3115 der
2848 3057 3010 3117 damaligen

2096 3089 2154 3149 Zeit
2184 3088 2233 3148 als
2268 3091 2336 3151 kühn
2371 3091 2586 3151 empfundenes
2620 3094 2723 3154 Werk:
2753 3094 2919 3154 „Anatol",
2949 3097 3012 3157 eine

2091 3125 2179 3185 Reihe
2208 3126 2259 3186 von
2293 3129 2503 3189 dramatischen
2536 3130 2704 3190 Dialogen,
2751 3132 2798 3192 die
2850 3132 2905 3192 mit
2934 3134 3013 3194 ihren

2091 3168 2179 3228 scharf
2203 3168 2404 3228 beobachteten
2437 3169 2586 3229 Menschen
2647 3171 2702 3231 und
2736 3171 2815 3231 deren
2871 3174 3016 3234 graziöser

2090 3207 2219 3267 Sprache
2249 3207 2273 3267 in
2313 3207 2392 3267 einer
2422 3209 2481 3269 fast
2506 3210 2699 3270 spielerischen
2755 3211 2818 3271 Art
2864 3213 2937 3273 schon
2977 3211 3016 3271 die

2085 3246 2228 3306 Eigenart
2253 3246 2305 3306 von
2335 3246 2512 3306 Schnitzlers
2536 3249 2651 3309 Talent
2676 3250 2785 3310 zeigen.
2825 3251 2901 3311 Sein
2930 3253 3016 3313 näch¬

2089 3285 2138 3345 stes
2169 3285 2224 3345 und
2260 3286 2380 3346 zugleich
2412 3286 2466 3346 das
2497 3286 2567 3346 erste
2598 3290 2789 3350 aufgeführte
2815 3291 2901 3351 Werk
2946 3291 3011 3351 war

2089 3326 2171 3386 „Das
2202 3323 2361 3383 Märchen“
2398 3324 2505 3384 (1893).
2547 3326 2593 3386 In
2625 3327 2676 3387 der
2707 3328 2882 3388 „Liebelei",
2908 3329 3016 3389 seiner¬

2090 3364 2139 3424 zeit
2170 3365 2407 3425 meistgespieltem
2458 3364 2649 3424 Schauspiel,
2675 3368 2765 3428 klingt
2796 3368 2846 3428 das
2887 3368 3012 3428 Anatol¬

2088 3401 2176 3461 motiv
2206 3403 2334 3463 wieder;
2359 3401 2402 3461 die
2437 3406 2668 3466 Uraufführung
2703 3405 2806 3465 (1895)
2831 3407 2864 3467 am
2909 3408 3012 3468 Burg¬

2086 3440 2200 3500 theater
2230 3440 2292 3500 war
2321 3441 2498 3501 Schnitzlers
2523 3443 2614 3503 erster
2643 3444 2749 3504 großer
2778 3446 3018 3506 Bühnenerfolg.

2082 3479 2122 3539 In
2159 3480 2236 3540 Wien
2273 3482 2360 3542 spielt
2387 3482 2449 3542 auch
2480 3482 2531 3542 das
2563 3482 2671 3542 nächste
2698 3483 2805 3543 Stück:
2827 3485 2987 3545 „Freiwild

2095 3518 2202 3578 (1897).
2241 3519 2288 3579 In
2322 3520 2396 3580 diese
2424 3520 2521 3580 Jahre
2554 3520 2623 3580 fällt
2667 3520 2715 3580 die
2743 3523 2926 3583 Entstehung
2959 3524 3007 3584 des

2089 3559 2249 3619 „Reigen",
2275 3558 2334 3618 zehn
2370 3559 2485 3619 Szenen
2521 3559 2577 3619 mit
2607 3557 2652 3617 dem
2698 3562 2818 3622 gleichen
2854 3562 2999 3622 erotischen

2088 3598 2307 3658 Grundmotiv,
2327 3596 2370 3656 die
2404 3598 2470 3658 aber
2499 3598 2556 3658 erst
2580 3598 2642 3658 viel
2667 3601 2766 3661 spater
2796 3601 2924 3661 gedruckt
2953 3600 3005 3660 und

2085 3637 2171 3697 1920,
2191 3638 2335 3698 durchaus
2369 3637 2445 3697 nicht
2469 3637 2517 3697 dem
2561 3637 2666 3697 Willen
2700 3640 2747 3700 des
2781 3640 2916 3700 Dichters
2945 3639 3012 3699 ent¬

2088 3676 2246 3736 sprechend,
2289 3676 2377 3736 unter
2429 3676 2475 3736 dem
2518 3676 2719 3736 Widerspruch
2771 3679 3013 3739 rechtsstehender

2084 3715 2179 3775 Kreise
2204 3715 2380 3775 aufgeführt
2404 3715 2538 3775 wurden.
2577 3717 2753 3777 Schnitzlers
2783 3718 2878 3778 Werke
2907 3718 2997 3778 reihen

2085 3755 2124 3815 sich
2154 3753 2208 3813 nun
2238 3753 2262 3813 in
2292 3753 2395 3813 rascher
2421 3755 2523 3815 Folge.
2559 3753 2602 3813 Es
2628 3756 2804 3816 erschienen:
2830 3756 2908 3816 „Das
2933 3755 3011 3815 Ver¬

2082 3792 2243 3852 machtnis"
2284 3792 2394 3852 (1897),
2420 3794 2465 3854 die
2496 3792 2561 3852 drei
2592 3792 2749 3852 Einakter:
2780 3795 3011 3855 „Paracelsus",

2082 3833 2156 3893 „Die
2182 3832 2378 3892 Gefährtin,
2404 3834 2483 3894 „Der
2514 3833 2610 3893 grüne
2641 3832 2776 3892 Kakadu"
2807 3834 2922 3894 (1898),
2942 3834 2997 3894 sein

2079 3870 2213 3930 Drama:
2243 3871 2324 3931 „Der
2353 3870 2488 3930 Schleier
2517 3870 2565 3930 der
2595 3870 2753 3930 Beatrice“
2792 3872 2902 3932 (1899),
2927 3873 2998 3933 dann

2074 3906 2121 3966 der
2154 3909 2417 3969 Einakterzyklus:
2446 3909 2624 3969 „Lebendige
2658 3909 2836 3969 Stunden",
2879 3912 3005 3972 woraus

2075 3947 2229 4007 besonders
2258 3947 2445 4007 „Literatur“
2474 3947 2652 4007 hervorragt
2676 3947 2793 4007 (1901),
2807 3950 2858 4010 das
2887 3950 2999 4010 Drama

2087 3986 2161 4046 „Der
2192 3986 2317 4046 einsame
2343 3986 2428 4046 Weg“
2459 3986 2570 4046 (1903),
2590 3986 2635 4046 die
2656 3986 2801 4046 Komödie
2827 3989 3007 4049 „Zwischen¬

2090 4026 2164 4086 piel“
2202 4026 2317 4086 (1904);
2346 4025 2443 4085 ferner
2476 4025 2504 4085 im
2546 4026 2667 4086 gleichen
2705 4026 2807 4086 Jahre
2835 4028 2900 4088 eine
2933 4025 3002 4085 neue

2081 4065 2316 4125 Einakterreihe:
2350 4067 2613 4127 „Marionetten".
2643 4067 2724 4127 „Der
2758 4067 2844 4127 junge
2878 4065 3007 4125 Medar¬

2079 4104 2152 4164 dus"
2177 4106 2295 4166 erschien
2325 4103 2412 4163 1909.
2433 4106 2530 4166 Diesem
2570 4103 2668 4163 Werke
2693 4106 2786 4166 folgte
2811 4106 2894 4166 „Das
2919 4106 3002 4166 weite

2080 4142 2175 4202 Land"
2209 4144 2324 4204 (1910),
2348 4144 2410 4204 eine
2440 4144 2664 4204 Tragikomödie
2694 4144 2741 4204 des
2775 4144 2919 4204 Alterns,
2948 4143 3000 4203 und
