3248 4384
2384 267 2458 327 Der
2512 267 2608 327 neue
2657 267 3014 327 mexikanise

350 282 824 342 Sitlr
891 282 1232 342 sath

1442 279 1578 339 box
1658 285 1905 345 43/10

2391 320 2922 380 Ministerpräsident
2953 317 2999 377 Ma

2784 363 2855 423 Wide
2885 363 2970 423 World
2996 366 3008 426 1

2386 372 2578 432 Tellez.

2391 473 2512 533 Einfach
2547 473 2604 533 und
2635 473 2733 533 groß,
2757 471 2808 531 wie
2838 470 2867 530 er
2896 470 3000 530 gelebt
3024 473 3098 533 hat,

2385 518 2489 578 wollte
2526 515 2557 575 er
2599 516 2672 576 auch
2718 515 2772 575 das
2818 516 2986 576 Geschehen
3037 517 3073 577 um

2384 564 2480 624 seinen
2525 561 2591 621 Tod
2646 560 2771 620 wissen.
2815 557 2911 617 Keine
2955 560 3099 620 Kränze,

2391 608 2470 668 keine
2504 605 2636 665 Reden,
2665 605 2750 665 keine
2788 604 2930 664 Trauer,
2954 603 3020 663 bloß
3053 605 3090 665 ein

2391 649 2544 709 einfaches
2570 648 2773 708 Begräbnis,
2793 646 2837 706 der
2862 649 3040 709 Restbetrag
3071 650 3100 710 ist

2395 695 2657 755 Spitalszwecken
2693 691 2928 751 zuzuwenden,
2951 691 2963 751 —
3026 691 3101 751 aber

2393 741 2508 801 gerade
2567 739 2664 799 darum
2745 736 2820 796 wird
2879 739 2950 799 man
3004 736 3106 796 seiner

195 779 384 839 hasken
423 770 554 830 zweier
584 765 906 825 berühmter,
926 759 962 819 in
992 756 1057 816 der
1087 749 1361 809 Vorwoche
1391 748 1428 808 in
1457 742 1589 802 Wien
1618 739 1997 799 verstorbener
2026 736 2205 796 Männer.

2396 784 2489 844 tiefer
2527 781 2583 841 und
2625 781 2751 841 inniger
2780 781 2953 841 gedenken,
2986 781 3018 841 da
3052 781 3102 841 der

889 804 971 864 Phot.
983 800 1080 860 Scherb
1107 796 1151 856 und
1178 793 1332 853 Kleinberg.

2384 829 2550 889 Schmerz,
2599 826 2657 886 von
2726 826 2828 886 keinem
2902 826 3097 886 äußerlichen

2044 879 2217 939 Gepränge
2255 875 2433 935 abgelenkt,
2467 872 2520 932 dem
2568 871 2664 931 Toten
2708 870 2799 930 allein
2833 871 2909 931 gilt.
2939 869 3107 929 Schnitzler

939 896 1098 956 „Reigen"
1140 891 1203 951 und
1234 888 1316 948 „Der
1343 885 1482 945 Schleier
1509 882 1565 942 der
1592 879 1757 939 Beatrice"
1784 879 1912 939 (1900),
1944 882 1995 942 die

201 921 270 981 eine
300 917 379 977 oder
404 914 527 974 andere
562 910 794 970 Hauptgestalt
834 904 893 964 uns

2049 924 2217 984 hinterläßt
2246 920 2323 980 zwei
2343 918 2477 978 Söhne,
2506 915 2573 975 eine
2607 915 2736 975 Tochter
2776 914 2833 974 hat
2867 912 2924 972 vor
2959 912 3097 972 wenigen

931 942 1219 1002 Monolognovelle
1244 933 1422 993 „Leutnant
1438 927 1566 987 Gustl",
1587 927 1800 987 derentwegen
1826 927 1993 987 Schnitzler

197 966 277 1026 pild“
316 963 451 1023 (1896),
484 959 726 1019 „Paracelsus"
764 948 899 1008 (1899),

2049 969 2162 1029 Jahren
2208 965 2406 1025 Selbstmord
2451 963 2629 1023 begangen,
2674 960 2752 1020 seine
2788 959 2986 1019 geschiedene
3021 958 3104 1018 Frau

1459 975 1531 1035 auch
1561 972 1608 1032 des
1633 972 1904 1032 Offizietsranges
1929 972 1996 1032 ver¬

2044 1014 2106 1074 lebt
2140 1012 2169 1072 in
2212 1010 2342 1070 Berlin.
2371 1007 2429 1067 Ein
2472 1005 2583 1065 reicher
2617 1005 2756 1065 Nachlaß
2790 1005 2862 1065 wird
2896 1003 2953 1063 von
2987 1002 3102 1062 Doktor

1463 1020 1553 1080 lustig
1589 1017 1705 1077 erklärt
1742 1017 1863 1077 wurde,
1910 1017 1995 1077 „Der

2050 1059 2140 1119 Horch
2176 1058 2232 1118 auf
2257 1056 2384 1116 Wunsch
2415 1053 2470 1113 des
2501 1053 2724 1113 Verstorbenen
2760 1052 2911 1112 gesichtet.

1654 1058 1754 1118 Weg

1867 1061 2002 1121 (1903),

1460 1064 1608 1124 einsame

1469 1109 1748 1169 „Zwischenspiel"
1771 1103 1896 1163 (1905),
1929 1103 1989 1163 sein

1468 1155 1610 1215 einziger
1636 1151 1779 1211 Roman,
1810 1151 1891 1211 „Der
1923 1148 1993 1208 Weg

1471 1200 1519 1260 ins
1567 1197 1679 1257 Freie"
1733 1196 1861 1256 (1908),
1909 1191 1994 1251 „Der

1468 1246 1561 1306 junge
1605 1238 1803 1298 Medardus"
1867 1235 2003 1295 (1910),

1476 1290 1567 1350 „Das
1588 1286 1674 1346 weite
1690 1285 1786 1345 Land-
1807 1284 1934 1344 (1911),
1945 1278 1995 1338 das

1472 1332 1738 1392 vielumstrittene
1769 1330 1857 1390 Stück
1893 1325 1995 1385 „Pro¬

1473 1383 1564 1443 fessor
1612 1375 1815 1435 Bernhardi"
1864 1372 2002 1432 (1912),

1936 1763 2052 1823 Seite
2091 1764 2110 1824 4

177 2030 262 2090 ier
306 2028 372 2088 des
417 2020 897 2080 Toleranz-Edikts
946 2011 982 2071 in
1039 2008 1106 2068 der
1162 2000 1451 2060 Tachecho¬

194 2077 573 2137 Kirchenpräsident
597 2069 654 2129 der
690 2064 993 2124 Evangelischen
1023 2057 1151 2117 Kirche
1181 2053 1226 2113 A.
1239 2053 1285 2113 B.
1309 2047 1454 2107 Doktor

181 2134 335 2194 ennig
374 2125 595 2185 überreicht
623 2120 689 2180 den
717 2116 938 2176 Vertretern
967 2110 1027 2170 der
1055 2106 1259 2166 Gemeinde
1293 2098 1453 2158 Haber

168 2183 224 2243 er
259 2178 427 2238 ersten
467 2170 879 2230 evangelischen
913 2160 1116 2220 Gemeinde
1145 2154 1206 2214 des
1229 2152 1443 2212 damaligen

175 2232 242 2292 hen
276 2226 614 2286 Staatsgebietes,
642 2220 722 2280 eine
750 2217 952 2277 Spende
987 2210 1047 2270 für
1081 2208 1141 2268 das
1176 2203 1446 2263 Evangelische

2402 3642 2522 3702 Arthar
2548 3639 2841 3699 Schnitzler,

2325 3684 2551 3744 abgenommen
2599 3681 2656 3741 von
2699 3681 2755 3741 Leo
2798 3678 2916 3738 Delitz.
