3392 4320
224 279 363 339 12.

411 285 895 345 Schnitzler
962 296 999 356 s
1057 290 1293 350 Death

1520 285 1646 345 box
1718 288 1908 348 42/9

2143 439 2850 499 OEOEVER

2236 491 2255 551 I.
2267 488 2389 548 österr.
2401 488 2554 548 behördl.
2566 483 2864 543 konzessioniertes

2188 532 2426 592 Unternehmen
2455 530 2502 590 für
2530 524 2920 584 Zeitungs-Ausschnitte

2243 584 2387 644 WIEN,
2418 589 2466 649 I.,
2497 584 2787 644 WOLLZEILE
2837 581 2878 641 11

2332 637 2549 697 TELEPHON
2584 635 2761 695 R-23-0-43

2142 781 2361 841 Ausschnitt
2385 784 2475 844 aus:
2500 804 2704 864 IXNER
2742 813 2962 873 ZRTTUNE

2427 1005 2444 1065 2
2472 999 2516 1059 3.
2544 998 2669 1058 OKT.
2688 994 2785 1054 1931

2142 1004 2248 1064 vom:

2264 1130 2528 1190 Theater
2581 1131 2692 1191 und
2743 1134 2967 1194 Kunst.

2423 1211 2548 1271 Artur
2581 1213 2813 1273 Schnitzler.

2165 1267 2270 1327 Völlig
2297 1270 2503 1330 unerwartet
2525 1273 2556 1333 ist
2578 1273 2609 1333 am
2652 1273 2831 1333 Mittwoch,
2848 1276 2895 1336 den
2927 1276 2980 1336 21.
2991 1276 3022 1336 d.
3038 1276 3101 1336 M.,

2123 1317 2223 1377 Artur
2254 1319 2426 1379 Schnitzler
2462 1321 2664 1381 verstorben.
2710 1322 2790 1382 Noch
2826 1322 2861 1382 am
2907 1324 3094 1384 Vormittag

2122 1366 2303 1426 unternahm
2346 1366 2379 1426 er
2432 1369 2522 1429 einen
2556 1371 2799 1431 Spaziergang,
2843 1372 2904 1432 von
2957 1372 3014 1432 dem
3058 1372 3090 1432 er

2122 1417 2208 1477 gegen
2241 1416 2273 1476 11
2306 1415 2366 1475 Uhr
2399 1416 2464 1476 nach
2492 1416 2595 1476 Hause
2623 1418 2644 1478 in
2677 1417 2758 1477 seine
2786 1417 2976 1477 Währinger
3004 1419 3090 1479 Villa

2123 1462 2349 1522 zurückkehrte.
2377 1465 2430 1525 Als
2463 1464 2554 1524 gegen
2587 1467 2662 1527 ¼12
2695 1466 2759 1526 Uhr
2787 1465 2867 1525 seine
2900 1467 3083 1527 Sekretärin

2123 1510 2179 1570 das
2205 1512 2344 1572 Zimmer
2366 1512 2489 1572 betrat,
2510 1512 2577 1572 fand
2608 1512 2644 1572 sie
2671 1513 2711 1573 ihn
2743 1513 2918 1573 bewußtlos
2950 1515 3006 1575 auf
3027 1515 3078 1575 dem

2124 1556 2229 1616 Boden
2261 1561 2409 1621 liegend.
2452 1560 2515 1620 Die
2547 1563 2779 1623 Bemühungen
2838 1564 3091 1624 herbeigeholter

2118 1606 2215 1666 Arzte
2247 1609 2349 1669 waren
2391 1607 2473 1667 ohne
2505 1607 2639 1667 Erfolg;
2686 1610 2727 1670 um
2779 1610 2835 1670 ¼7
2872 1610 2934 1670 Uhr
2965 1610 3088 1670 abends

2123 1655 2267 1715 verschied
2303 1656 2359 1716 der
2391 1657 2483 1717 große
2520 1658 2659 1718 Dichter,
2685 1658 2762 1718 ohne
2798 1658 2849 1718 das
2886 1660 3086 1720 Bewußtsein

2123 1703 2236 1763 wieder
2267 1706 2396 1766 erlangt
2422 1706 2453 1766 zu
2490 1706 2608 1766 haben.
2630 1706 2691 1766 Der
2722 1708 2784 1768 Tod
2816 1709 2923 1769 dürfte
2950 1707 3006 1767 auf
3033 1707 3099 1767 Ge¬

2125 1754 2294 1814 hirnschlag
2329 1754 2589 1814 zurückzuführen
2629 1754 2708 1814 sein.

2167 1807 2264 1867 Artur
2292 1811 2465 1871 Schnitzler
2514 1811 2628 1871 wurde
2672 1811 2709 1871 am
2753 1811 2807 1871 15.
2829 1812 2904 1872 Mai
2933 1811 3008 1871 1862
3062 1811 3089 1871 in

2124 1856 2204 1916 Wien
2235 1857 2285 1917 als
2311 1855 2401 1915 Sohn
2432 1858 2488 1918 des
2513 1860 2730 1920 bedeutenden
2766 1861 3004 1921 Laryngologen
3035 1861 3100 1921 Dr.

2124 1906 2247 1966 Johann
2285 1906 2452 1966 Schnitzler
2479 1906 2635 1966 geboren.
2657 1907 2738 1967 Nach
2771 1908 3002 1968 Absolvierung
3035 1908 3088 1968 des

2118 1955 2350 2015 Gymnasiums
2382 1954 2535 2014 studierte
2562 1954 2593 2014 er
2625 1957 2789 2017 Medizin,
2810 1957 2894 2017 wozu
2932 1957 2979 2017 ihn
3016 1957 3095 2017 nicht

2118 2002 2186 2062 bloß
2218 2002 2270 2062 das
2297 2002 2444 2062 Beispiel
2466 2003 2566 2063 seines
2598 2005 2735 2065 Vaters,
2752 2005 2883 2065 sondern
2915 2005 2967 2065 vor
3000 2005 3078 2065 allem

2126 2052 2178 2112 sein
2216 2051 2294 2111 schon
2326 2050 2453 2110 damals
2507 2052 2781 2112 außerordentlich
2814 2051 2903 2111 reges
2935 2052 3093 2112 Interesse

2121 2097 2156 2157 am
2198 2098 2363 2158 Menschen
2420 2099 2549 2159 bewog.
2591 2099 2668 2159 1885
2699 2100 2916 2160 promovierte
2969 2098 2999 2158 er
3030 2099 3092 2159 und

2121 2145 2249 2205 wurde,
2270 2148 2404 2208 nachdem
2451 2148 2481 2208 er
2518 2148 2605 2208 durch
2642 2148 2708 2208 drei
2740 2148 2838 2208 Jahre
2869 2148 2905 2208 an
2942 2147 3085 2207 Kliniken

2124 2196 2307 2256 praktiziert
2357 2196 2464 2256 hatte,
2503 2196 2654 2256 Assistent
2687 2196 2784 2256 seines
2823 2196 2936 2256 Vaters
2969 2196 3001 2256 an
3039 2196 3093 2256 der

2121 2243 2247 2303 Wiener
2274 2243 2497 2303 Allgemeinen
2529 2245 2720 2305 Poliklinik.
2742 2243 2779 2303 In
2811 2245 2911 2305 dieser
2938 2244 3091 2304 Stellung

2121 2293 2256 2353 verblieb
2289 2291 2315 2351 er
2343 2292 2385 2352 bis
2418 2292 2516 2352 1893,
2538 2293 2586 2353 tat
2608 2294 2710 2354 später
2733 2293 2846 2353 Dienst
2868 2292 2916 2352 als
2944 2291 3095 2351 Militär¬

2118 2341 2207 2401 arzt,
2229 2342 2371 2402 widmete
2398 2341 2444 2401 sich
2477 2342 2550 2402 aber
2577 2342 2646 2402 bald
2678 2341 2746 2401 nach
2773 2341 2825 2401 dem
2868 2342 3010 2402 Anbruch
3037 2342 3089 2402 des

2121 2390 2215 2450 neuen
2253 2390 2433 2450 Säkulums
2487 2390 2592 2450 völlig
2640 2390 2698 2450 der
2746 2390 2941 2450 Dichtkunst.
2985 2390 3090 2450 Artur

2124 2437 2308 2497 Schnitzler,
2330 2436 2382 2496 der
2409 2437 2609 2497 verheiratet
2636 2437 2719 2497 war,
2736 2437 2820 2497 hatte
2852 2437 2930 2497 zwei
2958 2437 3094 2497 Kinder;

2124 2485 2188 2545 eine
2215 2485 2355 2545 Tochter,
2372 2487 2464 2547 Lilli,
2481 2487 2550 2547 fand
2573 2485 2647 2545 1928
2675 2485 2701 2545 in
2729 2486 2864 2546 Venedig
2892 2485 2972 2545 einen
3005 2485 3096 2545 früh¬

2122 2536 2246 2596 zeitigen
2287 2534 2457 2594 tragischen
2503 2534 2587 2594 Tod;
2617 2536 2678 2596 sein
2719 2535 2809 2595 Sohn
2850 2535 2991 2595 Heinrich
3026 2533 3093 2593 lebt

2119 2583 2166 2643 als
2203 2582 2373 2642 Regisseur
2405 2581 2431 2641 in
2474 2583 2611 2643 Berlin.
2660 2582 2728 2642 Der
2755 2582 2914 2642 bekannte
2946 2584 3089 2644 Chirurg

2132 2629 2286 2689 Professor
2314 2632 2380 2692 Dr.
2402 2631 2512 2691 Julius
2546 2631 2717 2691 Schnitzler
2740 2632 2778 2692 ist
2800 2632 2849 2692 der
2883 2632 3010 2692 Bruder
3038 2632 3087 2692 des

2118 2676 2284 2736 Dichters.

2160 2722 2224 2782 Der
2252 2725 2478 2785 Schriftsteller
2506 2724 2608 2784 Artur
2636 2725 2797 2785 Schnitzler
2825 2727 2889 2787 trat
2917 2724 2992 2784 1886
3019 2725 3073 2785 zum

2116 2774 2203 2834 ersten
2240 2774 2333 2834 Male
2386 2772 2447 2832 mit
2495 2772 2665 2832 Versuchen
2723 2774 2754 2834 in
2812 2775 2863 2835 der
2900 2773 3081 2833 „Deutschen

2119 2821 2378 2881 Wochenschrift"
2407 2820 2467 2880 und
2500 2820 2578 2880 1889
2606 2823 2633 2883 in
2667 2823 2717 2883 der
2745 2823 2922 2883 Zeitschrift
2945 2823 3010 2883 „An
3038 2822 3093 2882 der

2126 2869 2241 2929 schönen
2279 2868 2390 2928 blauen
2427 2870 2570 2930 Donau“
2602 2868 2654 2928 vor
2686 2867 2728 2927 die
2761 2870 3009 2930 Öffentlichkeit.
3036 2870 3093 2930 Die

2118 2918 2324 2978 Dialogreihe
2355 2918 2521 2978 „Anatol“
2552 2918 2672 2978 verriet
2704 2918 2819 2978 bereits
2851 2918 2905 2978 den
2936 2918 3097 2978 kommen¬

2118 2964 2170 3024 den
2208 2968 2355 3028 Meister.
2403 2966 2481 3026 1893
2514 2967 2624 3027 konnte
2677 2968 2729 3028 der
2762 2966 2882 3026 Dichter
2936 2967 2993 3027 mit
3025 2966 3072 3026 dem

2127 3016 2310 3076 „Märchen“
2343 3014 2391 3074 die
2419 3014 2494 3074 erste
2527 3016 2737 3076 Aufführung
2770 3015 2986 3075 verzeichnen.
3014 3014 3083 3074 1895

2121 3063 2234 3123 winkte
2260 3062 2311 3122 ihm
2353 3061 2414 3121 mit
2440 3062 2492 3122 der
2524 3064 2770 3124 Uraufführung
2802 3062 2853 3122 des
2885 3061 3090 3121 Schauspiels

2124 3111 2297 3171 „Liebelei“
2324 3109 2355 3169 am
2403 3112 2619 3172 Burgtheater
2646 3112 2698 3172 der
2720 3113 2793 3173 erste
2820 3112 2909 3172 große
2936 3111 3093 3171 Bühnen¬

2118 3159 2237 3219 erfolg.
2280 3158 2340 3218 Ein
2378 3159 2464 3219 Jahr
2497 3161 2600 3221 später
2633 3160 2686 3220 kam
2731 3160 2925 3220 „Freiwild"
2964 3160 3098 3220 heraus.

2118 3202 2184 3262 Der
2216 3206 2376 3266 „Reigen“
2412 3207 2494 3267 ward
2527 3208 2557 3268 im
2599 3208 2728 3268 gleichen
2759 3208 2862 3268 Jahre
2909 3210 3100 3270 begonnen,

2124 3252 2232 3312 freilich
2265 3254 2324 3314 erst
2352 3253 2417 3313 viel
2445 3255 2553 3315 später
2586 3255 2727 3315 gedruckt
2755 3255 2814 3315 und
2852 3255 2912 3315 erst
2934 3255 3010 3315 1920
3048 3255 3096 3315 bei

2118 3303 2276 3363 heftigstem
2319 3303 2541 3363 Widerspruch
2594 3303 2705 3363 weiter
2732 3306 2843 3366 Kreise
2891 3303 3097 3363 aufgeführt.

2118 3349 2197 3409 1897
2229 3351 2355 3411 erschien
2392 3351 2481 3411 „Das
2519 3352 2703 3412 Veilchen“,
2725 3353 2803 3413 1898
2841 3353 3099 3413 „Paracelsus",

2123 3400 2200 3460 „Die
2237 3398 2433 3458 Gefährtin“
2475 3397 2536 3457 und
2583 3399 2665 3459 „Der
2702 3401 2805 3461 grüne
2847 3402 3012 3462 Kakadu",
3043 3401 3089 3461 ein

2121 3451 2196 3511 Jahr
2217 3450 2317 3510 später
2343 3448 2398 3508 das
2424 3447 2539 3507 Drama
2570 3449 2656 3509 „Der
2676 3450 2817 3510 Schleier
2838 3448 2888 3508 der
2909 3450 3095 3510 Beatrice“,

2121 3497 2198 3557 1901
2224 3497 2276 3557 der
2307 3497 2421 3557 Zyklus
2458 3497 2654 3557 „Lebendige
2680 3497 2877 3557 Stunden“,
2904 3497 2976 3557 1903
3013 3497 3095 3557 „Der

2116 3544 2256 3604 einsame
2289 3543 2403 3603 Weg“,
2425 3545 2500 3605 1904
2539 3545 2625 3605 „Das
2658 3545 2918 3605 Zwischenspiel“
2951 3545 3009 3605 und
3048 3544 3096 3604 die

2117 3593 2359 3653 Einakterreihe
2391 3594 2679 3654 „Marionetten“,
2700 3594 2725 3654 im
2762 3594 2865 3654 Jahre
2892 3593 2963 3653 1909
2995 3593 3092 3653 folgte

2119 3641 2175 3701 sein
2232 3641 2427 3701 historisches
2464 3644 2587 3704 Drama
2624 3644 2711 3704 „Der
2742 3644 2840 3704 junge
2877 3641 3098 3701 Medardus“,

2118 3688 2195 3748 1910
2221 3688 2303 3748 „Das
2330 3688 2422 3748 weite
2443 3690 2572 3750 Land“,
2588 3691 2665 3751 1912
2692 3691 2872 3751 „Professor
2898 3689 3099 3749 Bernardi“,

2118 3737 2195 3797 schon
2231 3738 2282 3798 bei
2325 3738 2427 3798 seiner
2459 3739 2738 3799 Erstaufführung
2775 3740 2867 3800 heftig
2899 3739 3100 3799 umstritten,

2118 3784 2192 3844 1915
2233 3784 2278 3844 die
2314 3786 2490 3846 „Komödie
2521 3787 2576 3847 der
2606 3787 2757 3847 Worte“,
2784 3787 2858 3847 1917
2894 3788 3000 3848 „Fink
3030 3784 3090 3844 und

2121 3832 2376 3892 Fliederbusch“,
2403 3832 2482 3892 1919
2520 3835 2599 3895 „Die
2637 3835 2871 3895 Schwestern“,
2898 3835 2977 3895 1924
3015 3835 3094 3895 „Die

2116 3880 2264 3940 Komödie
2299 3880 2348 3940 der
2383 3881 2640 3941 Verführung“,
2665 3881 2744 3941 1925
2779 3880 2867 3940 „Der
2892 3880 2986 3940 Gang
3021 3879 3080 3939 zum

2116 3927 2281 3987 Weiher",
2297 3930 2369 3990 der,
2390 3930 2441 3990 wie
2468 3931 2529 3991 „Im
2572 3930 2669 3990 Spiel
2686 3927 2737 3987 der
2763 3929 3042 3989 Sommerlüfte",
3058 3927 3083 3987 in

2118 3978 2171 4038 der
2204 3978 2426 4038 vergangenen
2470 3978 2600 4038 Wiener
2633 3978 2876 4038 Theatersaison
2920 3978 2974 4038 zur
3013 3975 3098 4035 Auf¬

2122 4029 2259 4089 führung
2293 4029 2458 4089 gelangte.

2164 4079 2257 4139 Seine
2308 4081 2407 4141 große
2435 4079 2678 4139 Fruchtbarkeit
2723 4077 2822 4137 zeigte
2850 4076 2899 4136 sich
2928 4075 2999 4135 auch
3050 4074 3077 4134 in

3002 4121 3085 4181 1892

2116 4127 2362 4187 Prosawerken.
2428 4127 2497 4187 Von
2569 4130 2664 4190 ihnen
2735 4124 2941 4184 erschienen:

2785 4165 2861 4225 1895
2906 4172 2978 4232 „Ein
3023 4169 3094 4229 Ab¬
