3392 4384
544 220 613 280 193

743 281 970 341 sIK

285 309 438 369 musenm.

375 497 878 557 ileralur

338 682 556 742 Arthur
602 689 919 749 Schnitzler

571 829 708 889 dod.

737 1862 838 1922 Bob
872 1861 888 1921 a

449 1861 513 1921 25

312 1915 418 1975 WIEN,
459 1919 494 1979 21
526 1919 591 1979 okt.
612 1919 744 1979 (F.N.B.)
790 1921 973 1981 Författaren

265 1966 373 2026 Arthur
416 1967 524 2027 Schnt
611 1969 688 2029 svled
723 1969 766 2029 vid
801 1971 909 2031 7-tiden
940 1975 974 2035 pä

266 2017 522 2077 onsdagsaftonen.
563 2017 599 2077 Då
624 2020 802 2080 författaren
831 2020 863 2080 pä
889 2020 977 2080 efter-

260 2066 409 2126 middagen
458 2065 616 2125 återvände
645 2071 709 2131 frán
742 2071 770 2131 en
803 2071 977 2131 promenad,

263 2116 421 2176 drabbades
447 2116 497 2176 han
522 2118 555 2178 av
581 2116 622 2176 ett
640 2119 798 2179 slaganfall
816 2119 865 2179 och
891 2119 970 2179 avled

260 2166 322 2226 utan
348 2166 389 2226 att
407 2166 440 2226 ha
462 2169 591 2229 áterfátt
608 2169 831 2229 medverandet.
848 2169 978 2229 Schnitz¬

254 2216 297 2276 ler
324 2216 415 2276 skulle
441 2217 449 2277 i
471 2219 536 2279 maj
554 2220 632 2280 nästa
663 2220 693 2280 år
720 2220 749 2280 ha
780 2220 867 2280 blivit
889 2220 919 2280 70
946 2218 975 2278 ár

259 2268 402 2328 gammal.

302 2355 406 2415 Arthur
449 2355 613 2415 Schnitzler
640 2356 747 2416 föddes
774 2357 826 2417 den
861 2358 886 2418 15
917 2358 977 2418 maj

267 2396 327 2456 1862
353 2396 366 2456 i
396 2396 469 2456 Wien
500 2396 551 2456 uch
581 2396 813 2456 promoverades
839 2398 869 2458 àr
899 2396 963 2456 1885

255 2435 298 2495 till
342 2438 421 2498 med.
445 2438 567 2498 doktor,
591 2438 650 2498 men
682 2438 792 2498 egnade
820 2440 859 2500 sig
887 2438 970 2498 snurt

253 2477 439 2537 uteslutande
466 2477 496 2537 ét
520 2477 724 2537 litteraturen.
763 2477 820 2537 Han
851 2477 972 2537 debute-

254 2519 322 2579 rade
347 2519 375 2579 àr
396 2516 464 2576 1893
489 2517 545 2577 med
574 2519 598 2579 en
623 2519 695 2579 serie
716 2519 858 2579 enaktare
879 2519 975 2579 „Ana¬

263 2559 331 2619 tol".
344 2559 376 2619 uv
400 2558 469 2618 vilka
493 2558 566 2618 flera
587 2560 724 2620 uppförts
745 2558 809 2618 även
834 2559 866 2619 pá
891 2558 971 2618 sven-

255 2599 314 2659 ska.
354 2599 393 2659 Do
417 2599 480 2659 ziva
504 2599 594 2659 genom
630 2599 665 2659 oin
693 2599 835 2659 stůmning
863 2600 894 2660 av
918 2599 973 2659 fri-

256 2638 370 2698 volitet,
390 2638 480 2698 gratio
512 2638 558 2698 och
586 2638 661 2698 emak
693 2641 724 2701 en
756 2641 960 2701 karaktáristik

259 2682 282 2742 av
314 2680 353 2740 sin
382 2680 559 2740 författares
587 2681 768 2741 egenskaper
796 2680 842 2740 och
875 2680 973 2740 avsik-

257 2722 313 2782 ter.
354 2722 410 2782 För
435 2722 549 2782 testern
578 2722 630 2782 har
655 2722 707 2782 han
741 2722 882 2782 författat
927 2723 971 2783 ett

253 2763 318 2823 otal
340 2761 511 2821 skädespel.

289 2803 450 2863 Schnitzler
498 2800 533 2860 är
561 2801 683 2861 wienaro
715 2803 868 2863 alltigenom
912 2803 963 2863 och

256 2843 280 2903 fá
304 2841 335 2901 ha
359 2841 406 2901 som
442 2841 493 2901 han
521 2841 648 2901 skildrat
668 2841 718 2901 den
747 2842 817 2902 unze
846 2841 968 2901 wienska

249 2883 528 2943 levuadsnjutaren.
552 2883 603 2943 den
639 2883 697 2943 rike
741 2883 854 2943 bildade
890 2883 968 2943 man-

251 2923 319 2983 nen.
350 2925 414 2985 vars
445 2925 585 2985 sürsilda
620 2924 821 2984 kännetecken
859 2924 889 2984 är
924 2922 965 2982 att

253 2964 319 3024 vara
367 2964 398 3024 en
449 2964 598 3024 látteinniz
630 2964 857 3024 me’ankoliker.
897 2962 947 3022 Som

251 3005 368 3065 metbild
401 3003 502 3063 ställer
526 3003 693 3063 Schnitzler
717 3003 770 3063 den
803 3006 895 3066 blida,
916 3003 968 3063 an¬

254 3044 430 3104 eprákelösa.
450 3044 619 3104 obetvdliva
644 3044 717 3104 unua
746 3044 873 3104 flickan.
894 3044 906 3104 i
923 3044 967 3104 lác

247 3083 535 3143 amhllestlluin,
573 3084 619 3144 om
677 3085 742 3145 utan
788 3083 868 3143 stora
911 3083 960 3143 ord

250 3125 388 3185 hängiver
432 3125 470 3185 sig
503 3125 550 3185 och
582 3125 664 3185 sedan
696 3125 794 3185 finner
822 3125 862 3185 sig
890 3125 901 3185 i
921 3125 968 3185 att

254 3164 342 3224 kastaa
376 3164 455 3224 hort.
502 3164 614 3224 Läkare
649 3167 698 3227 till
724 3164 761 3224 sin
800 3164 963 3224 utbildnina

247 3203 298 3263 har
322 3206 373 3266 han
401 3206 487 3266 gärna
515 3206 625 3266 nyttjat
645 3207 809 3267 suggestion
837 3206 884 3266 och
916 3208 947 3268 dy

247 3246 304 3306 lika
350 3245 486 3305 fenomen
517 3245 562 3305 som
604 3245 710 3305 motiv.
733 3248 820 3308 liksom
862 3248 923 3308 man

247 3286 319 3346 hans
346 3286 639 3346 karaktärsteckning
669 3286 730 3346 ofta
761 3286 878 3346 mürker
905 3286 958 3346 den

247 3325 365 3385 erlarne
389 3328 530 3388 läkarens
550 3326 711 3386 försonliga
739 3328 967 3388 levnadsvishet.

251 3366 344 3426 Någon
394 3367 467 3427 zäng
501 3367 549 3427 har
578 3367 627 3427 han
661 3367 729 3427 även
767 3367 832 3427 lätit
862 3367 963 3427 sociala

246 3406 426 3466 «vapunkter
472 3407 522 3467 och
553 3409 667 3469 judiska
698 3409 816 3469 problem
859 3409 958 3469 utgöra

245 3448 549 3508 huvudspör-mälen.

285 3489 373 3549 Kring
402 3489 462 3549 sina
491 3489 648 3549 personer.
669 3489 766 3549 vilkas
790 3489 960 3549 replikskif-

245 3530 286 3590 ten
317 3528 362 3588 üro
389 3528 647 3588 beundransvärda
674 3529 685 3589 i
704 3528 894 3588 blandninzen
924 3531 958 3591 av

251 3570 291 3630 vek
324 3570 396 3630 lyrik
430 3570 478 3630 och
511 3570 681 3630 hänsvnslös
710 3570 840 3630 realism.
865 3569 957 3629 gjuter

247 3609 405 3669 Schnitzler
426 3612 457 3672 en
481 3610 628 3670 atmosfür
648 3609 679 3669 av
703 3609 762 3669 fint
783 3609 961 3669 nyanserade

243 3651 381 3711 dümpade
431 3651 549 3711 färuer:
572 3651 622 3711 den
657 3651 737 3711 stora
768 3651 886 3711 gesten.
909 3651 959 3711 del

244 3689 315 3749 vilda
361 3689 407 3749 och
441 3692 491 3752 det
517 3690 664 3750 upphöjda
694 3690 723 3750 är
748 3689 861 3749 fjärran
891 3689 950 3749 frän

246 3731 314 3791 hans
360 3731 463 3791 konet,
486 3731 536 3791 som
578 3731 638 3791 star
673 3731 844 3791 miniatyren
879 3731 962 3791 nära.

242 3773 289 3833 Som
325 3773 396 3833 hans
416 3773 492 3833 mest
512 3773 622 3833 typi'e
646 3773 709 3833 form
746 3773 796 3833 kan
825 3772 883 3832 man
912 3773 959 3833 an-

247 3812 266 3872 se
285 3812 334 3872 den
358 3812 572 3872 diatogiserade
592 3812 721 3872 novellen
745 3810 821 3870 efter
844 3812 959 3872 franskt

246 3851 387 3911 mönster.
407 3851 544 3911 aupassad
571 3851 616 3911 tili
636 3851 685 3911 det
708 3851 926 3911 rokokoartado
953 3851 960 3911 i

247 3893 294 3953 det
345 3892 537 3952 österrikiska
589 3893 855 3953 huvudstadslivel,
887 3893 945 3953 med

245 3931 380 3991 klokhet.
422 3931 613 3991 förstacnde,
637 3933 757 3993 vekhet,
786 3934 948 3994 resignerad

237 4012 312 4072 ironi
334 4012 382 4072 som
423 4015 802 4075 huvadbestárddelarna,
829 4024 877 4084 och
909 4022 939 4082 en

236 4052 337 4112 lvricht
360 4054 483 4114 farzad,
506 4057 564 4117 men
594 4060 746 4120 träffande
769 4063 820 4123 och
857 4066 943 4126 eukel

235 4094 322 4154 form.

1150 243 1365 303 Ausschnitt
1395 228 1484 288 aus:

1168 468 1292 528 vom:

1231 593 1811 653 Nebtarblerd

1573 751 1646 811 /0
1710 748 1791 808 193

1295 861 1351 921 ten
1402 867 1484 927 den
1534 872 1584 932 23
1626 878 1841 938 oktober
1875 885 2039 945 1931.

1364 1035 1549 1095 Arthur
1585 1043 1861 1103 Schnitzler
1917 1049 2037 1109 död.

1480 2000 1618 2060 Arthur
1647 2006 1874 2066 Schnitzler.

1355 2066 1490 2126 Arthur
1522 2071 1725 2131 Schnitzler
1757 2075 1855 2135 avled
1892 2077 1907 2137 1
1945 2083 2043 2143 Wien

1307 2113 1348 2173 vid
1390 2116 1519 2176 7-tiden
1556 2122 1597 2182 på
1629 2127 1967 2187 onsdagsaftonen.
1993 2133 2044 2193 Dà

1297 2164 1513 2224 författaren
1548 2168 1587 2228 på
1627 2173 1911 2233 eftermiddagen
1951 2178 2049 2238 äter¬

1303 2214 1413 2274 vände
1452 2216 1523 2276 från
1567 2219 1600 2279 en
1644 2223 1859 2283 promeuad,
1894 2226 2047 2286 drabba¬

1297 2262 1351 2322 des
1410 2265 1474 2325 han
1534 2268 1573 2328 av
1608 2271 1810 2331 slaganfall
1840 2274 1898 2334 och
1939 2277 2037 2337 avled

1295 2313 1378 2373 utau
1416 2313 1471 2373 att
1505 2316 1541 2376 ha
1579 2319 1737 2379 återfâtt
1770 2325 2045 2385 medvetandet.

1304 2363 1495 2423 Schnitzler
1526 2366 1641 2426 skulle
1667 2369 1682 2429 i
1703 2371 1778 2431 maj
1803 2374 1904 2434 nästa
1935 2375 1970 2435 år
2000 2377 2035 2437 ha

1296 2408 1404 2468 blivit
1433 2414 1470 2474 70
1504 2414 1541 2474 år
1569 2417 1754 2477 gammal.

1341 2460 1480 2520 Arthur
1515 2465 1718 2525 Schnitzler
1758 2470 1817 2530 var
1857 2470 1891 2530 en
1937 2474 2040 2534 bety¬

1292 2507 1400 2567 dande
1455 2513 1647 2573 dramatisk
1692 2519 1908 2579 författare.
1968 2525 2037 2585 Det

1290 2561 1344 2621 som
1394 2562 1517 2622 gjorde
1552 2564 1641 2624 hans
1671 2569 1937 2629 författarskap
1972 2573 2031 2633 och

1287 2608 1450 2668 speciellt
1510 2614 1599 2674 hans
1639 2617 1803 2677 sceniska
1843 2620 1961 2680 alster
2002 2623 2031 2683 sà

1285 2659 1498 2719 fängslande
1529 2662 1588 2722 var
1614 2667 1648 2727 en
1683 2668 1882 2728 egenartad
1912 2671 2040 2731 bland¬

1286 2710 1361 2770 ning
1397 2710 1436 2770 av
1473 2713 1670 2773 frivolitet,
1696 2716 1883 2776 sarkasm,
1909 2719 2029 2779 ömhet

1280 2758 1333 2818 och
1367 2758 1512 2818 vemod.
1537 2762 1764 2822 Atmosfären
1798 2767 1812 2827 i
1837 2768 1924 2828 hans
1948 2770 2035 2830 skå-

1281 2806 1402 2866 despel
1433 2809 1448 2869 —
1505 2809 1565 2869 och
1627 2814 1800 2874 speciellt
1826 2814 1840 2874 i
1872 2817 1912 2877 de
1948 2818 2024 2878 med

1282 2856 1416 2916 teknisk
1460 2856 1589 2916 bravur
1623 2862 1787 2922 formade
1821 2865 2022 2925 enaktarna

1339 2904 1406 2964 har
1435 2907 1497 2967 nog
1532 2908 1545 2968 i
1570 2910 1690 2970 regeln
1729 2913 1820 2973 mera
1854 2914 1892 2974 av
1926 2916 2022 2976 driv¬

1277 2952 1416 3012 husluft
1448 2954 1484 3014 än
1526 2958 1566 3018 av
1599 2961 1795 3021 fjällvind,
1821 2964 1899 3024 men
1962 2967 2023 3027 det

1267 3003 1493 3063 mästerskap
1531 3007 1606 3067 med
1644 3009 1757 3069 vilket
1790 3012 1851 3072 han
1889 3016 2025 3076 fängat

1270 3047 1302 3107 en
1335 3051 1410 3111 viss
1438 3056 1569 3116 tidstyp
1602 3058 1616 3118 —
1673 3062 2019 3122 njutningsmänni-

1272 3100 1347 3160 skan
1387 3103 1462 3163 med
1498 3104 1533 3164 en
1569 3107 1778 3167 bottensats
1805 3110 1849 3170 av
1880 3113 2017 3173 telan¬

1265 3149 1340 3209 koli
1361 3151 1371 3211 —
1432 3153 1468 3213 är
1489 3157 1742 3217 oomtvistlig.
1789 3161 1860 3221 Det
1886 3161 1921 3221 är
1952 3161 2007 3221 den

1264 3202 1375 3262 nagot
1437 3203 1632 3263 moraliskt
1689 3209 1871 3269 anfrätte,
1927 3212 2006 3272 men

1264 3248 1459 3308 ulskvärde

1578 3258 2012 3318 levnadskonstnären",

1257 3298 1310 3358 som
1387 3298 1427 3358 ar
1459 3298 1593 3358 hjalten
1675 3305 1805 3365 manga
1846 3306 1885 3366 av
1922 3307 2015 3367 hans

1260 3347 1523 3407 teuterstycken
1564 3348 1621 3408 och
1662 3349 1675 3409 i
1707 3350 1796 3410 hans
1832 3352 2010 3412 noveller.

1352 3394 1388 3454 en
1434 3395 1488 3455 del
1521 3397 1562 3457 av
1603 3398 1676 3458 sina
1718 3400 1914 3460 skâdespel
1942 3403 2010 3463 an¬

1255 3447 1334 3507 grej
1395 3445 1464 3505 han
1504 3446 1688 3506 våldsamt
1723 3448 1782 3508 den
1823 3451 2001 3511 officiella

1263 3492 1435 3552 moralen,
1465 3495 1522 3555 och
1561 3495 1622 3555 han
1662 3498 1829 3558 skaffade
1859 3500 1911 3560 sig
1950 3501 2007 3561 sü¬

1257 3543 1411 3603 kerligen
1451 3546 1640 3606 därigenom
1691 3549 1819 3609 mänga
1850 3551 2013 3611 fiender.

1265 3589 1316 3649 Vid
1373 3594 1574 3654 upprepade
1616 3595 1782 3655 tillfällen
1824 3597 1885 3657 kom
1943 3599 2004 3659 det

1257 3642 1311 3702 till
1332 3643 1524 3703 allvarliga
1554 3645 1816 3705 intermezzon,
1842 3648 1881 3708 dà
1911 3648 1999 3708 hans

1284 3691 1447 3751 Reigen"
1491 3695 1685 3755 uppfördes
1724 3695 1740 3755 i
1773 3695 1898 3755 Wien,
1931 3698 1990 3758 och

1253 3740 1387 3800 teutern
1425 3743 1499 3803 stod
1537 3743 1649 3803 under
1701 3743 1822 3803 strüng
1869 3746 1999 3806 bevak¬

1251 3786 1328 3846 ning
1365 3791 1411 3851 av
1443 3791 1536 3851 polis
1567 3793 1624 3853 och
1666 3794 1821 3854 militär.
1874 3794 2003 3854 Publi¬

1248 3839 1309 3899 ken
1346 3839 1423 3899 stod
1460 3842 1557 3902 alltid
1594 3842 1692 3902 delad
1728 3842 1738 3902 i
1765 3842 1821 3902 två
1858 3845 1996 3905 parter,

1253 3887 1304 3947 den
1333 3889 1394 3949 ena
1422 3890 1497 3950 för,
1517 3890 1573 3950 den
1602 3892 1705 3952 andra
1738 3893 1809 3953 mot
1833 3893 1997 3953 Schnitz¬

1248 3937 1317 3997 ler.
1362 3938 1415 3998 Nu
1451 3939 1510 3999 var
1540 3939 1598 3999 det
1624 3938 1653 3998 ju
1688 3940 1717 4000 så
1752 3940 1806 4000 att
1831 3943 1998 4003 Schnitz¬

1245 3987 1291 4047 ler
1343 3988 1436 4048 hade
1473 3988 1639 4048 judeblod
1676 3991 1691 4051 i
1723 3988 1894 4048 ådrorna,
1926 3994 1982 4054 och

1248 4034 1299 4094 att
1325 4036 1361 4096 en
1397 4039 1479 4099 jude
1511 4039 1572 4099 kom
1619 4039 1681 4099 och
1717 4040 1887 4100 häcklade
1924 4042 1980 4102 den

1251 4083 1345 4143 tyska
1405 4087 1558 4147 moralen
1612 4090 1676 4150 var
1706 4093 1741 4153 ju
1783 4093 1989 4153 förskräck-

1250 4134 1345 4194 ligt!

2228 571 3028 631 OBSERVERG

2312 614 2336 674 l.
2350 617 2468 677 österr.
2482 632 2626 692 behördl.
2639 651 2933 711 konzessioniertes

2257 656 2494 716 Unternehmen
2522 670 2571 730 für
2599 692 2982 752 Zeitungs-Ausschnitte

2306 716 2451 776 WIEN,
2478 728 2528 788 I.,
2547 746 2830 806 WOLLZELE
2874 764 2890 824 1

2399 782 2615 842 TELEPHON
2645 800 2825 860 R-23-0-43

2179 902 2414 962 Ausschnitt
2440 921 2538 981 aus:

2393 1170 2715 1230 lt

2452 1291 2615 1351 /10
2667 1309 2716 1369 10

2299 1723 2557 1783 Arthur
2639 1718 3034 1778 Schnitzler

2599 1808 2766 1868 död.

2349 2668 2416 2728 Den
2466 2667 2682 2727 österrikiske
2713 2662 2904 2722 författaren
2942 2659 3065 2719 Arthur

2311 2719 2489 2779 Schnitzler
2514 2716 2597 2776 avled
2628 2716 2672 2776 som
2712 2713 2830 2773 bekant
2850 2713 2885 2773 på
2910 2713 3068 2773 onsdags¬

2306 2770 2429 2830 kvällen
2455 2767 2465 2827 i
2486 2767 2527 2827 sin
2553 2764 2770 2824 födelsestad,
2791 2764 2888 2824 Wien,
2904 2761 2955 2821 som
2992 2761 3058 2821 just

2309 2821 2371 2881 stod
2406 2819 2416 2879 i
2445 2818 2581 2878 begrepp
2616 2814 2666 2874 att
2695 2813 2751 2873 till
2775 2811 2865 2871 vâren
2899 2811 2967 2871 fira
2996 2811 3052 2871 den

2311 2868 2477 2928 uppburne
2503 2865 2669 2925 diktarens
2689 2862 2880 2922 70-årsdag.
2915 2862 3067 2922 Schnitz¬

2318 2919 2359 2979 ler
2389 2919 2442 2979 som
2484 2919 2578 2979 gjort
2603 2916 2649 2976 sig
2685 2915 2732 2975 ett
2762 2913 2851 2973 namn
2887 2910 2963 2970 över
2993 2910 3063 2970 hela

2312 2971 2364 3031 den
2391 2969 2593 3029 civiliserade
2620 2964 2768 3024 världen,
2785 2964 2859 3024 hade
2886 2961 2981 3021 tidigt
3003 2960 3071 3020 till¬

2313 3021 2415 3081 ügnat
2444 3021 2488 3081 sig
2517 3018 2551 3078 en
2580 3017 2756 3077 förnämlig
2790 3012 2909 3072 scenisk
2944 3012 3068 3072 teknik,

2312 3071 2382 3131 vars
2416 3071 2580 3131 ursprung
2613 3066 2689 3126 dock
2729 3065 2783 3125 var
2811 3063 2964 3123 franskt.
3008 3061 3073 3121 Det

2318 3121 2346 3181 är
2369 3120 2466 3180 ocksà
2495 3120 2529 3180 på
2558 3119 2615 3179 det
2638 3116 2838 3176 dramatiska
2868 3112 3016 3172 området
3039 3111 3073 3171 S.

2312 3173 2389 3233 nätt
2437 3170 2649 3230 berömmelse
2707 3167 2779 3227 över
2832 3164 2903 3224 hela
2940 3163 3064 3223 världen

2312 3224 2402 3284 churu
2438 3221 2494 3281 han
2525 3219 2606 3279 även
2637 3218 2764 3278 sysslat
2790 3215 2840 3275 som
2881 3212 3069 3272 romanför-

2312 3271 2436 3331 fattare
2467 3271 2518 3331 och
2555 3268 2721 3328 novellist.
2768 3265 2866 3325 Bland
2898 3265 2986 3325 mera
3018 3262 3069 3322 be¬

2319 3323 2439 3383 märkta
2470 3319 2666 3379 dramatiska
2698 3316 2768 3376 verk
2799 3316 2884 3376 intar
2910 3314 3066 3374 "Alskog"

2355 3373 2571 3433 ätminstone
2596 3370 2609 3430 i
2629 3367 2749 3427 Sverge
2773 3367 2787 3427 —
2836 3366 2864 3426 en
2894 3364 3076 3424 framskju-

2316 3425 2360 3485 ten
2390 3424 2489 3484 plats.
2528 3420 2647 3480 Vidare
2672 3418 2726 3478 har
2751 3418 2809 3478 här
2830 3416 2840 3476 i
2860 3415 2968 3475 landet
2993 3415 3071 3475 upp-

2316 3474 2397 3534 förts
2422 3471 2538 3531 sådana
2562 3471 2673 3531 pjäser
2698 3468 2746 3528 som
2785 3466 3079 3526 "Anatolcykeln,

2326 3522 2506 3582 "Professor
2537 3519 2752 3579 Bernhardi",
2773 3517 2893 3577 "Gröna
2924 3516 3069 3576 papego¬

2317 3575 2387 3635 jan"
2425 3572 2476 3632 och
2514 3571 2603 3631 "Den
2636 3570 2725 3630 stora
2763 3567 2917 3627 scenen”.
2960 3566 2978 3626 I
3011 3564 3067 3624 den

2316 3624 2513 3684 sistnämnda
2546 3621 2644 3681 berör
2671 3618 2712 3678 S.
2733 3618 2785 3678 ett
2812 3618 2847 3678 av
2885 3618 2952 3678 sina
2984 3612 3072 3672 älsk-

2322 3675 2545 3735 lingsämnen:
2589 3670 2739 3730 teatern,
2763 3667 2811 3727 som
2860 3669 2918 3729 han
2953 3664 3078 3724 ägnade

2316 3725 2381 3785 hela
2409 3722 2465 3782 sitt
2485 3722 2541 3782 liv.
2574 3722 2587 3782 1
2607 3719 2649 3779 sin
2677 3719 2737 3779 rika
2767 3716 2953 3776 produktion
2977 3713 3075 3773 grup-

2321 3776 2409 3836 perar
2433 3771 2490 3831 han
2517 3770 2566 3830 ett
2589 3771 2704 3831 myller
2727 3768 2762 3828 av
2789 3767 2927 3827 wienska
2954 3765 3078 3825 gestal¬

2315 3824 2377 3884 ter,
2402 3824 2430 3884 ty
2465 3823 2551 3883 Wien
2581 3821 2638 3881 var
2668 3818 2720 3878 för
2745 3818 2846 3878 honom
2890 3816 2952 3876 allt
2977 3815 3029 3875 och

2336 3875 2475 3935 Alskog"
2512 3870 2703 3930 (Liebelei),
2720 3869 2776 3929 har
2803 3867 2859 3927 han
2886 3866 2932 3926 bl.
2953 3866 2984 3926 a.
3000 3863 3077 3923 fän-

2326 3927 2376 3987 gat
2411 3922 2466 3982 den
2501 3919 2642 3979 wienska
2683 3919 2886 3979 stämningen
2921 3916 2960 3976 ay
2994 3913 3073 3973 lätt-

2316 3975 2403 4035 sinne
2433 3970 2487 4030 och
2522 3970 2694 4030 svårmod.

2359 4024 2402 4084 En
2430 4021 2641 4081 diktarfurste
2663 4021 2722 4081 har
2739 4021 2809 4081 äter
2831 4018 2902 4078 gått
2924 4015 2956 4075 ur
2978 4012 3053 4072 tiden
