3344 4320
117 273 238 333 2.

312 285 889 345 Schnitzler's
958 286 1188 346 Death

1414 291 1538 351 box
1619 294 1799 354 42/9

283 815 998 875 OBSERVER

362 861 393 921 I.
408 861 526 921 österr.
536 870 687 930 behördl.
701 882 1003 942 konzessioniertes

314 903 556 963 Unternehmen
585 911 636 971 für
660 923 1048 983 Zeitungs-Ausschnitte

371 964 520 1024 WIEN,
549 972 595 1032 I.,
623 982 909 1042 WOLLZEILE
958 989 998 1049 11

464 1021 684 1081 TELEPHON
722 1034 894 1094 R-23-0-43

245 1157 474 1217 Ausschnitt
504 1164 597 1224 aus:

592 1357 1013 1417 IEPEXSSI

249 1380 368 1440 vom:

663 1496 752 1556 23.
776 1486 898 1546 UKI.
922 1471 1033 1531 1937

430 1545 538 1605 Seite
568 1545 578 1605 6

1903 1566 2176 1626 PRAGER
2210 1569 2461 1629 PRESSE

1292 1670 1371 1730 zen.
1399 1671 1491 1731 Wenn
1525 1673 1597 1733 man
1625 1673 1711 1733 diese
1738 1674 1863 1734 Stücke
1892 1676 1951 1736 auf
1978 1678 2030 1738 der
2058 1676 2177 1736 Bühne
2211 1683 2497 1743 nachdenklichen
2524 1686 2683 1746 Künstler
2704 1688 2729 1748 in
2757 1688 2803 1748 die
2823 1689 2916 1749 Hand
2936 1691 3022 1751 gibt,
3036 1691 3075 1751 um

375 1680 525 1740 Artur
556 1680 811 1740 Schnitzler
850 1685 1098 1745 gestorben

1292 1715 1399 1775 sieht,
1420 1716 1476 1776 hat
1503 1718 1569 1778 man
1600 1716 1656 1776 das
1683 1717 1826 1777 Gefühl:
1847 1718 2032 1778 derjenige,
2053 1722 2103 1782 der
2130 1725 2170 1785 sie
2207 1727 2314 1787 selbst
2341 1729 2396 1789 den
2423 1730 2602 1790 scheinbar
2628 1733 2859 1793 unergiebigen
2891 1733 2982 1793 Stoff
3009 1734 3090 1794 ganz

449 1740 494 1800 L.
518 1742 602 1802 Wie
619 1742 657 1802 n,
674 1741 735 1801 22.
751 1742 921 1802 Otobef.
938 1742 1077 1802 Vsteri
1101 1740 1231 1800 aci

1292 1760 1456 1820 gemacht
1482 1760 1559 1820 hat,
1575 1760 1621 1820 ist
1647 1763 1703 1823 auf
1730 1763 1786 1823 den
1818 1764 1971 1824 Brettern
2003 1766 2033 1826 zu
2065 1769 2178 1829 Hause
2209 1771 2245 1831 zu
2276 1772 2461 1832 bezwingen
2498 1775 2554 1835 und
2591 1776 2642 1836 der
2673 1778 2811 1838 Materie
2838 1779 2925 1839 ihren
2957 1781 3090 1841 inneren

405 1785 464 1845 tag
495 1788 536 1848 ist
561 1788 584 1848 in
615 1787 723 1847 seiner
753 1790 879 1850 Wiener
904 1792 1078 1852 Wohnung
1108 1793 1168 1853 der
1217 1790 1252 1850 be

1299 1805 1363 1865 und
1396 1805 1454 1865 hat
1487 1805 1594 1865 keinen
1632 1808 1772 1868 anderen
1805 1811 1971 1871 Ehrgeiz,
1994 1812 2041 1872 als
2074 1812 2170 1872 durch
2209 1815 2370 1875 Reichtum
2419 1817 2450 1877 zu
2483 1819 2682 1879 entlocken.
2726 1821 2849 1881 Keines
2898 1822 3000 1882 davon
3038 1820 3091 1880 ge¬

405 1831 529 1891 kannte
566 1831 705 1891 Dichter
741 1832 798 1892 und
835 1834 1088 1894 Schriftsteller
1120 1836 1181 1896 Dr.
1208 1834 1254 1894 Ar

1295 1846 1357 1906 das
1379 1849 1524 1909 Theater
1546 1849 1577 1909 zu
1603 1849 1744 1909 wirken.

2204 1858 2352 1918 braucht
2374 1860 2405 1920 er
2432 1862 2490 1922 mit
2517 1862 2676 1922 größerer
2708 1864 2766 1924 und
2793 1864 3005 1924 reizvollerer
3027 1863 3095 1923 Vir¬

405 1873 460 1933 tur
485 1878 773 1938 Schultzler
805 1879 890 1939 einem
934 1882 1173 1942 Schlaganfall
1216 1878 1252 1938 er

1337 1891 1542 1951 Schnitzlers
1592 1894 1830 1954 Erzählungen
1885 1897 1955 1957 sind
2005 1898 2161 1958 lebendig

2206 1903 2350 1963 tuosität
2371 1903 2422 1963 als
2443 1904 2489 1964 die
2515 1906 2639 1966 Ironie.
2655 1909 2690 1969 Je
2717 1909 2845 1969 kühner
2871 1910 2902 1970 er
2923 1909 3010 1969 diese
3036 1908 3093 1968 an¬

408 1919 524 1979 legen.

1292 1936 1497 1996 spannend:
1512 1937 1552 1997 sie
1578 1939 1678 1999 haben
1704 1939 1823 1999 immer
1844 1942 1899 2002 das
1925 1942 2030 2002 nötige
2055 1945 2180 2005 Detail,
2207 1946 2361 2006 wendet,
2382 1950 2412 2010 je
2447 1948 2538 2008 mehr
2568 1951 2603 2011 er
2634 1951 2743 2011 seinen
2779 1953 2874 2013 Stoff
2905 1954 2965 2014 und
3001 1953 3090 2013 seine

1288 1978 1375 2038 aber
1396 1979 1447 2039 nie
1468 1981 1581 2041 zuviel
1597 1983 1720 2043 davon,
1741 1984 1782 2044 sie
1809 1987 1911 2047 haben
1937 1987 2179 2047 Psychologie,
2206 1990 2334 2050 Motive
2361 1990 2417 2050 mit
2443 1992 2489 2052 ihr
2515 1994 2540 2054 in
2572 1996 2618 2056 die
2644 1995 2736 2055 Enge
2763 1996 2881 2056 treibt,
2902 1996 2989 2056 desto
3015 1996 3097 2056 wei¬

766 2017 807 2077 o.
821 2019 856 2079 p.
870 2021 974 2081 Prag,
988 2019 1042 2079 21.
1065 2018 1230 2078 Oktober.

1291 2022 1369 2082 aber
1394 2022 1437 2082 die
1462 2025 1677 2085 Psychologie
1703 2027 1790 2087 dient
1805 2028 1868 2088 nur
1888 2031 1986 2091 dazu,
2001 2031 2055 2091 den
2080 2031 2167 2091 Gang
2202 2031 2260 2091 ter
2285 2033 2456 2093 erscheint
2481 2038 2775 2098 paradoxerweise
2819 2040 2887 2100 sein
2927 2040 3088 2100 geistiger

428 2068 561 2128 Wenige
587 2070 720 2130 Monate
772 2070 829 2130 vor
881 2071 988 2131 seinem
1054 2073 1257 2133 siebzigsten
1302 2065 1353 2125 des
1373 2067 1499 2127 Ganzen
1526 2068 1550 2128 in
1570 2070 1660 2130 einem
1692 2071 1864 2131 reizenden
1890 2073 2081 2133 Rhythmus
2101 2076 2170 2136 bald

2205 2078 2382 2138 Horizont.
2405 2079 2442 2139 So
2469 2081 2577 2141 würde
2604 2082 2647 2142 ich
2675 2083 2798 2143 sagen,
2815 2085 2874 2145 daß
2901 2085 2998 2145 neben
3031 2086 3084 2146 der

376 2115 589 2175 Geburtstag
642 2116 686 2176 ist
716 2115 812 2175 jener
843 2115 975 2175 Dichter
1013 2116 1249 2176 dahingeschie

1294 2109 1330 2169 zu
1362 2115 1635 2175 verlangsamen,
1658 2115 1731 2175 bald
1763 2115 1794 2175 zu
1826 2119 2105 2179 beschleunigen,
2127 2121 2174 2181 sie
2206 2121 2412 2181 „Liebelei“,
2433 2123 2480 2183 die
2507 2126 2575 2186 eine
2602 2127 2722 2187 Arbeit
2750 2127 2807 2187 von
2834 2129 2918 2189 ganz
2945 2131 3086 2191 einziger

1297 2154 1426 2214 stecken
1460 2157 1526 2217 voll
1551 2159 1809 2219 Beobachtung,
1829 2161 1906 2221 aber
1935 2163 2011 2223 auch
2045 2163 2092 2223 die
2117 2162 2179 2222 Be¬

375 2156 458 2216 den,
480 2160 532 2220 der
559 2160 638 2220 nach
675 2160 728 2220 dem
770 2160 860 2220 Tode
887 2163 1176 2223 Hofmannsthals
1209 2161 1261 2221 der

2200 2164 2268 2224 Art
2295 2166 2353 2226 ist,
2375 2169 2474 2229 einige
2507 2169 2612 2229 seiner
2639 2172 2766 2232 kleinen
2798 2172 3020 2232 Kunstwerke

1295 2199 1485 2259 obachtung
1516 2202 1561 2262 ist
1587 2202 1641 2262 dem
1682 2205 1898 2265 eigentlichen
1929 2206 2009 2266 Reiz
2035 2208 2090 2268 der
2115 2207 2175 2267 Er¬

374 2202 648 2262 repräsentative
692 2205 978 2265 österreichische
1022 2207 1162 2267 Dichter
1205 2205 1248 2265 ge

2204 2211 2436 2271 Erzählungen
2468 2214 2541 2274 oder
2568 2214 2710 2274 Dramen
2737 2215 2752 2275 —
2800 2219 2894 2279 durch
2927 2217 2979 2277 den
3006 2219 3089 2279 Zau¬

1292 2246 1436 2306 zählung
1468 2246 1752 2306 untergeordnet.
1773 2249 1839 2309 Man
1876 2249 1932 2309 hat
1959 2250 2015 2310 das
2042 2250 2170 2310 Gefühl

376 2245 485 2305 nannt
506 2246 631 2306 werden
656 2249 791 2309 mußte.
807 2249 871 2309 Das
897 2249 1092 2309 Dichtertum
1133 2250 1262 2310 Arthur

2201 2253 2261 2313 ber
2295 2253 2350 2313 der
2378 2255 2488 2315 Ironie
2528 2258 2577 2318 als
2622 2260 2671 2320 die
2704 2259 2843 2319 größten
2876 2261 3091 2321 erscheinen.

1291 2288 1354 2348 daß
1389 2288 1433 2348 sie
1468 2291 1527 2351 von
1562 2291 1650 2351 einem
1695 2294 1792 2354 Mann
1823 2294 2034 2354 herrühren,
2059 2294 2171 2354 desser

375 2291 585 2351 Schnitzlers
607 2294 664 2354 hat
691 2294 753 2354 sich
781 2294 806 2354 in
833 2294 943 2354 seinen
970 2294 1244 2354 Bühnenwerken

2200 2297 2300 2357 Ihnen
2332 2300 2416 2360 allen
2443 2301 2558 2361 wohnt
2601 2303 2696 2363 nicht
2718 2306 2780 2366 nur
2807 2306 2854 2366 die
2876 2306 3081 2366 Andeutung

1292 2331 1461 2391 primäres
1493 2334 1611 2394 Talent
1643 2336 1699 2396 das
1730 2336 1848 2396 Talent
1900 2337 1956 2397 des
1993 2338 2173 2398 Erzählers

373 2334 537 2394 Novellen
569 2338 632 2398 und
665 2339 833 2399 Romanen
866 2339 891 2399 in
924 2339 1257 2399 verehrungswürdi

2204 2342 2294 2402 inne,
2310 2342 2368 2402 daß
2406 2344 2458 2404 der
2480 2345 2649 2405 Schöpfer
2671 2348 2776 2408 dieser
2804 2348 2925 2408 kleinen
2958 2351 3084 2411 Welten

372 2381 432 2441 ger
464 2381 573 2441 Weise
605 2381 819 2441 kundgetan.
844 2383 960 2443 Dieser
991 2384 1089 2444 letzte
1120 2384 1261 2444 Dichter
1292 2377 1414 2437 kurzer
1439 2378 1518 2438 oder
1538 2378 1709 2438 eigentlich
1740 2381 1967 2441 mittellanger
1992 2382 2175 2442 Erzählun-
2213 2386 2304 2446 mehr
2330 2387 2378 2447 von
2410 2389 2464 2449 der
2489 2389 2574 2449 Welt
2593 2391 2697 2451 weiß,
2711 2393 2759 2453 als
2778 2395 2814 2455 er
2833 2396 2869 2456 zu
2894 2396 2986 2456 sagen
3017 2396 3090 2456 vor¬

376 2423 613 2483 Oesterreichs
642 2426 709 2486 war
738 2426 840 2486 schon
897 2426 959 2486 vor
1010 2427 1066 2487 dem
1135 2427 1236 2487 Krieg

1288 2422 1351 2482 gen
1383 2420 1446 2480 ist.
1467 2423 1498 2483 In
1530 2423 1641 2483 beiden
1673 2423 1836 2483 Formen:
1863 2426 1984 2486 Drama
2021 2426 2084 2486 und
2111 2428 2179 2488 Er-
2206 2428 2269 2488 hat
2290 2428 2300 2488 —
2354 2430 2422 2490 dies
2444 2431 2490 2491 ist
2512 2434 2559 2494 ein
2586 2436 2833 2496 gewöhnlicher
2861 2438 2976 2498 Reflex
3003 2438 3086 2498 aller

1292 2464 1457 2524 zählung,
1482 2464 1527 2524 ist
1558 2464 1588 2524 er
1618 2467 1789 2527 durchaus
1820 2467 1864 2527 ein
1900 2470 2086 2530 Künstler,
2112 2470 2166 2530 und

375 2467 606 2527 Oesterreichs
633 2470 770 2530 Richter
797 2470 966 2530 gewesen.
982 2470 1050 2530 Das
1077 2471 1171 2531 Auge
1199 2469 1245 2529 die

2194 2473 2307 2533 Ironie
2344 2474 2406 2534 —,
2443 2477 2582 2537 sondern
2619 2480 2701 2540 auch
2738 2482 2842 2542 dieses
2873 2484 3090 2544 Besondere:

374 2509 425 2569 ses
451 2512 637 2572 Liebenden
668 2512 760 2572 hatte
792 2515 962 2575 vielleicht
988 2515 1143 2575 schärfer
1169 2515 1266 2575 gese¬

1292 2506 1361 2566 war
1392 2508 1421 2568 es
1452 2506 1512 2566 vom
1558 2509 1663 2569 ersten
1699 2511 1789 2571 Tage
1820 2512 1875 2572 an.
1900 2512 1945 2572 Es
1976 2514 2015 2574 ist
2046 2515 2091 2575 ein
2127 2515 2177 2575 er-
2207 2518 2277 2578 man
2308 2521 2408 2581 ahnt,
2429 2521 2458 2581 er
2484 2522 2579 2582 hätte
2605 2524 2685 2584 noch
2716 2527 2805 2587 mehr
2831 2527 2891 2587 und
2922 2527 3087 2587 vielleicht

374 2552 432 2612 hen
460 2557 508 2617 als
536 2557 578 2617 die
606 2557 719 2617 Augen
752 2557 805 2617 der
827 2558 973 2618 Hasser.
989 2560 1178 2620 Schnitzler
1200 2560 1237 2620 ha

1288 2551 1503 2611 staunlicher
1529 2554 1703 2614 Gedanke,
1724 2556 1776 2616 daß
1812 2557 1858 2617 die
1884 2557 2012 2617 kleinen
2044 2560 2161 2620 Szenen
2203 2561 2285 2621 noch
2316 2563 2496 2623 Stärkeres
2527 2568 2557 2628 zu
2589 2569 2717 2629 geben,
2738 2572 2784 2632 als
2810 2572 2861 2632 ihm
2908 2573 3015 2633 bisher
3046 2575 3077 2635 zu

1291 2596 1349 2656 aus
1375 2596 1428 2656 dem
1468 2597 1570 2657 Leben
1600 2599 1683 2659 einer
1708 2600 1909 2660 erfundenen
1934 2602 2037 2662 Figur
2062 2604 2150 2664 „Ana

371 2599 401 2659 in
453 2602 587 2662 seinen,
613 2602 731 2662 immer
783 2602 907 2662 wieder
938 2605 1252 2665 mißverstandener

2200 2605 2302 2665 geben
2329 2608 2475 2668 gefallen
2503 2611 2562 2671 hat
2584 2614 2659 2674 oder
2686 2614 2854 2674 gestattet
2876 2616 2957 2676 war.
2979 2617 3081 2677 Unter

1292 2637 1379 2697 tol“,
1395 2640 1446 2700 die
1467 2640 1564 2700 heute
1590 2640 1667 2700 aller
1693 2641 1775 2701 Welt
1796 2643 1821 2703 in
1842 2645 1976 2705 Europa
2007 2646 2063 2706 und
2089 2646 2166 2706 über

368 2643 637 2703 Darstellungen
691 2645 749 2705 der
797 2646 1103 2706 österreichischen
1135 2647 1262 2707 Gesell¬

2197 2648 2307 2708 diesen
2334 2652 2540 2712 Umständen
2567 2655 2651 2715 kann
2678 2658 2751 2718 man
2778 2658 2867 2718 nicht
2889 2658 2946 2718 vom
2984 2661 3078 2721 Alter

375 2688 490 2748 schaft
512 2688 616 2748 selbst
633 2688 722 2748 dort,
738 2688 780 2748 wo
807 2691 875 2751 man
902 2689 980 2749 pure
1002 2691 1254 2751 Bewunderung

1288 2682 1426 2742 Europa
1458 2685 1575 2745 hinaus
1607 2685 1750 2745 geläufig
1782 2688 1843 2748 ist,
1864 2689 1925 2749 und
1956 2691 2023 2751 eine
2054 2691 2172 2751 kurze,
2198 2693 2290 2753 eines
2311 2696 2444 2756 solchen
2471 2700 2645 2760 Menschen
2676 2702 2856 2762 sprechen,
2877 2703 2953 2763 denn
2980 2705 3010 2765 es
3036 2704 3082 2764 ist

1291 2729 1319 2789 in
1348 2727 1439 2787 ihrer
1468 2727 1534 2787 Art
1563 2730 1779 2790 vollkommen
1813 2731 1894 2791 reife
1928 2735 1990 2795 und
2019 2736 2157 2796 meister

373 2733 408 2793 zu
440 2733 614 2793 gewahren
645 2733 851 2793 vermeinte,
867 2736 974 2796 Kritik
1006 2736 1041 2796 an
1073 2736 1159 2796 einem
1206 2735 1242 2795 un

2194 2737 2369 2797 durchaus
2395 2742 2556 2802 möglich,
2571 2745 2631 2805 daß
2663 2744 2707 2804 ein
2738 2748 2864 2808 solcher
2889 2748 2944 2808 von
2975 2750 3060 2810 einem

369 2775 726 2835 tergangsgeweihten
760 2778 986 2838 Organismus
1036 2778 1157 2838 geübt.
1207 2778 1256 2838 Es
1290 2772 1388 2832 hafte
1422 2771 1609 2831 Erzählung
1648 2775 1863 2835 „Reichtum“
1897 2776 1957 2836 das
1985 2776 2072 2836 erste
2106 2776 2150 2836 wa

2194 2781 2273 2841 Teil
2300 2784 2405 2844 seiner
2438 2784 2559 2844 Kräfte
2597 2787 2676 2847 noch
2713 2790 2851 2850 niemals
2883 2793 3073 2853 sichtbaren

1287 2815 1363 2875 ren.
1383 2817 1492 2877 womit
1512 2817 1545 2877 er
1565 2817 1621 2877 vor
1641 2817 1674 2877 so
1699 2817 1789 2877 vielen
1818 2820 1937 2880 Jahren
1962 2820 2158 2880 hervortrat

374 2820 456 2880 geht
482 2823 580 2883 nicht
601 2821 745 2881 anders:
771 2823 843 2883 man
875 2823 946 2883 muß
983 2823 1039 2883 den
1071 2823 1143 2883 hier
1169 2823 1261 2883 mehr

2200 2826 2368 2886 Gebreuch
2400 2831 2553 2891 gemacht
2574 2832 2632 2892 und
2664 2834 2737 2894 auch
2769 2835 2853 2895 einen
2880 2837 2953 2897 Teil
2969 2838 3074 2898 seiner

373 2863 419 2923 als
445 2864 630 2924 wohlfeilen
662 2864 831 2924 Vergleich
858 2867 919 2927 mit
940 2867 996 2927 dem
1038 2867 1120 2927 Arzt
1141 2864 1151 2924 —
1203 2866 1259 2926 der

1337 2858 1390 2918 Ihm
1438 2858 1505 2918 sind
1540 2858 1600 2918 alle
1629 2861 1858 2921 Instrumente
1886 2864 1920 2924 zu
1955 2866 2090 2926 Dienst,
2117 2867 2164 2927 die
2192 2868 2327 2928 Jugend
2355 2874 2532 2934 irgendwo
2559 2879 2844 2939 zurückbehalten
2885 2882 2966 2942 oder
3007 2882 3061 2942 ver

374 2906 409 2966 er
433 2906 509 2966 denn
539 2908 620 2968 auch
651 2909 673 2969 im
716 2911 998 2971 ursprünglichen
1028 2912 1134 2972 Beruf
1152 2911 1263 2971 gewe-
1293 2906 1351 2966 das
1382 2904 1570 2964 Handwerk
1612 2906 1693 2966 einem
1741 2909 1941 2969 erfahreren
1983 2911 2047 2971 und
2089 2912 2171 2972 sehr
2208 2915 2324 2975 borgen
2355 2919 2430 2979 hat.

369 2951 427 3011 sen
454 2951 495 3011 ist
512 2951 522 3011 —
570 2954 818 3014 heranzichen:
834 2957 965 3017 Arthur
982 2957 1171 3017 Schnitzler
1193 2956 1255 3016 war

371 2996 427 3056 der
459 2996 629 3056 unbeirrte
660 2999 903 3059 Diagnostiker
955 2999 1011 3059 der
1043 2999 1254 3059 unheilbaren

368 3038 673 3098 österreichischen
708 3041 919 3101 Krankheit.
940 3041 999 3101 Ihm
1043 3044 1176 3104 wurden
1216 3044 1260 3104 die

373 3082 720 3142 Verfallssymptome
750 3085 871 3145 bereits
902 3085 1083 3145 offenbar,
1124 3085 1174 3145 als
1225 3086 1259 3146 er

371 3126 449 3186 noch
479 3127 655 3187 scheinbar
675 3130 836 3190 bejahend
861 3130 914 3190 zum
954 3130 1252 3190 österreichischen

369 3166 482 3226 Wesen
514 3172 663 3232 Stellung
690 3175 808 3235 nahm.
825 3175 954 3235 Arthur
980 3175 1166 3235 Schnitzler
1192 3177 1264 3237 hat,

369 3211 590 3271 wirksamer,
617 3217 690 3277 weil
717 3217 907 3277 objektiver
940 3219 992 3279 als
1040 3217 1087 3277 ein
1124 3220 1255 3280 Gustav

373 3258 542 3318 Meyrink,
569 3260 621 3320 den
653 3261 960 3321 österreichischen
1014 3260 1257 3320 Militarismus

369 3302 420 3362 als
452 3303 508 3363 das
539 3305 833 3365 Krebsgeschwür
859 3306 884 3366 in
921 3306 977 3366 den
1009 3306 1251 3366 verfaulenden

367 3343 603 3403 Eingeweiden
633 3348 683 3408 der
709 3348 900 3408 Monarchie
926 3348 1162 3408 agnostiziert.
1182 3351 1247 3411 Daß

365 3392 404 3452 er
458 3390 512 3450 den
557 3393 747 3453 „Leutnant
777 3393 899 3453 Gustl“
934 3393 1145 3453 geschrieben
1184 3396 1262 3456 hat,

370 3431 455 3491 wäre
489 3434 614 3494 wenig,
634 3437 725 3497 wenn
759 3438 792 3498 er
817 3438 869 3498 ihn
903 3438 975 3498 erst
999 3438 1080 3498 nach
1114 3438 1172 3498 der
1201 3439 1263 3499 Er¬

366 3479 577 3539 nüchterung
608 3479 700 3539 durch
732 3482 778 3542 die
799 3479 932 3539 „Große
953 3479 1040 3539 Zeit“
1067 3481 1241 3541 veröffent

368 3522 451 3582 licht
471 3523 580 3583 hätte.
595 3524 663 3584 Daß
693 3524 723 3584 er
748 3526 831 3586 diese
856 3524 993 3584 Novelle
1014 3524 1052 3584 um
1088 3525 1137 3585 die
1157 3527 1259 3587 Jahr¬

366 3568 636 3628 hundertwende
656 3569 837 3629 publiziert
857 3570 930 3630 hat,
946 3569 989 3629 ist
1009 3569 1078 3629 eine
1103 3571 1254 3631 ethische

365 3611 537 3671 Großtat,
557 3612 591 3672 um
631 3614 680 3674 die
705 3614 754 3674 ihn
784 3614 828 3674 ein
858 3612 1064 3672 Grillparzer
1090 3614 1183 3674 hätte
1208 3611 1256 3671 be¬

366 3656 480 3716 neiden
505 3656 662 3716 müssen.
677 3656 744 3716 Man
774 3659 859 3719 lasse
884 3657 946 3717 sich
970 3657 1061 3717 nicht
1085 3656 1181 3716 durch
1210 3658 1253 3718 die

365 3697 484 3757 später
508 3700 718 3760 einsetzende
747 3700 933 3760 klassische
963 3700 1158 3760 Vertiefung
1192 3702 1249 3762 von

361 3742 572 3802 Schnitzlers
602 3745 774 3805 Prosastil
794 3745 956 3805 täuschen
991 3745 1050 3805 und
1080 3745 1158 3805 hüte
1183 3747 1247 3807 sich

365 3787 426 3847 vor
456 3787 508 3847 dem
556 3787 699 3847 Irrtum,
723 3788 780 3848 den
814 3787 1005 3847 Schnitzler
1034 3787 1091 3847 der
1139 3789 1254 3849 Nach¬

366 3832 581 3892 kriegsjahre
602 3832 660 3892 für
686 3832 768 3892 einen
798 3832 915 3892 müden
945 3832 1112 3892 alternden
1142 3833 1250 3893 Herrn

362 3873 399 3933 zu
432 3873 567 3933 halten,
590 3876 702 3936 dessen
735 3876 898 3936 Schaffen
931 3876 991 3936 von
1024 3875 1080 3935 der
1108 3876 1257 3936 Vorver¬

363 3918 573 3978 gangenheit
593 3918 732 3978 gezehrt
756 3921 856 3981 habe.
876 3921 943 3981 Man
973 3921 1034 3981 lese
1064 3918 1168 3978 seinen
1193 3920 1260 3980 Ro¬

360 3961 436 4021 man
475 3963 685 4023 „Therese“,
729 3963 839 4023 dieses
893 3963 1074 4023 grandiose
1127 3966 1252 4026 soziale

358 4005 476 4065 Epos,
496 4005 550 4065 das
580 4007 639 4067 mit
664 4007 717 4067 der
743 4005 816 4065 Not
836 4008 978 4068 unserer
999 4008 1072 4068 Zeit
1097 4008 1191 4068 mehr
1216 4008 1250 4068 zu

362 4050 418 4110 tun
455 4050 516 4110 hat
542 4051 593 4111 als
625 4052 774 4112 hundert
826 4051 1088 4111 marktgängige
1125 4050 1253 4110 Gesell¬

360 4094 640 4154 schaftsromane
666 4094 704 4154 up
729 4094 759 4154 to
784 4094 877 4154 date.
893 4097 961 4157 Man
991 4096 1094 4156 greife
1119 4088 1128 4148 —
1178 4096 1237 4156 dem

364 4139 494 4199 Prager
520 4139 710 4199 Deutschen
746 4142 892 4202 Theater
923 4139 972 4199 sei
998 4141 1068 4201 dies
1094 4142 1254 4202 empfoh¬
