3392 4256
248 258 369 318 112.

444 261 1026 321 Schnitzler's
1088 261 1318 321 Death

458 1174 717 1234 DOBS

845 1193 1173 1253 ERVER

548 1237 574 1297 I.
588 1237 707 1297 österr.
717 1240 868 1300 behördl.
882 1249 1183 1309 konzessioniertes

496 1276 731 1336 Unternehmen
763 1282 812 1342 für
839 1288 1230 1348 Zeitungs-Ausschnitte

554 1332 699 1392 WIEN,
726 1341 772 1401 I.,
799 1347 1084 1407 WOLLZEILE
1131 1356 1170 1416 11

648 1390 862 1450 TELEPHON
900 1398 1076 1458 R-23-0-43

344 1567 570 1627 oonnat.
637 1583 814 1643 Der
865 1603 1107 1663 Bund

1265 1619 1396 1679 Beri

330 1644 628 1704 Adresse:

971 1658 1040 1718 Herner
1055 1665 1130 1725 Zeitung

367 1721 484 1781 Date.
507 1731 679 1791 Abend
723 1745 980 1805 Auigabe

786 1870 849 1930 22
899 1871 1174 1931 00TO3RE
1225 1885 1272 1945 93

545 2022 777 2082 Arthur
814 2030 1103 2090 Schnitzler

314 2081 494 2141 Wien,
514 2085 567 2145 21.
581 2085 613 2145 d.
641 2087 707 2147 (W.
728 2088 767 2148 K.
788 2090 840 2150 B.)
867 2093 927 2153 Der
954 2096 1174 2156 österreichische
1188 2100 1267 2160 Dra¬

312 2126 439 2186 matiker
469 2127 523 2187 und
558 2131 705 2191 Erzähler
735 2133 857 2193 Arthur
882 2139 1043 2199 Schnitzler
1073 2141 1102 2201 ist
1132 2144 1196 2204 hier
1221 2147 1250 2207 im

308 2168 360 2228 76.
380 2171 573 2231 Lebensjahr
597 2174 771 2234 gestorben.

348 2258 414 2318 Mit
434 2258 557 2318 Arthur
582 2263 758 2323 Schnitzler,
778 2266 826 2326 der
855 2268 902 2328 vom
946 2272 1112 2332 Arztberuf
1132 2277 1184 2337 her
1208 2277 1255 2337 zur

301 2300 451 2360 Dichtung
488 2305 565 2365 kam.
593 2305 665 2365 sinkt
693 2307 775 2367 wohl
803 2308 853 2368 der
886 2314 1173 2374 liebenswürdigste
1206 2320 1260 2380 und

310 2344 391 2404 sicher
414 2346 495 2406 einer
518 2349 567 2409 der
591 2350 794 2410 geistreichsten
822 2355 976 2415 Gestalter
999 2359 1044 2419 der
1067 2362 1261 2422 naturalisti¬

306 2387 372 2447 schen
408 2392 598 2452 Generation
634 2395 682 2455 ins
714 2395 815 2455 Grab.
837 2397 881 2457 Er
908 2401 974 2461 war
1001 2403 1045 2463 ein
1081 2407 1257 2467 minutiöser

310 2434 546 2494 Impressionist,
565 2438 655 2498 dessen
687 2440 773 2500 Auge
802 2441 846 2501 die
874 2445 987 2505 äußern
1020 2452 1256 2512 Erscheinungen

302 2473 350 2533 des
382 2478 496 2538 Lebens
528 2481 589 2541 klar
621 2483 673 2543 und
705 2484 868 2544 schleierlos
900 2490 1028 2550 schaute,
1050 2493 1103 2553 und
1139 2496 1165 2556 er
1197 2496 1258 2556 war

300 2517 344 2577 ein
377 2523 486 2583 großer
514 2526 709 2586 Psychologe,
732 2528 782 2588 der
810 2529 860 2589 die
888 2534 1051 2594 Regungen
1088 2537 1138 2597 der
1166 2539 1256 2599 Seele

301 2562 354 2622 und
386 2565 434 2625 die
462 2568 631 2628 Zuckungen
667 2571 715 2631 des
747 2573 840 2633 Hirns
877 2576 930 2636 wie
962 2580 1046 2640 selten
1082 2583 1166 2643 einer
1194 2582 1264 2642 auf¬

302 2607 402 2667 spürte
432 2609 487 2669 und
523 2613 737 2673 zergliederte.

337 2651 434 2711 Ueber
468 2655 561 2715 seiner
594 2658 701 2718 reichen
739 2661 949 2721 Lebensernte
982 2667 1094 2727 spannt
1123 2668 1169 2728 sich
1203 2670 1253 2730 der

296 2693 411 2753 heitere
443 2696 496 2756 und
527 2698 590 2758 doch
621 2701 647 2761 in
679 2702 772 2762 seiner
800 2705 969 2765 Heiterkeit
996 2711 1062 2771 auch
1094 2714 1259 2774 melancho¬

296 2738 372 2798 lische
400 2739 453 2799 und
482 2743 576 2803 etwas
608 2745 690 2805 müde
718 2747 853 2807 Himmel
877 2751 971 2811 seiner
994 2756 1184 2816 Vaterstadt.
1203 2757 1243 2817 Er

289 2783 404 2843 begann
440 2786 497 2846 mit
529 2787 578 2847 den
614 2790 822 2850 Liebesszenen
858 2794 911 2854 des
947 2798 1097 2858 „Anatol“
1133 2801 1186 2861 und
1218 2801 1248 2861 er

290 2825 316 2885 ist
358 2827 412 2887 dem
472 2831 545 2891 dort
587 2836 833 2896 angeschlagenen
875 2840 988 2900 Thema
1030 2843 1148 2903 „Eros“
1185 2846 1240 2906 sein

298 2869 384 2929 Lben
416 2872 485 2932 lang
517 2875 576 2935 reu
609 2878 782 2938 geblieben,
805 2880 828 2940 in
860 2884 1015 2944 Dramen,
1034 2888 1171 2948 Skizzen,
1190 2888 1253 2948 No¬

293 2913 383 2973 pellen
422 2917 473 2977 und
508 2920 688 2980 Komanen.
710 2923 752 2983 Er
779 2926 924 2986 zeichnete
951 2926 997 2986 die
1024 2929 1079 2989 echt
1110 2932 1247 2992 liebende

287 2956 342 3016 und
377 2959 424 3019 oft
450 2962 582 3022 maßlose
613 2965 690 3025 Frau
729 2967 784 3027 und
814 2970 865 3030 den
904 2971 960 3031 nur
991 2974 1148 3034 liebenden
1183 2976 1238 3036 und

279 3001 318 3061 oft
341 3004 550 3064 schwächlichen
582 3010 701 3070 Mann.
720 3010 759 3070 Es
786 3014 933 3074 gelangen
965 3016 1009 3076 ihm
1049 3019 1142 3079 kleine
1169 3021 1240 3081 Sze¬

282 3043 330 3103 nen
366 3046 419 3106 von
455 3050 644 3110 Intensität,
671 3055 759 3115 neben
800 3056 887 3116 denen
923 3059 976 3119 der
1007 3060 1153 3120 Eindruck
1180 3063 1228 3123 des

284 3090 511 3150 Gesamtwurfs
558 3096 666 3156 häufig
699 3100 890 3160 zurücktritt,
932 3102 1005 3162 aber
1037 3105 1146 3165 immer
1183 3108 1246 3168 war

275 3129 302 3189 er
325 3133 387 3193 voll
406 3135 518 3195 Grazie
546 3139 599 3199 und
626 3141 761 3201 Anmut,
779 3144 842 3204 auch
870 3147 896 3207 er

951 3149 1020 3209 wie
1042 3153 1236 3213 Hofmanns-

271 3178 343 3238 thal
366 3180 380 3240 —
426 3180 471 3240 ein
504 3185 590 3245 echtes
623 3186 700 3246 Kind
733 3189 906 3249 Altwiens.

1553 264 1675 324 box
1753 264 1929 324 42/8

1900 742 2048 802 Adresse
2068 748 2077 808 :

2453 804 2571 864 Zürich

2289 814 2316 874 2

1894 840 1985 900 Date
2001 844 2015 904 :

2456 864 2680 924 931

1995 1097 2191 1157 Arthur
2236 1113 2518 1173 Schnitzler

1904 1175 1961 1235 Der
2005 1189 2218 1249 österreichische
2263 1204 2449 1264 Dramatiker
2498 1212 2547 1272 und
2596 1224 2738 1284 Erzähler

1835 1225 1998 1285 Arthur
2041 1242 2263 1302 Schnitzler
2306 1254 2343 1314 ist
2386 1256 2412 1316 im
2470 1261 2523 1321 70.
2561 1272 2729 1332 Altersjahr

1836 1274 1993 1334 gestorben.

1891 1341 1995 1401 Arthur
2021 1352 2191 1412 Schnitzler,
2206 1357 2251 1417 der
2271 1362 2346 1422 Sohn
2377 1368 2447 1428 eines
2472 1374 2582 1434 Wiener
2603 1388 2722 1448 Arztes,

1821 1374 1921 1434 wurde
1944 1382 1974 1442 am
2019 1387 2066 1447 15.
2089 1392 2159 1452 Mai
2181 1397 2256 1457 1862
2282 1402 2304 1462 in
2331 1407 2405 1467 Wien
2436 1410 2572 1470 geboren,
2586 1422 2717 1482 studierte

1825 1413 1948 1473 Medizin
1987 1425 2039 1485 und
2073 1429 2172 1489 wirkte
2201 1435 2225 1495 in
2263 1441 2335 1501 Wien
2373 1444 2416 1504 als
2450 1453 2606 1513 praktischer
2636 1463 2721 1523 Arzt.

1814 1450 1856 1510 Er
1893 1458 2028 1518 widmete
2065 1466 2111 1526 sich
2149 1473 2237 1533 jedoch
2279 1481 2339 1541 bald
2377 1488 2585 1548 ausschließlich
2623 1500 2711 1560 seinen

1818 1500 2085 1560 schriftstellerischen
2113 1511 2275 1571 Neigungen
2303 1523 2357 1583 und
2380 1526 2543 1586 behandelte
2571 1535 2611 1595 als
2635 1538 2716 1598 Dra¬

1809 1532 1927 1592 matiker
1959 1537 2011 1597 wie
2038 1542 2081 1602 als
2113 1553 2253 1613 Erzähler
2285 1559 2324 1619 die
2351 1571 2712 1631 Dekadenzerscheinungen

1811 1570 1895 1630 seiner
1919 1576 1984 1636 Zeit
2013 1581 2116 1641 sowohl
2145 1587 2168 1647 im
2207 1598 2432 1658 österreichischen
2461 1608 2630 1668 Bürgertum
2673 1617 2724 1677 wie

1803 1610 1829 1670 in
1860 1610 1904 1670 der
1931 1619 2098 1679 vornehmen
2129 1629 2270 1689 Lebewelt
2297 1638 2345 1698 und
2372 1642 2416 1702 der
2443 1648 2592 1708 literarisch
2619 1655 2711 1715 künst¬

1803 1649 1927 1709 lerischen
1961 1657 2099 1717 Bohème.
2143 1667 2200 1727 Bei
2220 1672 2267 1732 der
2292 1681 2473 1741 Aufführung
2503 1688 2593 1748 seiner
2618 1693 2713 1753 Werke

1803 1685 1834 1745 ist
1857 1688 1884 1748 er
1907 1690 1952 1750 oft
1971 1693 1993 1753 in
2025 1700 2152 1760 Konflikt
2175 1707 2229 1767 mit
2252 1712 2298 1772 der
2321 1720 2425 1780 Zensur
2448 1725 2584 1785 geraten.
2621 1732 2711 1792 Seine

1796 1726 1996 1786 dramatischen
2034 1741 2224 1801 Hauptwerke
2263 1752 2323 1812 sind
2356 1762 2518 1822 „Anatol“,
2547 1771 2691 1831 „Reigen“

1791 1770 2066 1830 „Zwischenspiel“,
2091 1784 2257 1844 „Professor
2282 1797 2483 1857 Bernhardi“.
2518 1803 2581 1863 Von
2611 1810 2699 1870 seinen

1791 1806 1977 1866 erzählenden
2023 1816 2136 1876 Werten
2177 1829 2290 1889 nennen
2336 1836 2386 1896 wir
2432 1838 2508 1898 „Der
2550 1846 2613 1906 Weg
2654 1850 2699 1910 ins

1793 1843 1914 1903 Freie“,
1947 1852 2044 1912 „Frau
2078 1858 2166 1918 Beate
2200 1865 2250 1925 und
2284 1870 2325 1930 ihr
2354 1877 2480 1937 Sohn",
2513 1888 2704 1948 „Casanovas

1785 1888 1976 1948 Heimfahrt"
2008 1896 2060 1956 und
2093 1903 2252 1963 „Fräulein
2279 1915 2384 1975 Else".

1808 2434 1996 2494 AUSSCHT
2009 2434 2065 2494 VON
2173 2441 2197 2501 2
2221 2443 2243 2503 2
2279 2446 2373 2506 Okl.
2386 2456 2456 2516 1930

1862 2628 1961 2688 Neue
2002 2623 2211 2683 Züricher
2254 2625 2443 2685 Zeitung:
2475 2622 2614 2682 Zürich

2089 2684 2395 2744 Mittagausgabe

2106 2866 2266 2926 Kleine
2310 2863 2505 2923 Chronik

1901 2929 2016 2989 Apfüur
2048 2928 2234 2988 Schnitzlet
2267 2921 2313 2981 F.
2352 2921 2390 2981 ag
2439 2920 2507 2980 Der
2532 2919 2764 2979 österreichische

1843 2975 2033 3035 Dramatiker
2070 2972 2126 3032 und
2158 2969 2442 3029 Erzähler-Artur
2469 2965 2639 3025 Schnitzler
2670 2964 2706 3024 ist
2732 2962 2757 3022 in

1843 3017 1919 3077 Wien
1955 3020 1980 3080 im
2027 3019 2072 3079 70.
2098 3016 2282 3076 Altersjahr
2313 3010 2486 3070 gestorben.

2197 3311 2292 3371 SEUE
2324 3311 2508 3371 ZOROEER
2533 3323 2716 3383 PLITUN.

1930 3442 2044 3502 vom:

2218 3478 2315 3538 22.
2346 3467 2472 3527 0KT.
2494 3460 2591 3520 1937

1916 3688 2030 3748 Artur
2059 3696 2396 3756 SchnitzlerF.ar
2447 3703 2518 3763 Der
2541 3710 2776 3770 österreichische

1854 3731 2051 3791 Dramatiker
2082 3733 2140 3793 und
2171 3738 2323 3798 Erzähler
2353 3744 2456 3804 Artur
2482 3753 2649 3813 Schnitzler
2679 3762 2713 3822 ist
2739 3767 2768 3827 in

1856 3769 1939 3829 Wien
1973 3775 1996 3835 im
2039 3778 2089 3838 70.
2114 3783 2296 3843 Altersjahr
2320 3789 2493 3849 gestorben.
