3296 4320
1415 89 1610 149 Wien,
1648 97 2028 157 Donnerstag,
2066 100 2151 160 den
2201 105 2298 165 22.
2336 110 2568 170 Okroher

272 289 431 349 Ihr
501 289 879 349 freuester
938 298 1371 358 Begleiter

1723 385 1969 445 Das
2106 388 2410 448 erste
2527 403 3061 463 Budget

334 388 401 448 der
427 389 489 449 Sie
516 393 724 453 überallhin
761 398 958 458 begleitet,
980 400 1042 460 und
1074 403 1136 463 Sie
1163 406 1303 466 würdig

653 445 947 505 repräsentiert,
969 446 1009 506 ist

2140 583 3002 643 Krarinkion.

604 595 1033 655 Sphinx

253 667 302 727 die
328 672 533 732 fabelhafte
552 675 745 735 Krawatte
770 679 832 739 aus
858 680 957 740 einem
1001 683 1100 743 Stück
1119 685 1237 745 reiner
1256 687 1386 747 Seide,

1847 719 1996 779 Rede
2038 725 2147 785 Dr.
2189 727 2660 787 Weidenhoffers
2722 733 2761 793 im
2843 741 3264 801 Rationalrat.

558 736 733 796 elastisch,
819 736 858 796 8½
904 739 1080 799 Schilling

331 813 390 873 In
428 821 887 881 Modegeschäften,
914 825 1027 885 mein
1066 827 1303 887 Herr....!

2154 846 2281 906 Wien,
2304 848 2356 908 22.
2374 852 2513 912 Oktober.

2595 858 2719 918 gedeckt
2751 858 2866 918 werden
2914 864 3038 924 sollten,
3070 867 3123 927 für
3156 869 3217 929 das

1509 891 1575 951 Die
1600 893 1916 953 Steigerungskurve
1941 899 1983 959 ist
2008 900 2056 960 jäh
2087 905 2288 965 abgebrochen
2325 909 2391 969 Zum
2435 909 2543 969 ersten¬

2590 906 2829 966 vierundvierzig
2865 911 3026 971 Millionen
3074 912 3122 972 für
3158 915 3235 975 diese

1421 937 1486 997 mal
1516 939 1570 999 seit
1594 940 1647 1000 der
1677 943 1927 1003 Stabilisierung
1964 947 2052 1007 haben
2089 948 2148 1008 wir
2172 951 2339 1011 begriffen,
2369 955 2422 1015 daß
2465 955 2547 1015 nicht

2587 950 2677 1010 doch,
2706 951 2762 1011 das
2797 953 2836 1013 ist
2865 952 2910 1012 die
2945 958 3109 1018 traurigste
3139 963 3274 1023 Mitteilu

280 978 357 1038 Ein
404 984 723 1044 erschütternder
770 988 933 1048 Verlust
965 991 1034 1051 für
1074 990 1354 1050 Oesterreich.

1426 987 1722 1047 Großmannssucht
1744 987 1776 1047 am
1820 991 1921 1051 Platze
1949 992 1981 1052 ist
2008 992 2061 1052 und
2094 994 2196 1054 innere
2224 998 2439 1058 Unwahrheit.
2461 1001 2530 1061 Man

2595 996 2650 1056 mit
2714 997 2764 1057 der
2816 1001 2979 1061 Begebung
3048 1005 3093 1065 der
3161 1010 3274 1070 zweiten

1432 1029 1494 1089 mag
1529 1032 1579 1092 den
1613 1034 1720 1094 Erfolg
1749 1034 1800 1094 der
1835 1038 2111 1098 Finanzgebarung
2145 1041 2196 1101 vom
2242 1044 2343 1104 Jahre
2372 1046 2451 1106 1924
2497 1046 2541 1106 bis

344 1037 437 1097 Nicht
471 1040 576 1100 Kunst
615 1042 675 1102 und
720 1046 880 1106 Literatur
919 1051 1029 1111 allein,
1068 1054 1145 1114 ganz
1184 1054 1361 1114 Oesterreich

2591 1043 2868 1103 vestitionskredits
2931 1048 3004 1108 auch
3062 1050 3090 1110 im
3170 1055 3271 1115 nächst

1427 1079 1478 1139 zum
1525 1079 1657 1139 heutigen
1693 1080 1779 1140 Tage
1808 1082 1865 1142 wie
1895 1085 2004 1145 immer
2034 1085 2212 1145 beurteilen,
2236 1090 2380 1150 Tatsache
2409 1094 2461 1154 ist,
2484 1093 2536 1153 daß

246 1085 370 1145 trauert
410 1087 443 1147 um
489 1089 607 1149 Arthur
643 1094 823 1154 Schnitzler.
857 1095 936 1155 Wer
970 1098 1021 1158 ihn
1067 1100 1202 1160 gekannt
1242 1102 1309 1162 hat,
1333 1103 1371 1163 ist

2589 1090 2744 1150 rechnen;
2784 1094 2906 1154 trotzdem
2967 1097 3157 1157 bekanntlich
3202 1101 3262 1161 hun

1422 1124 1493 1184 diese
1533 1124 1731 1184 finanziellen
1771 1130 2032 1190 Kletterübungen
2077 1133 2131 1193 den
2177 1138 2293 1198 jetzigen
2333 1139 2426 1199 Krach
2471 1138 2543 1198 ver¬

251 1134 556 1194 niedergeschmettert
585 1136 670 1196 durch
704 1139 749 1199 die
778 1142 981 1202 Plötzlichkeit
1010 1145 1060 1205 des
1095 1148 1270 1208 Unglücks.
1293 1148 1366 1208 Wer

2591 1136 2647 1196 uns
2682 1136 2834 1196 bewilligt
2863 1141 2981 1201 wurden
3022 1145 3083 1205 nach
3118 1148 3270 1208 dreijähri

1432 1171 1556 1231 schuldet
1579 1172 1698 1232 haben.
1715 1175 1862 1235 Niemals
1891 1178 1969 1238 wäre
1993 1181 2061 1241 eine
2084 1181 2106 1241 so
2135 1182 2253 1242 brutale
2276 1187 2440 1247 Operation
2475 1186 2542 1246 not¬

253 1179 342 1239 seinem
385 1181 516 1241 adeligen
549 1185 648 1245 Wesen
681 1187 897 1247 nahekommen
929 1192 1044 1252 durfte,
1066 1192 1161 1252 seiner
1182 1194 1293 1254 echten,
1314 1194 1367 1254 wie

2593 1184 2749 1244 gezählten
2787 1185 2895 1245 Mühen
2932 1189 2980 1249 der
3011 1193 3253 1253 Verhandlung,

1415 1216 1528 1276 wendig
1574 1219 1733 1279 geworden
1779 1222 1859 1282 ohne
1894 1223 1944 1283 die
1979 1228 2332 1288 Hemmungslosigkeit
2367 1231 2417 1291 der
2452 1233 2537 1293 Par¬

254 1224 314 1284 eine
342 1224 447 1284 frische
476 1230 586 1290 Quelle
620 1231 858 1291 aufströmenden
898 1237 997 1297 Güte,
1025 1238 1119 1298 seiner
1147 1240 1219 1300 ewig
1253 1241 1363 1301 wachen

2590 1231 2803 1291 Abkommens
2856 1234 2930 1294 über
2977 1236 3023 1296 die
3069 1242 3271 1302 Reliefschull

1420 1264 1517 1324 teien,
1570 1266 1650 1326 ohne
1715 1266 1766 1326 die
1819 1273 2084 1333 Verschwendung
2154 1276 2240 1336 durch
2299 1278 2540 1338 Subventions¬

249 1273 514 1333 Freundlichkeit,
547 1276 641 1336 seinem
697 1280 806 1340 großen
857 1280 912 1340 und
957 1284 1056 1344 reinen
1095 1288 1227 1348 Herzen,
1255 1288 1348 1348 seinem

2591 1277 2689 1337 Zweck
2720 1279 2763 1339 die
2788 1279 2972 1339 Freilegung
3003 1282 3052 1342 der
3077 1284 3194 1344 Straße
3219 1287 3267 1347 für

1416 1312 1526 1372 politik
1576 1312 1662 1372 jeder
1712 1314 1791 1374 Art,
1835 1319 1914 1379 ohne
1964 1319 2013 1379 die
2063 1321 2228 1381 künstliche
2272 1328 2530 1388 Nichtbeachtung

249 1316 362 1376 Geiste,
386 1319 436 1379 der
465 1323 727 1383 tausendfältiges
756 1324 870 1384 Wissen
904 1330 1063 1390 umfaßte,
1087 1332 1137 1392 dem
1183 1333 1217 1393 ist
1246 1333 1297 1393 es,
1320 1334 1365 1394 als

2585 1324 2675 1384 wesen
2712 1324 2759 1384 ist.
2785 1326 2856 1386 Nun
2894 1327 2947 1387 soll
2973 1330 3021 1390 die
3045 1332 3118 1392 erste
3149 1336 3251 1396 Trand

1421 1357 1495 1417 aller
1559 1360 1749 1420 Symptome
1814 1363 1871 1423 des
1935 1366 2259 1426 Wirtschaftslebens.
2317 1372 2391 1432 Daß
2461 1375 2530 1435 man

245 1361 337 1421 sänke
367 1364 431 1424 mit
454 1369 552 1429 seiner
582 1370 703 1430 Gestalt
727 1371 773 1431 ein
809 1374 901 1434 Stück
936 1376 988 1436 des
1024 1378 1145 1438 eigenen
1174 1377 1302 1437 Wesens
1337 1381 1360 1441 in

2585 1371 2700 1431 Dollar
2729 1372 2776 1432 für
2805 1374 2891 1434 unser
2922 1375 3002 1435 Land
3031 1378 3222 1438 ausreichen,
3240 1383 3257 1443 u

1422 1404 1574 1464 Finanzen
1625 1407 1709 1467 nicht
1755 1410 1862 1470 führen
1919 1411 1998 1471 kann
2056 1413 2111 1473 mit
2157 1418 2355 1478 zermalmten
2406 1417 2535 1477 Steuer¬

237 1408 283 1468 die
313 1411 412 1471 Gruft
436 1415 494 1475 und
524 1417 647 1477 zugleich
683 1416 723 1476 ein
753 1420 846 1480 Stück
882 1420 934 1480 von
964 1424 1168 1484 Oesterreich.

2586 1418 2749 1478 Millionen
2781 1421 2868 1481 sollen
2900 1422 2956 1482 uns
2988 1425 3050 1485 auch
3083 1425 3107 1485 im
3152 1429 3245 1489 Laufe

1417 1452 1563 1512 trägern,
1603 1455 1659 1515 daß
1711 1457 1930 1517 Einnahmen,
1970 1459 2027 1519 aus
2073 1461 2123 1521 dem
2186 1464 2428 1524 Kapitalsbesitz
2468 1467 2535 1527 ent¬

331 1456 404 1516 Das
433 1461 501 1521 war
524 1463 574 1523 er,
592 1464 614 1524 im
660 1464 773 1524 besten,
796 1465 818 1525 im
865 1469 988 1529 reinsten
1017 1470 1119 1530 Sinne
1148 1473 1199 1533 des
1228 1473 1368 1533 Wortes.

2588 1464 2689 1524 Jahre
2732 1467 2811 1527 1932
2860 1468 2925 1528 noch
2968 1473 3143 1533 verweigert
3180 1475 3258 1535 werd

1416 1500 1595 1560 springend,
1625 1503 1711 1563 keine
1746 1503 1839 1563 echten
1874 1506 2071 1566 Einnahmen
2106 1508 2193 1568 sind,
2223 1509 2343 1569 sondern
2385 1514 2540 1574 Verluste,

242 1506 309 1566 Der
334 1506 419 1566 Duft
445 1509 567 1569 unserer
592 1509 708 1569 Gärten
740 1510 819 1570 webt
844 1513 868 1573 in
899 1515 997 1575 seinen
1029 1517 1206 1577 Geschichten
1244 1519 1298 1579 und
1330 1521 1354 1581 in

2588 1512 2796 1572 geschlossenen
2846 1515 2901 1575 und
2945 1518 3030 1578 durch
3068 1520 3110 1580 die
3142 1524 3258 1584 Versöl

1422 1543 1475 1603 daß
1506 1545 1553 1605 die
1578 1546 1770 1606 Gesamtheit
1795 1550 1842 1610 sich
1873 1551 1951 1611 nicht
1976 1554 2131 1614 bereichern
2168 1554 2240 1614 kann
2277 1557 2360 1617 durch
2385 1558 2433 1618 die
2451 1559 2535 1619 Ver¬

242 1548 295 1608 den
348 1553 490 1613 Dramen
562 1557 661 1617 seiner
710 1560 857 1620 Jugend,
905 1563 952 1623 die
982 1563 1058 1623 helle
1100 1565 1177 1625 Luft
1243 1565 1360 1625 unseres

2588 1559 2753 1619 kräftigten
2798 1563 2964 1623 Verträge.
3007 1563 3081 1623 Wir
3112 1569 3228 1629 können

1412 1592 1544 1652 armung
1579 1592 1631 1652 des
1660 1596 1833 1656 einzelnen,
1862 1597 1931 1657 diese
1961 1600 2156 1660 Wahrheiten
2192 1602 2254 1662 sind
2284 1604 2347 1664 uns
2376 1605 2439 1665 jetzt
2469 1607 2531 1667 ein¬

244 1597 415 1657 Frühlings
448 1602 587 1662 schmeckt
633 1605 760 1665 beinahe
800 1607 933 1667 physisch
978 1608 1035 1668 aus
1081 1610 1175 1670 seinen
1215 1613 1361 1673 Worten.

2587 1604 2717 1664 wirklich
2744 1606 2809 1666 eine
2830 1607 2855 1667 so
2882 1609 2973 1669 rauhe
3000 1612 3202 1672 Behandlung
3229 1616 3254 1676 in

1411 1637 1541 1697 gebläut
1566 1638 1683 1698 worden
1713 1641 1767 1701 auf
1791 1641 1855 1701 eine
1880 1641 1939 1701 sehr
1963 1645 2105 1705 unsanfte
2129 1646 2182 1706 und
2213 1648 2360 1708 peinliche
2385 1648 2455 1708 Art,
2474 1652 2526 1712 und

237 1643 340 1703 Wenn
369 1644 403 1704 es
433 1646 513 1706 einem
560 1648 681 1708 Dichter
711 1651 861 1711 vergönnt
890 1655 970 1715 war,
989 1658 1202 1718 Inkarnation
1237 1658 1265 1718 zu
1301 1659 1352 1719 sein

2587 1647 2656 1707 Wir
2676 1649 2798 1709 hoffen,
2818 1652 2868 1712 daß
2901 1655 2984 1715 unser
3011 1661 3273 1721 Finanzminister

1417 1684 1445 1744 zu
1474 1682 1569 1742 hoffen
1615 1684 1654 1744 ist
1689 1686 1761 1746 nur,
1796 1687 1863 1747 man
1892 1691 1987 1751 werde
2028 1691 2072 1751 die
2095 1693 2219 1753 Lektion
2248 1693 2287 1753 ein
2333 1696 2383 1756 für
2406 1698 2530 1758 allemal

243 1691 323 1751 eines
358 1693 549 1753 Zeitalters,
579 1697 705 1757 gültiger
741 1698 978 1758 Repräsentant
1008 1700 1088 1760 einer
1124 1703 1251 1763 Epoche,
1280 1704 1355 1764 dann

2579 1695 2725 1755 Klarheit
2751 1697 2808 1757 und
2841 1703 3147 1763 Uebersichtlichkeit,
3167 1707 3237 1767 durc

1412 1727 1580 1787 begreifen,
1598 1730 1626 1790 es
1656 1733 1754 1793 werde
1778 1733 1859 1793 nicht
1877 1736 1987 1796 binnen
2016 1737 2121 1797 kurzem
2162 1741 2266 1801 wieder
2296 1741 2335 1801 die
2359 1743 2516 1803 Spendier

239 1735 305 1795 war
333 1734 365 1794 es
399 1738 515 1798 Arthur
543 1741 709 1801 Schnitzler
748 1742 797 1802 für
836 1743 891 1803 das
925 1745 1013 1805 Ende
1052 1746 1107 1806 des
1146 1749 1356 1809 vergangenen

2583 1742 2649 1802 heit
2676 1743 2895 1803 auszeichnete,
2921 1749 3106 1809 mindestens
3132 1751 3157 1811 in
3191 1754 3275 1814 dies¬

1421 1769 1477 1829 lust
1515 1773 1584 1833 über
1628 1774 1672 1834 die
1698 1778 1893 1838 Restriktion
1931 1784 2182 1844 triumphieren,
2214 1787 2258 1847 die
2284 1790 2528 1850 Wählerpolitik

238 1783 478 1843 Jahrhunderts
509 1784 562 1844 und
593 1785 640 1845 für
671 1786 718 1846 den
749 1786 863 1846 Beginn
900 1790 953 1850 des
978 1792 1074 1852 neuen
1105 1793 1134 1853 in
1165 1796 1363 1856 Oesterreich.

2587 1790 2702 1850 grsehen
2742 1791 2810 1851 hat.

1419 1816 1487 1876 über
1512 1817 1565 1877 die
1589 1822 1836 1882 Staatspolitik,
1868 1825 1913 1885 den
1945 1831 2223 1891 Inflationsteufel
2247 1833 2316 1893 Aber
2348 1834 2393 1894 die
2418 1838 2525 1898 firlan¬

235 1825 335 1885 Worn
373 1827 447 1887 liegt
473 1829 529 1889 das
555 1831 754 1891 Kennzeichen
787 1834 874 1894 dieser
900 1836 1018 1896 Epoche
1044 1840 1163 1900 unserer
1188 1840 1326 1900 Historie

2634 1836 2748 1896 Dr.
2770 1837 3001 1897 Weidenhoffer
3034 1843 3106 1903 hat
3128 1844 3169 1904 die
3201 1844 3242 1904 Ah

1415 1866 1492 1926 zielle
1524 1867 1731 1927 Redlichkeit.

236 1875 278 1935 In
310 1874 364 1934 dem
408 1876 543 1936 richtigen
581 1879 721 1939 Wollen,
747 1880 771 1940 in
803 1882 851 1942 der
883 1885 1116 1945 messerscharfen
1154 1886 1344 1946 Erkenntnis

2579 1882 2769 1942 geschildert,
2792 1884 2835 1944 die
2858 1886 2909 1946 zum
2954 1888 3056 1948 großen
3086 1891 3173 1951 Teile
3196 1891 3247 1951 bel

1506 1912 1578 1972 Das
1611 1915 1756 1975 Budget,
1779 1917 1829 1977 das
1852 1920 1966 1980 gestern
1999 1923 2060 1983 Dr.
2082 1924 2301 1984 Weidenoffer
2335 1928 2479 1988 vorlegte,
2502 1927 2531 1987 es

236 1918 260 1978 in
310 1920 364 1980 den
408 1924 617 1984 prachtvollen
667 1927 851 1987 Anläufen,
888 1929 937 1989 die
987 1933 1159 1993 irgendwie
1215 1934 1350 1994 scheiterr

2577 1926 2764 1986 minderung
2811 1932 2877 1992 beim
2938 1936 3237 1996 Bundeskanzleram

1409 1957 1577 2017 entspricht
1598 1960 1773 2020 tatsächlich
1801 1963 1882 2023 jenen
1917 1967 2093 2027 Begriffen,
2120 1969 2167 2029 die
2188 1972 2241 2032 der
2262 1975 2526 2035 Finanzminister

228 1966 353 2026 mußten
399 1968 429 2028 an
461 1970 511 2030 der
537 1972 739 2032 Uebermacht
758 1973 808 2033 der
834 1975 991 2035 Begriffe,
1010 1978 1042 2038 an
1074 1978 1123 2038 dem
1162 1980 1356 2040 unzerbrech¬

2579 1975 2767 2035 Millionen,
2797 1978 2854 2038 beim
2898 1983 3072 2043 Justizamt
3094 1984 3130 2044 um
3174 1984 3224 2044 elf

1413 2002 1444 2062 an
1477 2005 1527 2065 den
1553 2005 1699 2065 Eingang
1726 2007 1815 2067 seiner
1841 2011 1923 2071 Rede
1950 2013 2064 2073 gestellt
2084 2015 2153 2075 hat,
2167 2017 2204 2077 nä
2224 2019 2294 2079 nlich
2327 2021 2371 2081 der
2397 2022 2524 2082 höchsten

231 2012 317 2072 lichen
355 2014 459 2074 Felsen
497 2015 545 2075 des
577 2017 732 2077 Staates,
769 2019 806 2079 an
850 2021 905 2081 der
943 2023 1122 2083 grausamen
1160 2026 1264 2086 Härte
1302 2025 1357 2085 der

2580 2022 2862 2082 richtsministerium
2911 2028 3000 2088 zogar
3035 2029 3069 2089 um
3118 2033 3227 2093 einund

1411 2049 1613 2109 Bedrängnis
1645 2050 1700 2110 und
1731 2054 1780 2114 der
1805 2055 1928 2115 größten
1966 2061 2125 2121 Beengung
2169 2062 2242 2122 Wir
2268 2067 2378 2127 hören,
2397 2067 2446 2127 daß
2483 2069 2526 2129 die

233 2059 433 2119 allgemeinen
471 2060 672 2120 Nichtigkeit.
697 2065 879 2125 Revolution
917 2068 954 2128 ist
987 2070 1011 2130 in
1043 2070 1162 2130 Arthur
1194 2072 1350 2132 Schnitzler

2576 2067 2662 2127 sicher
2703 2070 2823 2130 lebhaft
2864 2075 2897 2135 zu
2951 2076 3097 2136 pedauern

1413 2097 1695 2157 Gesamtausgaben
1726 2100 1780 2160 von
1816 2106 2322 2166 zweitausendeinhundertdreißig
2353 2115 2401 2175 auf
2431 2117 2521 2177 effek¬

230 2104 286 2164 wie
315 2105 342 2165 in
377 2105 428 2165 der
468 2109 649 2169 Stimmung
694 2110 745 2170 des
791 2113 898 2173 ganzen
938 2116 1170 2176 intellektuellen
1227 2118 1351 2178 Oester¬

2579 2115 2835 2175 Landwirtschaft
2866 2120 2993 2180 verliert
3024 2122 3082 2182 das
3122 2124 3250 2184 Aktivur

1408 2139 1430 2199 tu
1471 2144 1772 2204 neunzehnhundert
1801 2150 1998 2210 herabgesetzt
2022 2154 2160 2214 werden,
2184 2157 2235 2217 wir
2259 2160 2368 2220 sehen,
2392 2160 2438 2220 daß
2479 2162 2524 2222 der

231 2149 299 2209 reich
329 2151 381 2211 vor
404 2152 456 2212 dem
497 2156 693 2216 Untergang,
712 2158 780 2218 aber
804 2159 868 2219 eine
897 2163 1099 2223 Revolution,
1123 2165 1169 2225 der
1199 2166 1337 2226 gleichsam

2573 2161 2826 2221 sechsundsechzig
2853 2166 3041 2226 Millionen.
3075 2170 3120 2230 Es
3160 2172 3224 2232 muß

1405 2189 1710 2249 Personalaufwand
1750 2190 1807 2250 von
1852 2195 1982 2255 beinahe
2022 2201 2225 2261 achthundert
2260 2205 2423 2265 Millionen
2469 2209 2525 2269 auf

225 2197 272 2257 die
326 2199 462 2259 Revolte
516 2203 622 2263 fehlt:
676 2205 729 2265 der
783 2208 1031 2268 Pistolenschuß,
1074 2211 1126 2271 der
1169 2211 1352 2271 Sturmruf,

2578 2210 2736 2270 Millionen
2768 2214 2919 2274 niedriger
2945 2216 3172 2276 präliminieren
3204 2218 3253 2278 als

1411 2232 1502 2292 etwas
1532 2235 1612 2295 mehr
1642 2234 1688 2294 als
1718 2240 1954 2300 siebenhundert
1972 2246 2133 2306 Millionen
2169 2249 2290 2309 gekürzt
2314 2252 2428 2312 werden
2458 2255 2527 2315 soll.

232 2241 282 2301 der
334 2246 510 2306 Aufschrei,
557 2249 613 2309 der
665 2249 716 2309 den
773 2251 898 2311 inneren
962 2255 1098 2315 Tumult

1145 2258 1195 2318 zum
1270 2258 1354 2318 Vor¬

2572 2253 2642 2313 Das
2675 2260 3010 2320 Handelsministerium
3056 2263 3113 2323 hat
3140 2266 3242 2326 vierzig

1407 2279 1470 2339 Wir
1494 2283 1667 2343 erfahren:
1685 2285 1731 2345 für
1755 2285 1829 2345 Post
1847 2288 1905 2348 und
1928 2292 2096 2352 Eisenbahn
2125 2295 2223 2355 waren
2247 2297 2270 2357 im
2311 2300 2519 2360 Voranschlag

220 2288 314 2348 schein
371 2292 497 2352 bringt.
554 2295 597 2355 Im
667 2296 849 2356 „Professor
907 2302 1089 2362 Bernhardi

1258 2302 1341 2362 alles

2569 2301 2627 2361 das
2654 2303 2961 2363 Heeresministerium
3008 2309 3086 2369 sinkt
3112 2309 3139 2369 in
3172 2312 3262 2372 seiner

1403 2324 1450 2384 für
1487 2328 1570 2388 1931
1607 2333 2011 2393 hundersechsunddreißig
2060 2343 2223 2403 Millionen
2278 2347 2428 2407 Schilling
2476 2347 2512 2407 an

224 2337 340 2397 gesagt,
374 2339 445 2399 was
474 2342 590 2402 jemals
635 2342 685 2402 für
713 2345 890 2405 Toleranz,
924 2348 973 2408 für
1013 2348 1068 2408 den
1113 2348 1240 2408 Kampf
1280 2350 1345 2410 ums

2569 2349 2633 2409 zehn
2673 2350 2829 2410 Millionen
2862 2354 2920 2414 auf
2940 2357 3187 2417 zweiundachtzig

222 2381 337 2441 Recht,
360 2384 412 2444 für
441 2384 487 2444 die
522 2388 769 2448 Niederwerfung
805 2391 862 2451 der
891 2393 1052 2453 Heuchelei
1082 2396 1191 2456 gesagt
1232 2396 1347 2456 werden

1397 2377 1781 2437 Investitionsausgaben
1828 2384 2060 2444 präliminiert,
2094 2391 2140 2451 die
2180 2392 2239 2452 aus
2293 2393 2346 2453 der
2387 2395 2518 2455 Anleihe
2566 2396 2624 2456 das
2659 2399 2771 2459 Niveau
2805 2403 2857 2463 des
2884 2405 3004 2465 Jahres
3038 2405 3116 2465 1927
3150 2408 3249 2468 zurück

222 2428 323 2488 kann.
358 2430 425 2490 Und
471 2433 539 2493 doch
579 2434 670 2494 endet
710 2435 766 2495 das
807 2439 1102 2499 Revolutionsstück
1154 2440 1215 2500 mit
1267 2443 1346 2503 einer

221 2474 528 2534 Selbstverspottung
573 2479 623 2539 des
662 2482 868 2542 Märtyrers,
894 2485 969 2545 nicht
995 2486 1057 2546 mit
1096 2487 1145 2547 dem
1190 2489 1346 2549 „Ecrasez

225 2524 413 2584 l'infâme!“
443 2526 625 2586 Voltaires.
650 2527 690 2587 In
726 2530 909 2590 „Leutnant
933 2533 1068 2593 Gustl",
1092 2535 1115 2595 in
1151 2535 1321 2595 „Freiwild

1450 2543 1744 2603 MENR
1841 2553 2136 2613 LICHT
2211 2557 2316 2617 bei
2359 2559 2622 2619 gleichem
2708 2572 3183 2632 STROMVEI

222 2566 250 2626 in
285 2569 337 2629 den
372 2569 580 2629 Aphorismen
622 2574 679 2634 sind
714 2575 812 2635 tiefste
853 2578 980 2638 soziale,
1004 2579 1073 2639 auch
1108 2581 1258 2641 politische
1282 2580 1345 2640 Er¬

220 2615 390 2675 kenntnisse
420 2619 584 2679 verewigt.
608 2619 687 2679 Aber
716 2623 898 2683 Schnitzler,
927 2624 971 2684 nie
1001 2628 1103 2688 dachte
1132 2628 1160 2688 er
1189 2628 1257 2688 auch
1292 2629 1348 2689 nur

1453 2620 1543 2680 durch
1568 2630 2552 2690 GRAL-PRISMA-Lichtver=tärker.

2598 2641 3006 2701 ERSPARMES
3049 2643 3132 2703 bei
3154 2645 3227 2705 led

219 2658 335 2718 daran,
363 2663 518 2723 Kämpfer
552 2664 579 2724 zu
614 2665 691 2725 sein,
719 2669 1047 2729 Standartenträger,
1070 2673 1252 2733 Trommler
1286 2676 1341 2736 und

1909 2680 2036 2740 Wion,
2057 2684 2111 2744 IIl.
2132 2690 2571 2750 Prita-Eugon-Strasse
2599 2695 2706 2755 1—3,
2727 2697 2917 2757 Telephon
2951 2701 3167 2761 U-17-206.

221 2708 412 2768 Aufrührer.
462 2709 548 2769 Allzu
604 2712 666 2772 fein
722 2710 796 2770 war
846 2714 945 2774 dieser
995 2718 1093 2778 Stoff
1131 2721 1266 2781 gewebt,
1310 2722 1340 2782 zu

219 2752 368 2812 organisch
407 2756 473 2816 war
512 2755 555 2815 die
595 2754 605 2814 —
672 2757 783 2817 immer
822 2760 1015 2820 entzückende
1054 2760 1064 2820 —
1131 2766 1341 2826 Aristokratie

221 2799 314 2859 seiner
347 2801 441 2861 Seele
480 2803 534 2863 und
574 2803 628 2863 das
673 2806 988 2866 Fernbleibenwollen
1027 2811 1087 2871 und
1115 2814 1336 2874 Frenbleiben¬

2558 2840 2685 2900 plötzlich
2713 2842 2740 2902 in
2775 2843 2862 2903 diesen
2898 2846 3052 2906 schwarzen
3088 2849 3229 2909 Abgrund

219 2843 329 2903 müssen
374 2847 428 2907 von
479 2848 528 2908 dem
584 2849 666 2909 Lärm
739 2851 799 2911 und
850 2855 1020 2915 Aergernis
1077 2857 1126 2917 des
1182 2859 1347 2919 Marktes.

2552 2883 2607 2943 der
2632 2887 2754 2947 Stunde
2786 2889 2834 2949 von
2866 2891 2939 2951 einst
2965 2894 3136 2954 gedenken.
3155 2898 3247 2958 Das

219 2891 264 2951 Er
293 2892 354 2952 war
383 2893 529 2953 vielleicht
558 2893 609 2953 der
637 2897 716 2957 letzte
745 2898 823 2958 echte
846 2903 1111 2963 Indwidualist;
1140 2901 1168 2961 er
1197 2905 1258 2965 war
1293 2906 1332 2966 ein

1774 2906 2127 2966 Feuilleton.

2554 2928 2605 2988 als
2638 2930 2683 2990 sei
2704 2933 2735 2993 es
2769 2936 2828 2996 erst
2854 2936 2965 2996 gestern
3004 2940 3128 3000 gewesen
3168 2942 3220 3002 und

212 2938 318 2998 großer
336 2942 561 3002 Diagnostiker
586 2942 710 3002 sozialer
740 2945 798 3005 und
823 2948 994 3008 politischer
1019 2951 1244 3011 Uebelstände,
1262 2951 1338 3011 ohne

2546 2977 2659 3037 Jahre
2691 2981 2823 3041 darüber
2855 2984 3056 3044 hingezogen.
3082 2988 3151 3048 Der
3183 2990 3226 3050 som

216 2982 311 3042 jedoch
340 2985 385 3045 die
408 2988 560 3048 Therapie
589 2989 719 3049 angeben
754 2992 781 3052 zu
810 2994 945 3054 können,
969 2995 1042 3055 ohne
1071 2996 1115 3056 die
1138 2996 1263 3056 Waffe,
1286 2998 1336 3058 das

1668 3014 1886 3074 Arthur
1922 3020 2241 3080 Schnitzler.

2552 3025 2762 3085 Sonnenlicht
2790 3031 3026 3091 durchfunkelte
3052 3032 3147 3092 Wald
3180 3036 3237 3096 und

212 3032 357 3092 blitzende
386 3032 497 3092 Messer
527 3035 572 3095 des
609 3038 795 3098 Chirurgen.
819 3039 905 3099 Aber
935 3041 970 3101 ist
994 3041 1022 3101 es
1058 3044 1132 3104 nicht
1156 3044 1273 3104 genug,
1297 3044 1342 3104 die

2553 3067 2602 3127 der
2630 3071 2806 3131 Schönheit
2828 3076 2926 3136 seiner
2948 3079 3095 3139 Jugend,
3117 3080 3173 3140 das
3202 3081 3257 3141 ade

1766 3071 1819 3131 Von
1853 3075 1953 3135 Felix
1980 3079 2133 3139 Salten.

211 3076 298 3136 Tiefe
321 3077 370 3137 des
404 3079 509 3139 Uebels
537 3082 774 3142 aufzuspüren?
803 3084 902 3144 Wäre
925 3088 1045 3148 Arthur
1074 3088 1245 3148 Schnitzler
1268 3090 1333 3150 noch

2553 3115 2618 3175 mut
2649 3118 2859 3178 überschattet.

206 3122 294 3182 unser
334 3124 455 3184 Arthur
495 3127 661 3187 Schnitzler
701 3130 827 3190 gewesen
872 3133 950 3193 ohne
984 3135 1072 3195 solche
1106 3138 1339 3198 Hemmungen,

1473 3137 1530 3197 Ein
1560 3140 1757 3200 Nachmittag
1792 3142 1816 3202 im
1863 3148 2025 3208 Sommer.
2049 3148 2112 3208 Wir
2141 3151 2252 3211 gingen
2282 3152 2333 3212 von
2369 3154 2501 3214 Kloster¬

2644 3162 2768 3222 Immer
2791 3166 2850 3226 hat
2873 3167 2917 3227 ihn
2954 3169 2998 3229 der
3021 3169 3168 3229 Gedanke
3191 3170 3227 3230 an

209 3169 282 3229 ohne
311 3170 384 3230 diese
413 3174 683 3234 Zurückhaltung,
701 3175 774 3235 ohne
797 3178 892 3238 dieses
921 3181 1237 3241 Sichbeiseitestellen,
1260 3183 1333 3243 ohne

1385 3187 1522 3247 neuburg
1561 3189 1611 3249 her
1645 3190 1727 3250 durch
1767 3189 1816 3249 den
1861 3190 1949 3250 Wald
1988 3195 2043 3255 auf
2071 3196 2120 3256 den
2160 3198 2376 3258 Kahlenberg.
2404 3199 2497 3259 Beide

2547 3211 2801 3271 Erschütternde,
2821 3212 2872 3272 das
2893 3214 2937 3274 die
2958 3216 3231 3276 Vergänglichkeit

211 3215 287 3275 diese
326 3217 464 3277 köstliche
504 3223 747 3283 Vornehmheit,
780 3223 829 3283 die
863 3226 929 3286 jede
969 3229 1106 3289 Lockung
1135 3229 1184 3289 des
1218 3230 1333 3290 Dema¬

1382 3234 1481 3294 waren
1514 3235 1570 3295 wir
1598 3235 1685 3295 jung,
1708 3235 1807 3295 waren
1841 3240 1963 3300 fröhlich
1996 3242 2051 3302 und
2079 3241 2106 3301 in
2135 3244 2300 3304 vergnügte
2329 3247 2499 3307 Gespräche

2546 3254 2644 3314 birgt,
2676 3255 2725 3315 hat
2756 3256 2836 3316 seine
2874 3258 2960 3318 Seele
2992 3264 3208 3324 unaufhörlich

206 3262 388 3322 gogentums
417 3264 600 3324 verspottet,
617 3266 677 3326 jede
706 3269 961 3329 Trompetenluft
984 3273 1033 3333 der
1057 3275 1189 3335 Phrase,
1212 3274 1266 3334 und
1300 3273 1339 3333 sei

1382 3279 1624 3339 eingesponnen.
1642 3282 1694 3342 Da
1724 3282 1798 3342 blieb
1828 3285 1989 3345 Schnitzler
2020 3288 2140 3348 plötzlich
2170 3289 2256 3349 stehen
2292 3291 2349 3351 und
2373 3292 2499 3352 fragte:

2546 3299 2635 3359 ersten
2666 3300 2804 3360 Novellen
2835 3303 2918 3363 führt
2943 3305 2991 3365 den
3022 3309 3105 3369 Titel
3130 3312 3238 3372 „Sterb

209 3309 236 3369 es
270 3306 336 3366 auch
370 3308 419 3368 der
447 3312 702 3372 bestgemeinten,
724 3313 774 3373 von
808 3317 857 3377 sich
886 3318 1001 3378 weist?

1380 3327 1540 3387 „Würden
1574 3324 1634 3384 Sie
1663 3329 1734 3389 auch
1769 3327 1796 3387 so
1829 3330 1945 3390 freudig
1979 3336 2289 3396 draufloswandern,
2318 3339 2400 3399 wenn
2439 3339 2494 3399 Sie

2547 3347 2748 3407 Meisterwerk
2781 3351 2955 3411 „Liebelei"
2983 3351 3021 3411 ist
3041 3353 3072 3413 es
3099 3355 3144 3415 der
3171 3357 3235 3417 Tod

296 3354 368 3414 Das
396 3358 556 3418 Tragische
579 3359 612 3419 an
640 3360 689 3420 ihm
729 3363 823 3423 war:
841 3363 884 3423 In
913 3365 1006 3425 seinen
1040 3366 1228 3426 ungeheuren
1251 3366 1328 3426 Vor¬

1379 3374 1452 3434 ganz
1484 3373 1576 3433 sicher
1608 3375 1749 3435 wüßten,
1775 3373 1830 3433 daß
1868 3376 1929 3436 Sie
1961 3379 1991 3439 am
2041 3381 2128 3441 Ende
2159 3382 2251 3442 dieses
2290 3383 2400 3443 Weges
2438 3384 2486 3444 von

2541 3395 2790 3455 einanderreißt.
2830 3393 2897 3453 Vom
2960 3397 3090 3457 Fenster
3136 3400 3186 3460 des

203 3400 294 3460 zügen
328 3402 376 3462 lag
409 3402 489 3462 seine
517 3405 737 3465 Begrenzung,
760 3408 786 3468 in
825 3410 916 3470 seinem
960 3413 1229 3473 Oesterreichertum
1278 3414 1321 3474 lag

1380 3416 1460 3476 einem
1520 3420 1682 3480 schwarzen
1732 3420 1883 3480 Abgrund
1932 3428 2143 3488 verschlungen
2192 3429 2365 3489 werden?"
2414 3431 2489 3491 Man

2547 3438 2716 3498 „Liebelei"
2763 3441 2834 3501 sieht
2874 3444 2939 3504 man
2985 3444 3037 3504 den
3077 3447 3239 3507 Kahlenbe

211 3447 289 3507 seine
312 3449 528 3509 Vollendung,
551 3453 674 3513 zugleich
704 3456 771 3516 aber
794 3456 862 3516 auch
891 3457 969 3517 seine
987 3458 1156 3518 Schranke,
1180 3459 1208 3519 er
1231 3460 1326 3520 wußte

1377 3463 1490 3523 konnte
1519 3466 1688 3526 unmöglich
1723 3467 1859 3527 denken,
1888 3469 1938 3529 daß
1972 3472 2000 3532 er
2035 3474 2108 3534 einen
2149 3475 2255 3535 Scherz
2284 3474 2482 3534 beabsichtige

2540 3484 2768 3544 Schnitzlersche
2805 3488 3015 3548 Wesenheit:
3052 3491 3129 3551 diese
3166 3494 3214 3554 inn

200 3491 277 3551 alles
309 3492 370 3552 und
402 3496 572 3556 vermochte
604 3497 629 3557 es
667 3499 743 3559 nicht
775 3501 805 3561 zu
842 3503 977 3563 ändern.
1029 3506 1075 3566 So
1112 3507 1236 3567 nehmen
1273 3507 1329 3567 wir

1376 3509 1449 3569 denn
1482 3510 1539 3570 sein
1577 3512 1692 3572 Antlitz
1719 3512 1819 3572 wurde
1851 3514 1909 3574 mit
1936 3518 2020 3578 einem
2063 3518 2152 3578 Male
2179 3521 2231 3581 von
2263 3522 2352 3582 tiefen
2395 3522 2495 3582 Frnst

2542 3527 2628 3587 Wien
2655 3530 2714 3590 und
2735 3532 2860 3592 Wiener
2888 3536 3080 3596 Landschaft,
3100 3538 3146 3598 von
3180 3539 3232 3599 Leb

205 3538 340 3598 schweren
373 3542 529 3602 Herzens,
546 3545 741 3605 erschauernd
769 3548 795 3608 im
834 3551 985 3611 Gemüte,
1002 3551 1056 3611 von
1083 3552 1131 3612 ihm
1175 3554 1332 3614 Abschied.

1375 3559 1451 3619 ganz
1485 3559 1718 3619 zugeschlossen.
1741 3560 1834 3620 „Und
1863 3564 1973 3624 doch",
1995 3568 2078 3628 sagte
2107 3566 2156 3626 er,
2185 3566 2234 3626 wie
2268 3566 2317 3626 zur
2346 3569 2494 3629 Antwort

2540 3575 2623 3635 mut,
2641 3577 2694 3637 von
2725 3575 2820 3635 Liebe
2844 3578 2903 3638 und
2933 3579 3010 3639 Tod.

206 3585 281 3645 Sein
308 3586 406 3646 Wort
433 3588 509 3648 wird
542 3590 563 3650 in
602 3591 661 3651 uns
694 3596 862 3656 nachhallen
901 3597 954 3657 wie
987 3598 1025 3658 ein
1063 3599 1182 3659 Urlaut
1205 3601 1328 3661 unseres

1372 3600 1427 3660 auf
1455 3603 1532 3663 mein
1572 3606 1771 3666 Schweigen,
1800 3608 1882 3668 „und
1916 3610 1982 3670 doch
2022 3611 2110 3671 gehen
2149 3611 2204 3671 wur
2233 3613 2393 3673 Menschen
2432 3616 2487 3676 alle

2634 3622 2674 3682 Er
2701 3620 2780 3680 hatte
2814 3623 2840 3683 es
2874 3625 2953 3685 nicht
2980 3629 3079 3689 leicht,
3100 3631 3152 3691 sich
3180 3631 3252 3691 durc

200 3635 343 3695 Landes,
364 3635 438 3695 seine
460 3637 676 3697 Erkenntnisse
698 3641 813 3701 werden
841 3644 866 3704 in
893 3644 1041 3704 besseren,
1057 3647 1189 3707 reineren
1216 3649 1316 3709 Zeiten

1372 3647 1465 3707 diesen
1504 3652 1603 3712 Weg,
1631 3653 1769 3713 sorglos,
1797 3653 1984 3713 unbedacht,
2018 3659 2089 3719 ohne
2123 3659 2244 3719 Angst,
2272 3661 2399 3721 obwohl
2427 3661 2487 3721 wir

2535 3668 2618 3728 gleich
2655 3667 2824 3727 verstanden
2861 3670 2999 3730 worden.
3025 3670 3078 3730 Ja,
3103 3674 3132 3734 es
3169 3674 3223 3734 dar

196 3679 309 3739 wieder
343 3682 549 3742 aufleuchten,
577 3684 626 3744 der
659 3687 882 3747 unermeßliche
915 3690 1023 3750 Schatz
1052 3693 1149 3753 seines
1183 3694 1318 3754 Wissens

1372 3691 1488 3751 wissen,
1521 3696 1576 3756 daß
1621 3696 1681 3756 wir
1715 3697 1775 3757 alle
1814 3697 1841 3757 in
1881 3699 1931 3759 den
1976 3703 2135 3763 schwarzen
2180 3703 2329 3763 Abgrund
2368 3706 2478 3766 stürzen

2535 3712 2624 3772 echte,
2643 3712 2733 3772 dieser
2751 3715 2949 3775 einzigartige
2974 3715 3112 3775 Dichter;
3131 3721 3172 3781 der
3197 3720 3245 3780 zug

206 3725 277 3785 wird
311 3728 443 3788 gehoben
482 3729 614 3789 werden.
643 3734 819 3794 Oesterreich
853 3736 940 3796 sollte
969 3736 1018 3796 ihm
1063 3739 1244 3799 wenigstens
1278 3740 1305 3800 im

1373 3739 1510 3799 müssen.

2530 3754 2586 3814 und
2615 3757 2740 3817 reinsten
2769 3760 2923 3820 Menschen
2958 3762 3037 3822 war,
3055 3763 3106 3823 hat
3135 3765 3197 3825 noch
3221 3765 3231 3825 b

205 3772 292 3832 Tode
318 3774 384 3834 jene
411 3775 509 3835 Ehren
545 3778 705 3838 erweisen,
726 3779 772 3839 die
804 3781 829 3841 er
860 3782 886 3842 im
933 3784 1019 3844 Leben
1057 3787 1226 3847 schmerzlos
1258 3787 1324 3847 ent¬

1456 3785 1519 3845 Nie
1548 3788 1657 3848 wieder
1681 3789 1756 3849 habe
1780 3788 1814 3848 ich
1843 3790 1935 3850 diesen
1965 3795 2108 3855 Moment
2132 3796 2293 3856 vergessen,
2317 3797 2386 3857 hab'
2410 3797 2478 3857 mich

2530 3799 2663 3859 sinnigen
2705 3805 2902 3865 Widerstand
2943 3806 3001 3866 und
3042 3811 3245 3871 tendenziöser

199 3819 322 3879 behrte.
358 3820 419 3880 Die
454 3821 555 3881 Ehren
601 3823 651 3883 für
692 3826 771 3886 einen
817 3829 1060 3889 Unsterblichen,
1084 3832 1134 3892 für
1163 3833 1213 3893 das
1248 3834 1326 3894 voll¬

1369 3832 1474 3892 immer
1507 3834 1622 3894 lebhaft
1655 3835 1750 3895 seiner
1777 3835 1930 3895 erinnert,
1952 3840 2030 3900 nicht
2057 3841 2146 3901 bloß,
2173 3843 2253 3903 wenn
2285 3843 2326 3903 ich
2359 3845 2480 3905 nachher

2530 3845 2594 3905 Mit
2625 3847 2742 3907 welchem
2790 3853 2901 3913 Hohn,
2926 3853 2978 3913 mit
3008 3856 3126 3916 welchem
3174 3856 3238 3916 Spi

193 3868 353 3928 kommene
380 3868 551 3928 Erzeugnis
583 3868 665 3928 einer
692 3870 800 3930 ganzen
832 3873 930 3933 Aera,
951 3877 997 3937 die
1024 3879 1122 3939 Ehren
1154 3877 1205 3937 für
1232 3881 1309 3941 einen

1370 3877 1455 3937 allein
1488 3879 1558 3939 oder
1586 3879 1639 3939 mit
1667 3881 1747 3941 sonst
1764 3882 1926 3942 jemandem
1975 3884 2050 3944 über
2073 3885 2120 3945 den
2153 3888 2477 3948 Propst=Übald=Weg

2526 3891 2614 3951 ersten
2653 3894 2797 3954 Anfänge
2832 3897 2992 3957 begleitet.
3015 3900 3070 3960 Ein
3109 3903 3254 3963 Lebemar

201 3912 282 3972 edlen
316 3915 376 3975 und
409 3915 507 3975 reinen
546 3918 721 3978 Menschen.

1353 3924 1423 3984 auf
1447 3924 1494 3984 den
1524 3927 1724 3987 Kahlenberg
1748 3930 1836 3990 stieg.
1860 3931 1924 3991 Und
1954 3932 2037 3992 jetzt,
2055 3933 2084 3993 da
2114 3934 2237 3994 Arthur
2261 3936 2426 3996 Schnitzler
2450 3938 2479 3998 so
2527 3939 2573 3999 ein
2604 3939 2733 3999 frivoler
2763 3941 2946 4001 Verführer,
2976 3945 3016 4005 ein
3047 3950 3228 4010 Genußmen

2683 4044 2869 4104 Ausstellung
2900 4046 3029 4106 aktueller
3055 4050 3236 4110 Herbet-Ne

2677 4082 3088 4142 Herzmansky-Passage
3114 4085 3207 4145 täglich

420 4085 1052 4145 oerbst-Neuheiten
1137 4091 1188 4151 in
1272 4097 1655 4157 Futterseide
1729 4097 1853 4157 und
1937 4103 2393 4163 Reiderseide

2971 4123 3028 4183 trei
3051 4124 3226 4184 zugänglich.
