3436 4352
1509 293 1631 353 box
1706 294 1894 354 42/8

220 294 344 354 12.
398 294 994 354 Schnitzlers
1059 294 1288 354 Death

331 1747 575 1807 BSE

652 1758 941 1818 RVER

302 1816 325 1876 I.
340 1819 463 1879 österr.
473 1819 629 1879 behördl.
639 1819 942 1879 konzessionlertes

258 1860 493 1920 Unternehmen
527 1861 574 1921 für
598 1861 989 1921 Zeitungs-Ausschnitte

312 1918 471 1978 WIEN,
493 1921 541 1981 I.,
569 1922 854 1982 WOLLZEILE
903 1922 923 1982 1

405 1971 622 2031 TELEPHON
663 1971 840 2031 R-23-0-43

1233 2058 1402 2118 auflenten,
1438 2061 1632 2121 Advokaten,
1667 2064 1826 2124 Künstlern
1877 2065 1911 2125 u.
1942 2069 1991 2129 a.,
2026 2070 2076 2130 der
2116 2070 2185 2130 enge

2209 2073 2420 2133 aktereyllus:
2452 2076 2637 2136 „Lebendige
2679 2077 2875 2137 Stunden“,
2902 2080 3023 2140 woraus
3066 2083 3171 2143 beson¬

195 2079 246 2139 da
276 2082 414 2142 Journal

1249 2099 1358 2159 ontatt
1382 2100 1439 2160 mit
1463 2100 1515 2160 den
1550 2104 1666 2164 Größen
1701 2104 1753 2164 der
1782 2108 1886 2168 „ersten
1921 2110 2066 2170 deutschen
2101 2109 2164 2169 Bül

778 2119 872 2179 IIUR

2215 2109 2275 2169 ders
2303 2114 2488 2174 „Litetatur“
2521 2116 2701 2176 bervorragt
2724 2116 2848 2176 (1901),
2865 2120 2914 2180 das
2942 2121 3056 2181 Drama
3089 2123 3170 2183 „Det

1311 2138 1373 2198 bes
1409 2141 1653 2201 Burgtheaters,
1680 2144 1721 2204 die
1752 2144 1777 2204 in
1815 2147 1912 2207 seines
1945 2147 2058 2207 Vaters
2090 2150 2156 2210 Han

2212 2150 2345 2210 einsame
2377 2153 2464 2213 Weg"
2501 2153 2624 2213 (1903),
2650 2155 2696 2215 die
2728 2157 2872 2217 Komödie
2908 2161 3135 2221 „Zwischenspie

1232 2177 1297 2237 us=
1333 2178 1393 2238 und
1434 2183 1611 2243 eingingen,
1642 2183 1844 2243 beeinflußten
1890 2188 2072 2248 Schnitzlers
2108 2189 2153 2249 En

2219 2185 2338 2245 1904);
2361 2192 2469 2252 fern:
2493 2191 2520 2251 im
2567 2195 2687 2255 gleichen
2727 2195 2829 2255 Jahre
2865 2198 2926 2258 eine
2956 2198 3030 2258 neue
3059 2199 3160 2259 Einat

1242 2222 1384 2282 ticklung:
1419 2222 1512 2282 dieses
1557 2223 1789 2283 Jugendmilien
1833 2225 1931 2285 drückt
1966 2228 2064 2288 seinem
2119 2231 2168 2291 spä

2219 2228 2356 2288 serreihe:
2391 2231 2666 2291 „Marionetten".
2701 2237 2789 2297 „Der
2829 2236 2921 2296 junge
2962 2239 3133 2299 Medardus

1238 2258 1294 2318 eren
1331 2261 1471 2321 Schaffen
1513 2262 1590 2322 nicht
1622 2267 1751 2327 weniger
1782 2267 1834 2327 den
1871 2270 2015 2330 Stempel
2047 2271 2103 2331 auf
2130 2271 2181 2331 wie

2215 2268 2296 2328 dessen
2330 2270 2493 2330 Titelrolle
2521 2270 2569 2330 dem
2614 2274 2722 2334 großen
2756 2274 2848 2334 Josef
2876 2276 2980 2336 Kainz
3002 2279 3159 2339 zugedacht

1223 2297 1261 2357 ein
1299 2300 1466 2360 ärztlicher
1500 2302 1602 2362 Beruf

750 2303 793 2363 12

479 2306 590 2366 221

2211 2306 2260 2366 dem
2309 2309 2447 2369 Künstler
2482 2312 2560 2372 nicht
2590 2312 2673 2372 mehr
2709 2315 2732 2375 zu
2772 2315 2880 2375 spielen
2915 2318 3067 2378 vergönnt
3097 2318 3160 2378 war

1259 2338 1322 2398 Von
1365 2341 1530 2401 kleineren,
1558 2342 1659 2402 längst
1691 2344 1878 2404 vergessenen
1916 2347 2166 2407 Frükprodukten

2216 2344 2250 2404 ist
2276 2347 2315 2407 ein
2346 2348 2462 2408 Drama
2498 2350 2553 2410 aus
2584 2350 2633 2410 den
2669 2351 2770 2411 Tagen
2801 2351 2851 2411 der
2877 2353 3032 2413 Besetzung
3063 2356 3168 2416 Wiene

1233 2380 1258 2440 je
1288 2380 1312 2440 in
1347 2380 1396 2440 der
1427 2380 1610 2440 „Deutschen
1645 2386 1888 2446 Wochenschrift“
1929 2386 2043 2446 (1886)
2068 2389 2122 2449 und
2157 2391 2181 2451 in

2210 2383 2289 2443 durch
2318 2386 2471 2446 Napoleon
2506 2387 2540 2447 I.
2569 2389 2739 2449 (erschienen
2774 2392 2887 2452 1909).
2916 2393 3024 2453 Diesem
3065 2395 3166 2455 Werke

1234 2419 1264 2479 er
1291 2419 1383 2479 lange
1410 2419 1487 2479 nicht
1514 2420 1596 2480 mehr
1623 2422 1809 2482 bestebenden
1846 2428 2011 2488 Zeitschrift
2038 2430 2105 2490 „An
2136 2430 2167 2490 de

2213 2426 2306 2486 folgte
2335 2425 2417 2485 „Das
2451 2428 2533 2488 weite
2562 2428 2661 2488 Land"
2701 2430 2821 2490 (1910),
2850 2432 2910 2492 eine
2939 2437 3165 2497 Tragikomödi¬

1240 2458 1339 2518 vönen
1378 2461 1483 2521 blauen
1528 2462 1661 2522 Donau"
1700 2462 1816 2522 (1889)
1845 2467 2000 2527 erschienen
2045 2472 2121 2532 sind,
2155 2473 2188 2533 ist

2212 2464 2264 2524 des
2302 2466 2423 2526 Alterns
2466 2467 2524 2527 und
2567 2467 2640 2527 1912
2684 2470 2863 2530 „Prosessor
2901 2473 3091 2533 Verhardi",
3123 2475 3165 2535 ein

329 2502 591 2562 Arthur
628 2503 918 2563 Schnitzler
946 2498 972 2558 +

2211 2504 2387 2564 Schauspiel
2412 2506 2470 2566 aus
2494 2506 2541 2566 dem
2583 2507 2736 2567 ärztlichen
2772 2511 2883 2571 Beruf,
2908 2512 2954 2572 bei
2978 2512 3066 2572 seiner
3090 2515 3166 2575 Auf¬

1230 2527 1274 2587 ein
1305 2527 1410 2587 erstes,
1436 2530 1754 2590 aussehenerregendes
1785 2532 1840 2592 und
1870 2533 1895 2593 in
1931 2535 1981 2595 der
2006 2535 2172 2595 damaliger

2206 2541 2338 2601 führung
2373 2544 2426 2604 von
2461 2544 2623 2604 politischen
2658 2547 2800 2607 Gruppen
2835 2552 3085 2612 vielumstritten.
3110 2555 3154 2615 In

395 2566 539 2626 Wien,
560 2566 628 2626 21.
658 2566 734 2626 Dl.
765 2566 823 2626 ag.
863 2570 930 2630 Der
960 2573 1173 2633 östereichitch

1223 2562 1280 2622 Zeit
1301 2567 1348 2627 als
1380 2569 1453 2629 kühn
1485 2569 1705 2629 empfundenes
1737 2571 1840 2631 Werk:
1868 2576 2097 2636 „Anatol",
2119 2577 2181 2637 eine

2212 2583 2312 2643 Jahre
2337 2580 2407 2640 1915
2438 2586 2593 2646 erschienen
2624 2587 2684 2647 drei
2705 2588 2845 2648 Einaktet
2876 2590 2961 2650 unter
2987 2591 3031 2651 dem
3072 2593 3152 2653 Titel

345 2604 546 2664 Dramatiker
574 2606 627 2666 und
655 2608 802 2668 Erzühler
829 2610 889 2670 Dr.
912 2607 1031 2667 Aeihur
1059 2615 1167 2675 Schnit

1228 2605 1307 2665 Keibe
1350 2607 1403 2667 von
1446 2610 1663 2670 dramatischen
1712 2612 1881 2672 Dialogen,
1914 2613 1961 2673 die
1998 2615 2062 2675 mit
2094 2616 2173 2676 ihren

2201 2620 2376 2680 „Komödie
2408 2622 2461 2682 der
2498 2623 2641 2683 Worte",
2674 2624 2758 2684 1917
2796 2625 2848 2685 das
2891 2631 3028 2691 schwache
3071 2633 3150 2693 „Fin

344 2643 390 2703 ler
427 2645 463 2705 ist
495 2646 520 2706 im
578 2643 634 2703 70.
666 2646 862 2706 Altersjahre
899 2651 1044 2711 gestorden

1222 2649 1313 2709 charf
1346 2646 1550 2706 beobachteten
1593 2648 1749 2708 Menschen
1798 2649 1857 2709 und
1896 2650 1981 2710 deren
2025 2657 2175 2717 graziöser
2214 2659 2272 2719 und
2300 2661 2542 2721 Fliederbusch",
2565 2661 2639 2721 1919
2667 2665 2747 2725 „Die
2769 2668 2947 2728 Schwestern
2980 2670 3049 2730 oder
3071 2670 3146 2730 Casa

247 2685 313 2745 Der
341 2682 406 2742 Tod
440 2685 494 2745 hat
522 2685 632 2745 gestern
666 2686 825 2746 Mittiooch
858 2688 923 2748 eine
951 2691 1094 2751 Stimme
1122 2691 1171 2751 ver

1227 2690 1347 2750 Sprache
1394 2687 1423 2747 in
1464 2685 1550 2745 einer
1586 2687 1643 2747 fast
1679 2688 1869 2748 spielerischen
1916 2691 1979 2751 Art
2015 2694 2095 2754 schon
2137 2694 2176 2754 die

2205 2700 2284 2760 nova
2327 2700 2352 2760 in
2391 2700 2501 2760 Spa“,
2533 2703 2617 2763 1921
2650 2704 2819 2764 „Komödie
2856 2708 2908 2768 der
2941 2709 3141 2769 Verführung

209 2721 358 2781 stummen
401 2724 514 2784 lassen,
545 2724 592 2784 die
628 2724 700 2784 einst
732 2727 969 2787 vernehmlicher
1007 2732 1088 2792 durch
1130 2732 1161 2792 da

1222 2731 1358 2791 kigenact
1386 2731 1440 2791 von
1479 2727 1659 2787 Schnipzlers
1692 2729 1807 2789 Talent
1834 2729 1954 2789 zeigen.
1988 2732 2064 2792 Sein
2097 2734 2167 2794 näch

2199 2735 2265 2795 und
2304 2738 2382 2798 1925
2421 2738 2471 2798 die
2511 2744 2705 2804 dramatische
2744 2747 2916 2807 Dichtung:
2956 2751 3039 2811 „Der
3073 2750 3161 2810 Ganz

213 2762 339 2822 deutsche
375 2763 601 2823 Sprachgebiet
624 2765 740 2825 drang,
769 2766 797 2826 in
833 2768 885 2828 den
926 2768 1018 2828 letzten
1059 2771 1174 2831 Jahren

1217 2768 1268 2828 tes
1305 2771 1361 2831 und
1403 2774 1532 2834 zugleich
1568 2765 1624 2825 das
1661 2767 1733 2827 erste
1770 2769 1960 2829 ausgeführte
1997 2771 2084 2831 Werk
2116 2774 2177 2834 war

2205 2777 2261 2837 zum
2313 2777 2447 2837 Weiher“

211 2801 337 2861 indessen
383 2801 478 2861 stiller
514 2804 574 2864 und
611 2804 833 2864 schweigsamer
869 2807 1020 2867 geworden
1066 2809 1116 2869 ist.

1211 2810 1302 2870 „Das
1336 2811 1503 2871 Märchen“
1542 2807 1672 2867 (1893).
1705 2807 1747 2867 In
1787 2807 1840 2867 der
1873 2810 1954 2870 gleich
1993 2810 2041 2870 den
2080 2815 2166 2875 vorge

2238 2817 2417 2877 Schnitzlers
2460 2819 2615 2879 Eigenart
2652 2822 2711 2882 und
2753 2825 2861 2885 großes
2904 2825 3023 2885 Talent
3065 2828 3142 2888 offen

217 2836 280 2896 Wie
309 2840 361 2900 sein
391 2840 505 2900 Vater,
524 2841 575 2901 der
599 2843 668 2903 ord.
692 2843 842 2903 Prosesioe
872 2845 935 2905 Dr.
953 2846 1034 2906 med.
1052 2846 1166 2906 Schnit

1206 2849 1346 2909 nannten
1387 2853 1598 2913 Schöpfungen
1639 2849 1689 2909 dem
1735 2846 1860 2906 Wiener
1891 2849 2001 2909 Milien
2037 2852 2147 2912 entnon

2213 2853 2282 2913 bart
2310 2858 2358 2918 sich
2396 2858 2476 2918 nicht
2504 2861 2633 2921 weniger
2671 2863 2693 2923 in
2737 2864 2828 2924 seinen
2872 2868 3157 2928 erzählenden

203 2879 273 2939 ler,
300 2879 327 2939 so
354 2879 440 2939 hatte
468 2880 537 2940 auch
570 2882 618 2942 der
651 2882 683 2942 am
732 2882 786 2942 15.
808 2883 888 2943 Mai
916 2885 996 2945 1862
1029 2885 1056 2945 in
1089 2888 1158 2948 Wie

1213 2886 1311 2946 wenen
1356 2893 1611 2953 „Liebele“,
1639 2894 1732 2954 seinen
1782 2891 2021 2951 meistgesp'elten
2060 2892 2159 2952 Schau

2206 2894 2394 2954 Werken.
2428 2895 2504 2955 1892
2539 2900 2654 2960 erschien
2694 2903 2888 2963 „Sterben",
2910 2906 2965 2966 das
2993 2906 3043 2966 die
3066 2907 3159 2967 lebten

208 2918 352 2978 geborene
384 2921 440 2981 und
472 2921 539 2981 dort
570 2922 809 2982 aufgewachsene
835 2926 923 2986 Sohn
954 2927 1088 2987 Medizin
1125 2927 1161 2987 sin

1217 2927 1294 2987 piel,
1317 2929 1410 2989 klingt
1433 2931 1488 2991 das
1522 2933 1739 2993 Anatolmokio
1768 2930 1889 2990 wieder.
1923 2928 2028 2988 Dessen
2062 2929 2161 2989 Utauf

2210 2935 2290 2995 Tage
2318 2934 2393 2994 eines
2426 2938 2712 2998 Schwindsüchtigen
2745 2940 2798 3000 mit
2820 2943 2977 3003 scharfem,
2999 2944 3069 3004 aber
3096 2947 3128 3007 an

208 2956 286 3016 diert
316 2959 374 3019 und
409 2959 472 3019 nach
507 2959 556 3019 dem
600 2962 762 3022 Praktikum
807 2963 831 3023 in
871 2965 1081 3025 verschiedenen
1116 2965 1155 3025 Kl

1207 2969 1344 3029 ührung
1369 2968 1476 3028 (1895)
1501 2971 1530 3031 am
1573 2974 1778 3034 Burgthealer
1797 2970 1862 3030 war
1887 2969 2067 3029 Schnitzters
2092 2971 2175 3031 erster
2206 2973 2362 3033 peinlichem
2405 2974 2585 3034 Realiomus
2616 2977 2760 3037 schüldert.
2785 2980 2868 3040 1891
2893 2983 2971 3043 „Die
2995 2982 3127 3042 Blumen

203 2995 282 3055 niken
331 2998 357 3058 im
416 2998 559 3058 Ausland
608 2999 665 3059 und
709 2999 734 3059 in
783 3001 835 3061 der
874 3004 1043 3064 Poliklinik
1081 3007 1155 3067 seine

1212 3007 1318 3067 großer
1359 3012 1613 3072 Rühnenerfolg.

1702 3010 1826 3070 Wien
1873 3010 1961 3070 spielt
2003 3007 2075 3067 auch
2117 3008 2168 3068 das

2198 3008 2287 3068 1895
2320 3015 2389 3075 „Ein
2422 3015 2601 3075 Abschieo",
2621 3017 2690 3077 1896
2723 3022 2805 3082 „Die
2832 3020 2908 3080 Frau
2941 3023 2991 3083 des
3018 3022 3125 3082 Weisen

212 3034 327 3094 Vaters
361 3037 411 3097 der
451 3040 611 3100 Heilkunde
645 3040 844 3100 zugewandt.
872 3043 932 3103 Den
977 3046 1165 3106 militäräctt

1203 3046 1325 3106 nächste
1356 3048 1466 3108 Stück:
1503 3052 1680 3112 „Freiwild“
1724 3045 1846 3105 (1800).
1871 3051 1919 3111 Iu
1963 3049 2036 3109 diese
2067 3050 2171 3110 Jahre
2209 3050 2288 3110 1897
2320 3052 2405 3112 „Der
2436 3053 2607 3113 Ehrentag"
2645 3055 2699 3115 und
2730 3060 2816 3120 „Die
2841 3060 2938 3120 Toten
2970 3063 3147 3123 schweigen"

209 3076 298 3136 lichen
344 3076 470 3136 Dienst,
506 3077 530 3137 in
576 3077 631 3137 den
677 3079 838 3139 Schnitzler
884 3082 979 3142 später
1025 3085 1165 3145 übertrat

1207 3085 1284 3145 sältt
1312 3088 1356 3148 die
1385 3089 1572 3149 Entstehung
1606 3092 1655 3152 des
1690 3090 1922 3150 „Reigen",
1950 3088 2016 3148 zehn
2056 3088 2155 3148 Szene

2206 3091 2283 3151 1900
2322 3091 2482 3151 „Andreas
2516 3094 2747 3154 Thalmayer",
2775 3098 2857 3158 „Der
2891 3100 2990 3160 blinde
3029 3102 3150 3162 Geroni

207 3115 310 3175 mußte
351 3115 380 3175 er
420 3115 489 3175 nach
529 3117 582 3177 der
623 3117 815 3177 Publikation
865 3121 959 3181 seines
999 3124 1161 3184 „Leutnan

1201 3126 1265 3186 mit
1296 3126 1346 3186 dem
1402 3129 1522 3189 gleichen
1563 3130 1719 3190 erotischen
1760 3129 1991 3189 Grundmotiv,
2022 3126 2067 3186 die
2102 3126 2172 3186 aber

2201 3126 2265 3186 mo“
2301 3129 2356 3189 wie
2382 3130 2446 3190 auch
2477 3130 2522 3190 die
2553 3132 2678 3192 Novelle
2709 3135 2885 3195 „Leutnant
2910 3137 3041 3197 Gustl";
3061 3141 3146 3201 ferne

207 3150 313 3210 Gustl"
353 3154 522 3214 aufgeben.
556 3157 640 3217 Bald
675 3159 810 3219 widmete
839 3160 872 3220 er
906 3162 956 3222 sich
991 3165 1356 3225 ausschließ¬ersiel
1391 3166 1486 3226 später
1521 3168 1655 3228 gedruckt
1690 3168 1745 3228 und
1785 3168 1886 3228 1920,
1909 3168 2061 3228 durchaus
2096 3165 2174 3225 nicht
2203 3166 2236 3226 im
2287 3168 2405 3228 gleichen
2451 3169 2568 3229 Jahre:
2604 3172 2704 3232 „Frau
2750 3175 2839 3235 Berta
2880 3175 3048 3235 Garlan",
3077 3177 3132 3237 dan

201 3194 256 3254 lich
294 3192 348 3252 der
386 3195 559 3255 Literatur.

1193 3201 1249 3261 dem
1301 3203 1413 3263 Willen
1454 3206 1504 3266 der
1544 3209 1679 3269 Dichters
1719 3207 1945 3267 entsprechend,
1979 3207 2069 3267 unter
2104 3205 2154 3265 dem
2205 3208 2284 3268 „Die
2324 3210 2487 3270 griechische
2528 3211 2702 3271 Tänzerin"
2748 3214 2872 3274 (1902),
2906 3219 3126 3279 „Weissagung

249 3231 310 3291 Die
338 3234 454 3294 geistige
482 3234 698 3294 Atmosphäre,
721 3234 765 3294 die
793 3234 815 3294 in
854 3238 1031 3298 Schnißlers
1065 3240 1159 3300 Vater

1198 3243 1409 3303 Widerspruch
1439 3246 1685 3306 rechtsstehender
1715 3247 1813 3307 Kreise
1838 3246 2020 3306 aufgeführt
2045 3246 2157 3306 wurder

2206 3243 2320 3303 (1901),
2351 3249 2442 3309 „Das
2479 3247 2558 3307 neue
2595 3251 2679 3311 Lied"
2723 3250 2850 3310 (1005),
2881 3256 2966 3316 „Der
3003 3258 3069 3318 Tod
3106 3258 3160 3318 des

203 3271 283 3331 haus
320 3273 481 3333 herrschte,
506 3273 556 3333 die
588 3273 661 3333 enge
693 3273 879 3333 Berührung
923 3279 978 3339 mit
1009 3280 1065 3340 der
1096 3282 1157 3342 soge

1209 3284 1299 3344 Rasch
1328 3282 1418 3342 folgen
1455 3283 1496 3343 die
1525 3285 1636 3345 weitern
1672 3287 1791 3347 Werte:
1820 3286 1910 3346 „Das
1940 3288 2150 3348 Vermächtnie

2210 3288 2431 3348 Funggesellen"
2478 3288 2601 3348 (1907),
2628 3291 2719 3351 „Der
2752 3293 2810 3353 tote
2844 3293 2993 3353 Gabriel"
3033 3292 3163 3352 (1908),

200 3312 335 3372 nannten
367 3313 455 3373 guten
487 3314 680 3374 Geseltschaft
702 3312 753 3372 der
780 3313 853 3373 80er
879 3316 936 3376 und
968 3318 1041 3378 90et
1067 3321 1166 3381 Jahre

1208 3320 1331 3380 (1897),
1358 3322 1404 3382 die
1431 3322 1496 3382 dřel
1529 3323 1693 3383 Eiakter:
1720 3325 1974 3385 „Paracelsus",
2002 3324 2080 3384 „Die
2113 3322 2171 3382 Ge¬

2208 3326 2289 3386 „Das
2318 3326 2469 3386 Tagebuch
2499 3326 2550 3386 der
2574 3329 2771 3389 Redegonda"
2807 3330 2935 3390 (1909),
2959 3335 3039 3395 „Der
3069 3336 3143 3396 Mör

205 3350 284 3410 einer
318 3351 515 3411 eigenartigen
555 3353 696 3413 spezisisch
725 3353 966 3413 österreichischen
1007 3358 1164 3418 Mischung
1193 3359 1361 3419 fährtin",
1385 3359 1469 3419 „Der
1492 3362 1593 3422 grüne
1622 3365 1756 3425 Kakadu"
1797 3359 1920 3419 (1893),
1943 3359 1999 3419 sein
2034 3363 2174 3423 Drama:
2197 3362 2270 3422 ber"
2299 3364 2422 3424 (1910),
2440 3367 2614 3427 „Dreisache
2637 3369 2817 3429 Warnung"
2852 3370 2902 3430 und
2931 3374 3139 3434 „Hirtenflöte

194 3388 253 3448 von
293 3388 488 3448 beterogenen
528 3389 724 3449 Elementen,
754 3392 808 3452 von
847 3395 1029 3455 Gelehrten,
1064 3397 1171 3457 Groß¬
1202 3401 1289 3461 „Der
1320 3401 1451 3461 Schleier
1482 3401 1535 3461 der
1565 3401 1722 3461 Beatrice"
1757 3404 1884 3464 (1899),
1904 3406 1982 3466 dann
2022 3407 2070 3467 der
2095 3407 2173 3467 Ein¬

2205 3401 2310 3461 (1911)
2348 3406 2448 3466 „Frau
2480 3407 2575 3467 Beate
2607 3410 2665 3470 und
2693 3410 2740 3470 ihr
2767 3410 2877 3470 Sohn"
2915 3415 3036 3475 (1913),
3057 3419 3147 3479 „Dok
