3392 4352
1427 318 1556 378 box
1630 321 1816 381 44/2

132 322 251 382 12.
313 324 704 384 Schnitzl

874 317 902 377 s
961 326 1192 386 Death

682 642 1399 702 OBSERVER

766 691 792 751 I.
805 694 921 754 österr.
934 704 1081 764 behördl.
1094 719 1396 779 konzessioniertes

714 734 948 794 Unternehmen
980 746 1028 806 für
1051 761 1441 821 Zeitungs-Ausschnitte

765 795 913 855 WIEN,
941 801 988 861 I.,
1016 817 1299 877 WOLLZEILE
1341 830 1387 890 11

854 855 1069 915 TELEPHON
1107 870 1279 930 R-23-0-43

1370 1039 1431 1099 Go

790 1058 987 1118 Dagens
1030 1080 1247 1140 Nyheter

802 1184 1016 1244 11

1616 1306 1642 1366 A

1008 1422 1072 1482 frän
1096 1419 1203 1479 teater-
1222 1419 1268 1479 och
1297 1419 1568 1479 konstnärskretsar
1587 1419 1633 1479 och
1657 1419 1755 1479 resul-

276 1427 363 1487 TII
382 1431 514 1491 Arthur
543 1431 772 1491 Schnitzlers
800 1431 941 1491 minne.

1013 1464 1108 1524 terade
1131 1464 1144 1524 i
1163 1464 1194 1524 en
1222 1462 1330 1522 vacker
1354 1464 1399 1524 och
1431 1464 1567 1524 högtidlig
1594 1464 1753 1524 Schitzler¬

1012 1506 1069 1566 fest
1089 1508 1117 1568 på
1146 1506 1241 1566 Wiens
1261 1507 1471 1567 Burgtheater.
1505 1506 1624 1566 (Varvid
1649 1507 1754 1567 natur¬

1013 1549 1111 1609 ligtvis
1130 1550 1322 1610 regeringens
1341 1550 1401 1610 loge
1430 1550 1500 1610 lyste
1528 1551 1584 1611 med
1613 1553 1654 1613 sin
1683 1553 1757 1613 tom¬

1011 1594 1092 1654 het.)

1051 1637 1148 1697 Wiens
1174 1637 1308 1697 berömda
1334 1637 1606 1697 Philharmoniker,
1628 1640 1756 1700 dirigent

1007 1680 1147 1740 Clemens
1175 1682 1305 1742 Krauss,
1325 1682 1436 1742 stämde
1469 1682 1543 1742 först
1572 1684 1622 1744 upp
1656 1682 1753 1742 Schu¬

1010 1725 1091 1785 berts
1115 1727 1234 1787 H-moll
1254 1727 1398 1787 symfoni,
1417 1727 1465 1787 som
1504 1727 1666 1787 Schnitzler
1690 1727 1752 1787 sär-

1008 1768 1084 1828 skilt
1108 1768 1204 1828 älskat
1229 1768 1272 1828 och
1306 1768 1348 1828 som
1393 1768 1445 1828 han
1479 1768 1555 1828 alltid
1585 1771 1657 1831 satte
1681 1771 1695 1831 1
1715 1770 1757 1830 ett

1016 1811 1085 1871 visst
1104 1813 1244 1873 samband
1274 1813 1334 1873 med
1362 1813 1423 1873 sina
1452 1813 1522 1873 egna
1546 1813 1681 1873 arbeten.
1719 1814 1751 1874 Sà

1015 1855 1099 1915 lästes
1146 1858 1234 1918 några
1267 1856 1346 1916 korta
1374 1858 1420 1918 ord
1449 1858 1565 1918 skrivna
1593 1858 1630 1918 av
1658 1858 1751 1918 Oskar

1016 1899 1133 1959 Maurus
1161 1900 1305 1960 Fontana.
1343 1901 1380 1961 En
1408 1900 1524 1960 vision:
1544 1902 1576 1962 en
1604 1903 1748 1963 höstafton

1011 1944 1088 2004 sitter
1115 1944 1296 2004 Schnitzler,
1318 1944 1452 2004 gammal
1478 1944 1521 2004 och
1557 1946 1642 2006 ensam
1686 1944 1755 2004 vor¬

1010 1989 1083 2049 den,
1118 1988 1153 2048 på
1198 1986 1231 2046 en
1262 1988 1330 2048 bänk
1365 1986 1409 2046 vid
1439 1989 1646 2049 Wienerwalds
1672 1989 1759 2049 rand.

1008 2031 1124 2091 blickar
1148 2031 1194 2091 ner
1218 2031 1250 2091 på
1274 2031 1311 2091 sin
1335 2031 1456 2091 älskade
1476 2033 1531 2093 stad
1560 2031 1606 2091 och
1635 2031 1676 2091 ser
1700 2034 1751 2094 alla

1009 2073 1071 2133 sina
1119 2075 1258 2135 gestalter
1288 2075 1374 2135 dansa
1399 2076 1485 2136 förbi
1505 2076 1514 2136 i
1538 2076 1566 2136 en
1601 2078 1764 2138 "Reigen".

1018 2118 1083 2178 (Det
1111 2116 1176 2176 sista
1210 2118 1373 2178 Schnitzler
1402 2118 1514 2178 företog
1547 2121 1593 2181 var
1621 2121 1654 2181 en
1687 2121 1752 2181 läng

1010 2160 1167 2220 promenad
1201 2162 1215 2222 !
1244 2162 1560 2222 Türkenschanzpark,
1590 2162 1651 2222 från
1690 2163 1752 2223 vars

1009 2205 1078 2265 höjd
1109 2204 1170 2264 man
1201 2204 1251 2264 har
1272 2204 1367 2264 utsikt
1388 2204 1458 2264 över
1479 2207 1539 2267 hela
1570 2207 1661 2267 Wien.
1701 2207 1751 2267 Vid

1010 2247 1210 2307 hemkomsten
1248 2249 1397 2309 träffades
1430 2249 1481 2309 han
1519 2250 1556 2310 av
1594 2252 1757 2312 slaganfall

1012 2293 1059 2353 och
1089 2293 1141 2353 dog
1165 2291 1232 2351 utan
1262 2293 1304 2353 att
1319 2294 1352 2354 ha
1377 2294 1500 2354 âterfâtt
1521 2294 1755 2354 medvetandet.)

1046 2335 1085 2395 Sä
1115 2335 1164 2395 går
1189 2335 1267 2395 ridän
1298 2338 1376 2398 upp.
1412 2335 1603 2395 Burgteatern
1634 2339 1683 2399 ger
1708 2338 1756 2398 für

1012 2380 1098 2440 första
1132 2380 1237 2440 gängen
1271 2380 1447 2440 Schnitzlers
1477 2380 1639 2440 enaktare:
1678 2378 1754 2438 "Die

1012 2422 1102 2482 letzen
1132 2422 1270 2482 Masken"
1300 2425 1356 2485 med
1386 2425 1438 2485 den
1468 2422 1578 2482 döende
1602 2424 1678 2484 Karl
1698 2423 1755 2483 Ra¬

1010 2467 1187 2527 demacher,
1227 2467 1279 2527 han
1313 2467 1356 2527 som
1400 2467 1588 2527 misslyckats
1612 2469 1660 2529 och
1694 2470 1742 2530 som

1016 2510 1106 2570 under
1130 2509 1174 2569 den
1202 2509 1270 2569 sista
1293 2509 1407 2569 kvarten
1434 2510 1466 2570 av
1489 2509 1538 2569 sitt
1557 2509 1593 2569 liv
1616 2511 1670 2571 vill
1684 2512 1752 2572 göre

1013 2554 1067 2614 upp
1099 2553 1257 2613 räkningen
1294 2553 1352 2613 med
1385 2553 1416 2613 en
1448 2553 1566 2613 lyckans
1593 2553 1760 2613 gunstling.

241 2574 309 2634 Det
333 2574 393 2634 sista
424 2574 584 2634 porträttet
609 2574 639 2634 av
670 2574 784 2634 Arthur
816 2574 975 2634 Schnitzler

1009 2598 1118 2658 Scenen
1154 2598 1263 2658 stegras
1291 2596 1335 2656 till
1359 2598 1504 2658 mänsklig
1532 2598 1645 2658 storhet
1668 2598 1681 2658 !
1704 2598 1754 2658 det

239 2629 277 2689 pd
301 2624 393 2684 vilket
410 2623 564 2683 professor
588 2622 705 2682 Kreutz
729 2622 875 2682 arbetade
900 2622 968 2682 annu
1009 2641 1163 2701 gonblick
1211 2640 1249 2700 da
1273 2640 1326 2700 den
1358 2640 1475 2700 döende
1499 2640 1591 2700 avstar
1623 2640 1684 2700 fran
1708 2640 1754 2700 att

360 2672 459 2732 dagen
484 2673 571 2733 innan
595 2670 765 2730 Schnitzler
789 2673 865 2733 dog.

1012 2685 1109 2745 slunga
1142 2685 1202 2745 sina
1236 2684 1286 2744 väl
1310 2685 1464 2745 uttänkta,
1488 2685 1655 2745 förintande
1684 2685 1753 2745 san-

1014 2729 1113 2789 ningar
1141 2728 1154 2788 i
1177 2729 1308 2789 ansiktet
1331 2728 1362 2788 på
1395 2729 1435 2789 sin
1468 2727 1621 2787 uppblâste
1649 2729 1757 2789 visavi.

627 2747 709 2807 WIEN
743 2748 753 2808 1
776 2749 952 2809 november.

1012 2771 1071 2831 Det
1091 2772 1189 2832 tjänar
1214 2771 1238 2831 ju
1268 2771 1415 2831 ingenting
1445 2771 1503 2831 till,
1518 2771 1640 2831 betyder
1666 2771 1690 2831 sà
1715 2771 1753 2831 li¬

282 2789 334 2849 Vid
382 2792 498 2852 Arthur
541 2792 719 2852 Schnitzlers
752 2792 799 2852 bår
826 2792 899 2852 lyste
926 2792 978 2852 den

1014 2816 1071 2876 tet,
1110 2814 1167 2874 när
1191 2815 1253 2875 man
1282 2815 1334 2875 vet
1354 2816 1397 2876 att
1421 2816 1483 2876 man
1512 2816 1526 2876 1
1546 2816 1660 2876 morgon
1694 2816 1751 2876 inte

240 2837 426 2897 österrikiska
460 2837 632 2897 regeringen
667 2837 728 2897 med
762 2837 800 2897 sin
834 2834 973 2894 fränvaro

241 2882 419 2942 Regeringen
447 2882 479 2942 är
493 2881 612 2941 strängt
626 2879 751 2939 klerikal
772 2879 784 2939 —
825 2879 871 2939 och
898 2876 984 2936 "pro-
1018 2859 1090 2919 mera
1117 2858 1196 2918 finns
1217 2858 1283 2918 till.

1049 2903 1109 2963 Det
1133 2903 1165 2963 ür
1189 2903 1216 2963 en
1250 2903 1342 2963 hemsk
1375 2902 1529 2962 enaktare.
1567 2903 1627 2963 Det
1646 2902 1752 2962 humli¬

238 2924 333 2984 fessor
358 2924 549 2984 Bernhardis"
578 2923 731 2983 författare
756 2924 808 2984 har
832 2922 860 2982 ej
880 2921 985 2981 vunnit

1012 2947 1077 3007 gast
1096 2944 1179 3004 dolda
1203 2945 1305 3005 blottas
1329 2946 1384 3006 med
1408 2944 1440 3004 en
1464 2944 1660 3004 obarmhärtig
1684 2947 1753 3007 illu¬

241 2968 290 3028 den
318 2968 445 3028 katolska
468 2968 600 3028 kyrkans
623 2968 764 3028 gillande.
797 2965 832 3025 En
860 2965 924 3025 kort
942 2963 978 3023 tid

1012 2989 1201 3049 sionslöshet,
1223 2989 1338 3049 andliga
1369 2988 1601 3048 röntgensträlar
1632 2989 1756 3049 genom-

237 3013 326 3073 förut
349 3010 419 3070 hade
452 3011 751 3071 bundespresidenten
784 3010 821 3070 tid
854 3009 900 3069 att
924 3007 979 3067 visa

1015 3034 1069 3094 lysa
1100 3034 1210 3094 själen.
1251 3034 1331 3094 Även
1362 3032 1477 3092 läkaren
1508 3034 1674 3094 Schnitzler
1699 3032 1749 3092 be-

236 3055 270 3115 en
296 3055 430 3115 obekant
447 3055 580 3115 partivän
607 3055 653 3115 den
680 3053 748 3113 sista
775 3052 838 3112 äran
865 3052 873 3112 —
921 3052 981 3112 men

1013 3076 1137 3136 härskar
1156 3076 1206 3136 sitt
1225 3076 1325 3136 ämne.

237 3100 289 3160 till
307 3100 422 3160 Arthur
444 3100 625 3160 Schnitzlers
647 3097 828 3157 begravning
855 3097 982 3157 saknade

1053 3121 1137 3181 Bland
1164 3121 1301 3181 publiken
1333 3121 1375 3181 såg
1402 3121 1460 3181 man
1487 3119 1550 3179 hela
1577 3119 1672 3179 Wiens
1693 3119 1751 3179 för¬

237 3144 291 3204 han
323 3144 368 3204 till
388 3144 437 3204 och
465 3144 528 3204 med
556 3144 592 3204 tid
620 3141 665 3201 att
684 3141 738 3201 lâta
766 3141 806 3201 sig
834 3138 984 3198 represen¬

1016 3165 1135 3225 fattar-,
1153 3163 1263 3223 press-,
1285 3162 1391 3222 teater-
1414 3162 1462 3222 och
1493 3162 1678 3222 läkarvärld.
1701 3162 1753 3222 Var

243 3186 333 3246 teras!
375 3186 474 3246 Under
502 3186 551 3246 det
570 3186 615 3246 att
638 3183 792 3243 utländska
820 3183 982 3243 tidskrifter

1012 3209 1058 3269 och
1110 3209 1142 3269 en
1175 3207 1287 3267 tycktes
1315 3205 1478 3265 personligt
1502 3207 1614 3267 gripen,
1638 3207 1684 3267 och
1717 3207 1744 3267 en

237 3231 287 3291 och
314 3231 460 3291 tidningar
483 3228 492 3288 —
534 3228 670 3288 franska,
684 3228 838 3288 engelska,
853 3226 989 3286 svanska,

1019 3255 1080 3315 djup
1107 3254 1221 3314 tystnad
1247 3252 1335 3312 råddo
1362 3252 1434 3312 efter
1460 3249 1559 3309 ridåns
1580 3249 1647 3309 fall.

237 3275 347 3335 danska
378 3273 387 3333 —
440 3273 630 3333 japanska(!)
657 3270 728 3330 hade
760 3270 834 3330 stora
861 3270 985 3330 artiklar

1559 3297 1715 3357 Mélange.

237 3318 272 3378 om
312 3318 382 3378 hans
409 3318 462 3378 död
489 3315 538 3375 och
569 3315 643 3375 hans
666 3314 799 3374 litterärs
826 3312 989 3372 betydelse,

241 3361 308 3421 fann
341 3359 404 3419 man
436 3359 449 3419 i
472 3359 526 3419 den
559 3356 790 3416 tysknationella
817 3356 980 3416 "Deutsch¬

238 3403 482 3463 Österreichische
526 3401 758 3461 Tageszeitung"
784 3398 882 3458 längst
904 3398 951 3458 ner
973 3398 985 3458 1

239 3446 342 3506 hörnet
362 3446 494 3506 följande
519 3443 575 3503 lilla
604 3443 679 3503 notis
699 3444 712 3504 i
727 3443 879 3503 petitstil:
917 3443 982 3503 "Ein

243 3491 389 3551 jüdischer
416 3488 539 3548 Litterat
562 3488 681 3548 namens
708 3485 819 3545 Arthur
841 3486 983 3546 Schitzler

237 3532 276 3592 ist
299 3533 320 3593 im
356 3532 471 3592 70:sten
498 3531 679 3591 Lebensjahr
702 3529 887 3589 gestorben."
932 3529 980 3589 (En

238 3578 330 3638 judisk
359 3577 503 3637 litteratör
532 3574 573 3634 vid
602 3574 680 3634 namn
714 3573 825 3633 Artbur
849 3571 984 3631 Schnitz¬

238 3622 280 3682 ler
300 3622 353 3682 har
372 3621 477 3681 avlidit
493 3619 535 3679 vid
560 3619 593 3679 70
618 3619 660 3679 ars
680 3616 790 3676 ålder.)
805 3616 906 3676 Punkt
925 3616 977 3676 und

231 3664 375 3724 Schluss!
413 3664 464 3724 Vid
488 3664 516 3724 en
545 3661 774 3721 Schnitzlerfest
789 3661 802 3721 i
817 3661 915 3721 Berlin
944 3661 985 3721 för

238 3709 324 3769 nâgra
355 3708 445 3768 dagar
472 3706 558 3766 sedan
589 3706 705 3766 yttrade
736 3703 831 3763 Franz
857 3703 991 3763 Werfel:

244 3747 268 3807 "I
294 3751 369 3811 dessa
399 3751 486 3811 dagar
512 3750 680 3810 utkommer
705 3747 885 3807 Schnitzlers
911 3744 985 3804 som¬

236 3795 300 3855 lade
348 3795 417 3855 verk
447 3796 481 3856 på
512 3792 658 3852 kinesiska
684 3791 697 3851 —
749 3791 813 3851 men
844 3789 899 3849 inte
930 3789 976 3849 den

237 3839 342 3899 minsta
387 3837 449 3897 lilla
493 3836 798 3896 hedersdoktorstitel
821 3834 882 3894 frän
914 3834 984 3894 hans

236 3882 366 3942 hemstad
401 3882 603 3942 ’misspryder'
626 3882 698 3942 hans
725 3877 867 3937 person".

272 3926 333 3986 Det
356 3923 395 3983 må
427 3923 493 3983 vara
520 3925 591 3985 sant
613 3923 658 3983 att
681 3923 764 3983 ingen
796 3923 826 3983 är
849 3920 951 3980 profet
973 3917 986 3977 i

236 3968 276 4028 sin
325 3968 389 4028 egen
435 3968 495 4028 stad
524 3968 536 4028 —
581 3965 645 4025 men
674 3965 759 4025 saken
788 3965 836 4025 har
861 3965 897 4025 nu
926 3965 986 4025 gått

231 4013 417 4073 Schnitzlers
441 4010 623 4070 fädernestad
652 4010 726 4070 Wien
755 4010 801 4070 för
821 4010 913 4070 längt,
933 4007 974 4067 och

236 4060 269 4120 på
320 4055 432 4115 senaste
462 4055 537 4115 tiden
571 4055 621 4115 har
651 4055 713 4115 man
747 4052 922 4112 förnummit
948 4052 977 4112 en

238 4100 333 4160 starkt
354 4098 483 4158 växande
509 4099 667 4159 opposition
692 4097 754 4157 mot
775 4097 821 4157 det
842 4097 896 4157 sätt
917 4094 983 4154 var¬

238 4144 272 4204 pà
298 4143 345 4203 det
367 4141 508 4201 officiella
530 4141 680 4201 Osterrike
702 4141 865 4201 behandlar
891 4140 921 4200 en
947 4136 977 4196 av

239 4185 353 4245 landets
371 4183 450 4243 mest
468 4186 560 4246 kända
583 4186 684 4246 söner.
698 4185 856 4245 Opinionen
883 4183 975 4243 urgick

1933 1696 2083 1756 Wie
2134 1697 2247 1757 ich
2324 1697 2803 1757 Schnitzlern

2092 1822 2643 1882 kennenlernte

2187 1933 2248 1993 Von
2281 1933 2395 1993 Roda
2429 1933 2562 1993 Roda.

1924 2042 1975 2102 ch
1996 2039 2067 2099 habe
2088 2038 2135 2098 ihn
2161 2040 2243 2100 innig
2269 2037 2387 2097 verehrt
2408 2037 2418 2097 —
2470 2037 2516 2097 den
2543 2037 2681 2097 Künstler
2708 2038 2764 2098 und
2785 2037 2836 2097 den

1902 2079 1915 2139 +
1956 2083 2105 2143 Menschen
2138 2082 2250 2142 Arthur
2274 2083 2450 2143 Schnitzler.
2464 2080 2477 2140 —
2519 2081 2554 2141 In
2587 2082 2695 2142 meiner
2718 2081 2836 2141 Ingend

1908 2127 1953 2187 sah
1985 2127 2021 2187 ich
2053 2127 2076 2187 in
2112 2127 2157 2187 ihm
2199 2126 2275 2186 nicht
2303 2126 2312 2186 —
2367 2126 2421 2186 wie
2449 2126 2534 2186 heute
2567 2124 2575 2184 —
2626 2124 2675 2184 den
2712 2124 2866 2184 größten¬

1908 2171 2021 2231 Dichter
2044 2168 2239 2228 Oesterreichs
2263 2168 2317 2228 seit
2335 2168 2471 2228 Walther
2495 2168 2544 2228 von
2577 2166 2622 2226 der
2650 2168 2836 2228 Vogelweide

1969 2215 2006 2275 ich
2039 2213 2138 2273 betete
2167 2213 2213 2273 ihn
2252 2213 2374 2273 damals
2407 2213 2444 2273 an
2483 2213 2529 2273 als
2563 2213 2685 2273 größten
2728 2213 2840 2273 Dichter

1906 2258 2102 2318 überhaupt.

1967 2300 2144 2360 Irgendwie
2167 2300 2247 2360 hatte
2275 2300 2368 2360 Kainz
2397 2295 2406 2355 —
2458 2299 2509 2359 den
2537 2300 2574 2360 ich
2602 2300 2761 2360 persönlich
2790 2300 2840 2360 gar

1907 2344 1982 2404 nicht
2005 2344 2106 2404 kannte
2129 2341 2141 2401 —
2186 2342 2235 2402 von
2266 2342 2377 2402 meiner
2404 2341 2625 2401 Schwärmerei
2643 2341 2691 2401 für
2718 2341 2842 2401 Schnitz¬

1908 2389 1951 2449 ler
1978 2388 2111 2448 erfahren
2143 2386 2200 2446 und
2232 2386 2338 2446 meinen
2369 2389 2471 2449 heißen
2502 2388 2639 2448 Wunsch,
2657 2386 2701 2446 ihm
2742 2386 2848 2446 vorge¬

1913 2432 1985 2492 stellt
2013 2431 2040 2491 zu
2072 2431 2208 2491 werden.

1964 2479 2056 2539 Eines
2088 2479 2207 2539 Abends
2239 2479 2309 2539 stehe
2336 2479 2372 2539 ich
2403 2478 2425 2538 im
2470 2478 2607 2538 Vorraum
2647 2476 2695 2536 des
2727 2476 2846 2536 Wiener

1908 2521 2125 2581 Burgtheaters
2154 2522 2163 2582 —
2212 2522 2236 2582 im
2275 2521 2487 2581 Zwischenakt;
2511 2521 2593 2581 fühle
2618 2521 2685 2581 mich
2714 2521 2839 2581 plötzlich

1908 2568 1939 2628 am
1990 2567 2176 2627 Pulsgelenk
2204 2563 2303 2623 erfaßt
2331 2563 2344 2623 —
2399 2565 2457 2625 und
2494 2565 2539 2625 als
2572 2565 2607 2625 ich
2640 2565 2780 2625 aufblicke

1914 2610 1973 2670 wer
1996 2609 2032 2669 ist
2051 2607 2106 2667 es?
2152 2610 2261 2670 Kainz.

1970 2652 2127 2712 „Kommen
2167 2649 2260 2709 Sie",
2290 2653 2368 2713 sagte
2409 2653 2452 2713 er,
2482 2654 2540 2714 „ich
2575 2652 2683 2712 bringe
2718 2652 2772 2712 Sie
2807 2651 2836 2711 zu

1915 2697 2093 2757 Schnitzler.

1967 2740 2024 2800 Der
2049 2738 2178 2798 zwiefach
2198 2737 2366 2797 gesteigerte
2385 2738 2466 2798 frohe
2486 2737 2596 2797 Schreck
2616 2735 2625 2795 —
2670 2737 2698 2797 zu
2722 2736 2837 2796 Schnitz

1915 2784 1973 2844 lern
1998 2783 2135 2843 gebracht
2152 2783 2181 2843 zu
2211 2780 2318 2840 werden
2348 2780 2356 2840 —
2402 2781 2456 2841 und
2482 2780 2535 2840 das
2561 2782 2610 2842 von
2640 2781 2731 2841 Kainz

1908 2827 1958 2887 der
1985 2826 2099 2886 Schreck
2126 2825 2231 2885 raubte
2263 2825 2317 2885 mir
2345 2825 2391 2885 die
2423 2825 2568 2885 Sprache.
2605 2825 2655 2885 Ich
2687 2825 2846 2885 verbeugte

1907 2873 1972 2933 mich
2003 2870 2055 2930 vor
2086 2870 2198 2930 meinem
2238 2869 2316 2929 Idol
2343 2868 2398 2928 und
2430 2870 2612 2930 stammelte:

1974 2922 2038 2982 „Ich
2073 2918 2152 2978 heiße
2182 2918 2301 2978 Arthur
2331 2918 2504 2978 Schnitzler.

1969 2967 2041 3027 „Sie
2074 2967 2164 3027 haben
2201 2965 2255 3025 mir
2283 2964 2337 3024 das
2369 2965 2460 3025 Wort
2488 2963 2542 3023 aus
2574 2965 2624 3025 dem
2670 2962 2765 3022 Mund
2797 2963 2846 3023 ge¬

1929 3011 2087 3071 ommen",
2106 3007 2288 3067 antwortete
2317 3010 2475 3070 Schnitzler
2504 3009 2653 3069 lächelnd.
