3436 4352
230 297 350 357 12.
412 294 1010 354 Schnitzler's
1072 291 1303 351 Death

804 697 1191 757 RVERe

384 699 654 759 OBS

470 758 495 818 I.
509 759 629 819 österr.
643 759 793 819 behördl.
807 756 1105 816 konzessioniertes

425 801 663 861 Unternehmen
695 798 743 858 für
766 798 1150 858 Zeitungs-Ausschnitte

484 853 629 913 WIEN,
657 861 703 921 I.,
730 859 1009 919 WOLLZEILE
1057 856 1103 916 11

577 909 792 969 TELEPHON
829 909 1004 969 R-23-0-43

368 1052 599 1112 Ausschnitt
627 1052 714 1112 aus:

387 1335 769 1395 Disseldorfer
804 1338 1142 1398 Nachrichten

486 1404 658 1464 Auflage
699 1404 818 1464 100000
849 1405 1083 1465 Exemplare

493 1514 634 1574 Ausschniit
650 1515 699 1575 aus
714 1515 757 1575 der

607 2601 743 2661 Arthur
769 2601 961 2661 Schnitzler

404 2747 1120 2807 DOBSERVER

490 2804 516 2864 I.
530 2804 650 2864 österr.
664 2807 811 2867 behördl.
825 2810 1123 2870 konzessioniertes

442 2846 681 2906 Unternehmen
712 2848 760 2908 für
783 2852 1168 2912 Zeitungs-Ausschnitte

491 2903 644 2963 WIEN,
672 2907 718 2967 I.,
746 2912 1027 2972 WOLLZEILE
1075 2915 1121 2975 11

595 2957 810 3017 TELEPHON
847 2962 1020 3022 R-23-0-43

379 3097 610 3157 Ausschnitt
638 3100 723 3160 aus:

512 3210 626 3270 „Die
658 3204 772 3264 Neue
812 3204 981 3264 Zeilung

390 3322 456 3382 von

510 3360 756 3420 Donnerstag,
783 3360 843 3420 22.
866 3359 1018 3419 Oktober
1052 3355 1132 3415 1931

439 3528 588 3588 Artur
628 3532 891 3592 Schnitzler
929 3534 1185 3594 gestorben.

346 3589 452 3649 G#ern
495 3592 598 3652 abends
645 3594 678 3654 ist
711 3595 757 3655 der
800 3595 926 3655 bekannte
955 3595 1142 3655 Schriftsteller
1175 3595 1236 3655 Dr.
1260 3595 1348 3655 Artur

259 3637 496 3697 Schnitzler,
524 3638 626 3698 wenige
646 3640 762 3700 Monate
790 3640 837 3700 vor
856 3642 1023 3702 Vollendung
1061 3643 1144 3703 seines
1164 3643 1210 3703 70.
1229 3643 1345 3703 Lebens¬

265 3682 370 3742 jahres,
399 3682 475 3742 eines
509 3682 609 3742 sansten
648 3685 744 3745 Todes
773 3685 925 3745 gestorben.
950 3687 1113 3747 Schnitzler,
1142 3685 1184 3745 der
1218 3686 1261 3746 sich
1295 3686 1347 3746 seit

260 3726 363 3786 einiger
396 3726 461 3786 Zeit
490 3726 592 3786 leidend
625 3730 732 3790 gefühlt
761 3732 821 3792 hat,
859 3730 910 3790 hat
948 3729 1009 3789 noch
1046 3731 1144 3791 gestern
1173 3730 1340 3790 vormittag¬

261 3771 334 3831 einen
364 3772 555 3832 Spaziergang
586 3774 717 3834 gemacht.
738 3774 777 3834 Um
816 3774 845 3834 11
875 3774 929 3834 Uhr
954 3774 1145 3834 heimgekehrt,
1165 3776 1214 3836 hat
1234 3777 1273 3837 er,
1293 3777 1346 3837 wi¬

261 3817 413 3877 alltäglich,
443 3816 525 3876 seiner
555 3817 712 3877 Sekretirin
747 3821 771 3881 zu
811 3819 928 3879 diktieren
963 3822 1120 3882 begonnen.
1145 3819 1271 3879 Piözlich
1301 3814 1316 3874 -

263 3863 291 3923 es
324 3861 380 3921 war
408 3861 441 3921 15
479 3861 604 3921 Minuten
638 3861 698 3921 nach
731 3861 768 3921 11
796 3863 852 3923 Uhr
881 3863 890 3923 —
942 3864 1035 3924 wurde
1073 3864 1105 3924 er
1133 3864 1180 3924 von
1213 3864 1348 3924 Bewuht¬

252 3903 381 3963 Leslokeit
411 3906 541 3966 befallen.
571 3906 612 3966 Er
643 3907 707 3967 sank
743 3908 914 3968 zusammen,
944 3909 1032 3969 wurde
1062 3911 1180 3971 gebettet
1210 3912 1263 3972 und
1293 3912 1333 3972 lag

232 4001 276 4061 bis
320 4001 349 4061 zu
384 3999 467 4059 seinem
521 3995 555 4055 um
604 3992 702 4052 viertel
732 3992 746 4052 7
781 3992 839 4052 Uhr
879 3989 1000 4049 erfolgten
1040 3987 1113 4047 Tode
1153 3985 1226 4045 ohne
1256 3983 1299 4043 Be

236 4045 363 4105 sinnung.
388 4042 535 4102 Schnitzler
566 4040 609 4100 iUt
634 4039 663 4099 an
698 4035 1022 4095 Herzmuskelentartung
1062 4031 1111 4091 und
1146 4031 1174 4091 ist
1204 4031 1228 4091 in
1258 4027 1317 4087 Be¬

237 4090 374 4150 handlung
407 4088 490 4148 seines
522 4084 638 4144 Nessen,
660 4081 708 4141 des
740 4082 834 4142 Arztes
867 4078 924 4138 Dr.
946 4076 1104 4136 Ferdinand
1136 4073 1321 4133 Donath,

236 4132 393 4192 gestanden.
417 4127 455 4187 Er
484 4126 569 4186 dürfte
598 4126 669 4186 einem
713 4123 755 4183 Ge
775 4123 903 4183 irnschlag
932 4120 1032 4180 erlegen
1066 4117 1132 4177 sein.

1526 288 1657 348 box
1733 292 1923 352 42/7

1916 1023 2628 1083 DOBSERVER

2002 1082 2028 1142 I.
2042 1082 2161 1142 österr.
2170 1085 2316 1145 behördl.
2330 1085 2626 1145 konzessioniertes

1951 1125 2188 1185 Unternehmen
2219 1127 2264 1187 für
2296 1127 2680 1187 Zeltungs-Ausschnitte

2002 1181 2152 1241 WIEN,
2180 1186 2227 1246 I.,
2255 1186 2542 1246 WOLLZEILE
2585 1189 2631 1249 11

2099 1238 2318 1298 TELEPHON
2355 1237 2527 1297 R-23-0-43

1905 1380 2123 1440 Ausschnitt
2151 1380 2240 1440 aus:

2187 1449 2478 1509 FLAXXJVITER
2507 1464 2690 1524 ZEITUSA

2275 1595 2370 1655 22.
2389 1595 2510 1655 UKI.
2537 1588 2641 1648 1881

1905 1604 2020 1664 vom:

2000 1724 2221 1784 Arthur
2265 1724 2592 1784 Schuitler-

1828 1794 1925 1854 Wien,
1941 1795 1987 1855 21.
2003 1792 2137 1852 Oktober.
2158 1795 2287 1855 (Wolff.)
2308 1795 2416 1855 Arthur
2443 1795 2659 1855 Schnitzler
2680 1792 2711 1852 ist
2732 1792 2809 1852 heute
2830 1790 2860 1850 um

1773 1840 1848 1900 18.25
1878 1840 1938 1900 Uhr
1963 1840 2032 1900 einem
2073 1839 2277 1899 Schlagansall
2303 1837 2427 1897 erlegen.

1832 1956 1950 2016 Arthur
1978 1956 2145 2016 Schnitzler
2173 1956 2238 2016 war
2265 1956 2476 2016 ursprünglich
2509 1953 2601 2013 Arzt,
2623 1953 2785 2013 allerdings
2818 1950 2877 2010 nur

1772 2007 1864 2067 einige
1891 2007 2004 2067 Jahre,
2031 2007 2103 2067 dann
2140 2007 2191 2067 hat
2212 2004 2242 2064 er
2269 2004 2315 2064 sich
2347 2004 2419 2064 ganz
2451 2003 2496 2063 der
2523 2002 2678 2062 Literatur
2709 2000 2880 2060 gewidmet.

1769 2055 1922 2115 „Anatol“
1961 2054 2067 2114 (1893)
2099 2053 2163 2113 war
2190 2054 2248 2114 sein
2280 2053 2365 2113 erstes
2398 2052 2498 2112 Werk,
2521 2052 2594 2112 diese
2622 2052 2685 2112 sehr
2713 2050 2871 2110 bekannten

1767 2104 1973 2164 dramatischen
2005 2103 2150 2163 Dialoge,
2177 2103 2217 2163 die
2244 2102 2321 2162 schon
2353 2103 2488 2163 zeigten,
2509 2101 2560 2161 daß
2592 2100 2654 2160 hier
2686 2100 2727 2160 ein
2758 2098 2877 2158 Talent

1773 2156 1878 2216 sprach.
1905 2153 1979 2213 Aber
2006 2150 2132 2210 freilich,
2154 2150 2196 2210 ein
2223 2150 2360 2210 Talent,
2377 2150 2429 2210 das
2456 2150 2530 2210 ganz
2557 2150 2583 2210 in
2615 2147 2710 2207 seiner
2737 2148 2805 2208 Zeit
2832 2144 2879 2204 be¬

1772 2204 1869 2264 sangen
1906 2201 1988 2261 war,
2010 2201 2035 2261 in
2066 2199 2143 2259 ihrem
2190 2198 2438 2258 Relativismus,
2464 2198 2541 2258 ihrer
2568 2198 2706 2258 Skepsis,
2733 2195 2779 2255 die
2805 2192 2867 2252 noch

1771 2250 1977 2310 unterstrichen
2021 2249 2085 2309 war
2125 2249 2212 2309 durch
2257 2249 2301 2309 ein
2345 2246 2585 2306 österreichisches
2630 2246 2879 2306 Temperament.

1774 2302 1933 2362 Schnitzler
1958 2300 1994 2360 ist
2020 2299 2044 2359 in
2075 2297 2161 2357 Wien
2192 2297 2314 2357 geboren
2352 2297 2407 2357 und
2438 2297 2604 2357 gestorben:
2647 2294 2714 2354 Wir
2758 2293 2868 2353 werden

1769 2352 1879 2412 Person
1917 2350 1974 2410 und
2007 2350 2090 2410 Werk
2117 2350 2180 2410 noch
2218 2349 2439 2409 ausführlicher
2472 2347 2645 2407 würdigen.

2582 2805 2856 2865 e.

2082 2869 2168 2929 92.
2184 2852 2313 2912 OK.
2329 2833 2386 2893 193

2638 2950 2752 3010 Sette
2785 2959 2797 3019 3

1935 3091 2116 3151 Arlhur
2144 3099 2377 3159 Schnitzler
2405 3108 2664 3168 gestorben.

2110 3156 2498 3216 (Drahtmeldung.)

2444 3210 2550 3270 Wien,
2570 3213 2614 3273 den
2643 3216 2691 3276 21.
2711 3219 2852 3279 Oktober.

1766 3244 1827 3304 Der
1850 3247 1990 3307 bekannte
2009 3254 2228 3314 österreichische
2252 3260 2439 3320 Dramatiker
2463 3264 2513 3324 Dr.
2528 3266 2640 3326 Arthur
2659 3273 2882 3333 Schniyzler

1708 3288 1744 3348 ist
1767 3288 1798 3348 am
1839 3289 1984 3349 Mittwoch
2012 3294 2034 3354 im
2070 3294 2120 3354 69.
2143 3299 2338 3359 Lebensjahre
2361 3306 2591 3366 gestorben.
2628 3311 2668 3371 Am
2710 3315 2877 3375 Vormittag

1706 3330 1794 3390 erlitt
1816 3333 1842 3393 er
1869 3332 1926 3392 auf
1949 3336 2027 3396 einem
2067 3341 2274 3401 Spaziergang
2301 3347 2363 3407 eine
2389 3350 2631 3410 Gehirnblutung
2663 3356 2715 3416 und
2746 3361 2878 3421 verschied

1698 3372 1767 3432 nach
1790 3375 2024 3435 mehrstündiger
2048 3386 2318 3446 Bewußtlosigkeit.

1781 3419 1854 3479 Eine
1874 3422 2060 3482 Würdigung
2085 3428 2128 3488 des
2154 3432 2359 3492 Verstorbenen
2389 3437 2432 3497 als
2453 3442 2658 3502 Schriftsteller
2684 3448 2737 3508 und
2762 3449 2869 3509 Mensch

1696 3455 1820 3515 bringen
1849 3461 1899 3521 wir
1928 3464 1950 3524 im
1985 3467 2183 3527 Abendblatt.
