3392 4320
1422 314 1556 374 box
1633 318 1812 378 43/2

324 315 909 375 Schnitzler's
979 321 1202 381 Deatl

1498 1087 1590 1147 Re

783 1099 1134 1159 OPSF

1163 1094 1416 1154 RVI

971 1100 1050 1160 Se

874 1162 899 1222 I.
913 1160 1030 1220 österr.
1044 1157 1192 1217 behördl.
1210 1152 1511 1212 konzessioniertes

834 1201 1071 1261 Unternehmen
1101 1197 1146 1257 für
1172 1193 1560 1253 Zeitungs-Ausschnitte

876 1258 1022 1318 WIEN,
1050 1261 1102 1321 I.,
1130 1252 1417 1312 WOLLZEILE
1465 1248 1510 1308 11

989 1307 1200 1367 TELEPHON
1237 1301 1407 1361 R-23-0-43

774 1452 1012 1512 Ausschnitt
1035 1453 1119 1513 aus:

1150 1606 1224 1666 18.

720 1607 810 1667 4

909 1614 1006 1674 10

1681 1777 1815 1837 wild"
1854 1778 1885 1838 in
1924 1775 2192 1835 „Leutnant
2219 1775 2365 1835 Gust!“
2398 1774 2461 1834 und
2494 1772 2525 1832 in

932 1802 1148 1862 Artur
1180 1803 1498 1863 Schnitzler

1684 1815 1735 1875 der
1770 1819 1996 1879 Szenenfolge
2026 1817 2251 1877 „Reigen“
2286 1816 2343 1876 zur
2380 1813 2535 1873 überper¬

1684 1863 1831 1923 sönlichen
1864 1861 2037 1921 Formung
2070 1859 2202 1919 weiter.
2218 1858 2323 1918 Wenn
2356 1858 2408 1918 der
2435 1859 2535 1919 Leut¬

898 1859 999 1919 Artur
1032 1861 1205 1921 Schnitzler
1238 1861 1283 1921 ist
1315 1861 1488 1921 Mittwoch
1527 1859 1648 1919 abends

1687 1906 1785 1966 nant,
1811 1905 1869 1965 vor
1899 1903 1953 1963 die
1983 1903 2254 1963 Notwendigkeit
2289 1901 2377 1961 eines
2412 1903 2530 1963 Duells

811 1903 834 1963 in
876 1905 987 1965 Wien,
1012 1903 1070 1963 fast
1100 1903 1205 1963 siebzig
1242 1903 1347 1963 Jahre
1384 1903 1448 1963 alt,
1472 1903 1630 1963 gestorben

1684 1948 1822 2008 gestellt,
1843 1948 1896 2008 sich
1939 1947 1970 2007 in
2029 1945 2289 2005 wimmernder,
2332 1945 2533 2005 triebhafter

801 1945 856 2005 der
885 1948 1012 2008 Dichter
1041 1945 1096 2005 der
1147 1948 1331 2008 sterbenden
1392 1948 1637 2008 „Kaiserstadt“

803 1990 858 2050 des
886 1989 1073 2049 sterbenden
1107 1989 1299 2049 Oesterreich
1333 1990 1371 2050 ist
1400 1990 1454 2050 dem
1521 1990 1653 2050 Gegen=
1681 1990 1786 2050 Angst
1814 1990 1951 2050 auflöst,
1975 1990 2062 2050 wenn
2096 1989 2145 2049 der
2173 1987 2449 2047 Geschlechtstrieb
2483 1987 2532 2047 sich

803 2031 889 2091 stand
916 2031 1019 2091 seines
1046 2031 1197 2091 Sinnens
1230 2032 1289 2092 und
1322 2032 1495 2092 Schaffens
1528 2033 1555 2093 in
1588 2032 1641 2092 den
1680 2031 1744 2091 wie
1777 2034 1820 2094 ein
1853 2032 1955 2092 Band
1983 2031 2042 2091 von
2075 2031 2204 2091 Mensch
2238 2031 2264 2091 zu
2302 2031 2442 2091 Mensch,
2470 2029 2524 2089 von

1689 2076 1775 2136 Paar
1805 2078 1834 2138 zu
1869 2076 1967 2136 Paar
1991 2076 2141 2136 schlingt,
2159 2074 2188 2134 so
2211 2073 2251 2133 ist
2276 2073 2333 2133 das
2363 2073 2455 2133 mehr
2485 2073 2530 2133 als

802 2074 871 2134 Tod
903 2074 1120 2134 nachgefolgt.
1163 2076 1253 2136 Denn
1307 2076 1412 2136 dies
1466 2076 1539 2136 war
1588 2075 1645 2135 das

805 2118 1030 2178 Eigentlichste
1064 2117 1126 2177 und
1166 2119 1402 2179 Wesentlichste
1437 2119 1470 2179 an
1510 2117 1650 2177 Schnitz=
1686 2121 1984 2181 Einzelgeschehen,
2013 2119 2040 2179 so
2069 2118 2142 2178 lebt
2176 2117 2232 2177 uns
2267 2116 2339 2176 hier
2368 2115 2418 2175 die
2447 2115 2537 2175 Gat¬

801 2163 870 2223 ler:
898 2162 951 2222 daß
989 2162 1037 2222 er,
1060 2160 1184 2220 nervös
1217 2162 1275 2222 und
1330 2163 1497 2223 feinhörig
1552 2161 1648 2221 gleich
1682 2163 1762 2223 tung
1806 2163 2000 2223 „moderner
2033 2162 2178 2222 Mensch“
2216 2160 2319 2220 etwas
2357 2159 2540 2219 Typisches,

1688 2205 1745 2265 fast
1773 2208 1946 2268 allgemein
1978 2205 2137 2265 Gültiges
2169 2203 2242 2263 vor,
2269 2203 2321 2263 das
2359 2202 2448 2262 durch
2480 2202 2527 2262 die

800 2208 885 2268 allen
921 2206 1240 2266 überkultivierten,
1265 2206 1295 2266 in
1331 2205 1421 2265 ihrer
1453 2206 1654 2266 elementar¬

799 2247 927 2307 vitalen
964 2249 1066 2309 Kraft
1092 2249 1308 2309 gebrochenen
1345 2247 1478 2307 Juden,
1504 2245 1550 2305 die
1587 2244 1653 2304 To=
1679 2248 1818 2308 Wiener
1849 2248 2060 2308 Klangfarbe
2091 2246 2152 2306 nur
2184 2246 2255 2306 eine
2282 2246 2436 2306 reizvolle
2467 2241 2534 2301 Be¬

800 2291 1027 2351 deszuckungen
1065 2291 1121 2351 der
1153 2291 1329 2351 altwiener
1360 2288 1562 2348 Gesellschaft

1684 2294 1864 2354 sonderheit
1901 2291 2030 2351 erhält.
2077 2290 2283 2350 Dergleichen
2346 2289 2532 2349 Charakter

1683 2336 1796 2396 eignet
1823 2335 2001 2395 Schnitzers
2045 2333 2190 2393 stärkstem
2256 2332 2407 2392 Drama,
2456 2333 2515 2393 dem

798 2334 858 2394 das
919 2333 1299 2393 unterirdisch=geheime
1376 2333 1512 2393 Grollen

2007 2375 2306 2435 Revolutionsbild

2411 2376 2529 2436 „Der

795 2379 966 2439 nahenden
1013 2376 1246 2436 Unterganges
1288 2378 1399 2438 hörte,
1445 2378 1541 2438 indes

1685 2378 1892 2438 genialischen

1678 2423 1828 2483 grüne
1864 2418 2101 2478 Kakadu";
2125 2418 2217 2478 wenn
2259 2417 2305 2477 sich
2340 2417 2409 2477 hier
2462 2417 2536 2477 ent¬

803 2423 872 2483 noch
906 2422 986 2482 alles
1019 2420 1046 2480 im
1095 2420 1219 2480 leichten
1258 2423 1463 2483 Tanzschritt
1512 2423 1544 2483 zu

1685 2464 1795 2524 nervte
1828 2462 2033 2522 französische
2066 2459 2204 2519 Adelige
2238 2459 2276 2519 am
2343 2459 2531 2519 Gasthaus¬

802 2467 931 2527 wegen,
957 2463 1035 2523 alles
1066 2462 1122 2522 von
1159 2464 1294 2524 Anmut
1330 2463 1407 2523 und
1460 2464 1656 2524 Ueppigkeit

1686 2509 1761 2569 spiel
1795 2506 1886 2566 einer
1919 2506 2113 2566 Empörung
2152 2503 2362 2563 berauschen,
2390 2500 2438 2560 bis
2482 2503 2530 2563 die

800 2515 831 2575 zu
868 2509 1075 2569 überquellen
1112 2507 1225 2567 schien.

887 2551 978 2611 Diese
1014 2550 1204 2610 Spannung
1251 2551 1395 2611 zwischen
1453 2548 1649 2608 Oberfläche
1685 2550 1845 2610 Komödie
1881 2549 2106 2609 unversehens
2141 2545 2169 2605 in
2211 2546 2337 2606 blutige
2367 2542 2534 2602 Wirklich¬

1686 2593 1747 2653 keit
1769 2593 1965 2653 umschlägt,
1986 2591 2131 2651 enthüllt
2158 2588 2203 2648 sich
2235 2587 2291 2647 vor
2318 2589 2380 2649 uns
2411 2589 2530 2649 ewiges

794 2596 859 2656 und
895 2594 980 2654 Kern
1017 2593 1204 2653 bestimmte
1256 2593 1448 2653 Schnitzlers
1505 2590 1646 2650 Themen

802 2638 863 2698 und
905 2635 1121 2695 künstlerische
1173 2634 1296 2694 Form.
1338 2636 1476 2696 Immer
1528 2633 1652 2693 wieder
1688 2634 1837 2694 Klassen=
1869 2633 1935 2693 und
1972 2632 2224 2692 Standeswesen
2266 2631 2327 2691 und
2364 2632 2415 2692 der
2446 2630 2538 2690 Dra¬

800 2680 916 2740 lauert
943 2679 1047 2739 hinter
1074 2679 1179 2739 seinen
1217 2676 1401 2736 Gestalten,
1423 2677 1475 2737 die
1502 2678 1528 2738 so
1560 2676 1655 2736 leicht
1687 2676 1824 2736 matiker
1861 2676 1940 2736 wird
1983 2676 2035 2736 zum
2083 2673 2425 2733 Gesellschaftsrichter

1770 2716 1843 2776 Erst
1872 2720 1929 2780 mit
1958 2718 2053 2778 dieser
2083 2718 2258 2778 Fähigkeit
2281 2718 2371 2778 hatte
2401 2718 2535 2778 Schnitz¬

801 2725 865 2785 und
898 2724 963 2784 frei
990 2722 1260 2782 dahinzugleiten
1299 2721 1455 2781 scheinen,
1483 2721 1537 2781 der
1575 2718 1640 2778 Tod

797 2769 920 2829 immer
951 2765 1069 2825 wieder
1100 2763 1182 2823 wird
1219 2763 1316 2823 unter
1347 2764 1450 2824 seinen
1507 2763 1646 2823 Händen
1682 2762 1733 2822 ler
1759 2763 1810 2823 die
1836 2762 2058 2822 Meisterhöhe
2089 2759 2258 2819 erstiegen,
2280 2760 2387 2820 fortab
2418 2760 2521 2820 waren

801 2810 859 2870 das
898 2808 1043 2868 Robuste
1076 2806 1140 2866 und
1173 2808 1345 2868 Wirkliche
1378 2807 1491 2867 seltsam
1546 2805 1653 2865 durch=
1686 2805 1717 2865 in
1745 2807 1798 2867 ihm
1837 2806 1890 2866 der
1918 2806 2176 2866 Seelendeuter,
2193 2803 2247 2863 der
2269 2802 2300 2862 in
2328 2802 2376 2862 die
2404 2801 2522 2861 tiefsten

799 2853 982 2913 scheinend,
1010 2850 1057 2910 als
1090 2848 1198 2908 wären
1242 2849 1409 2909 Menschen
1447 2849 1506 2909 und
1545 2849 1652 2909 Dinge
1685 2850 1868 2910 Abgründe
1901 2849 1954 2909 des
1987 2846 2289 2906 Unterbewußten,
2317 2844 2343 2904 in
2382 2844 2430 2904 die
2463 2844 2537 2904 selt¬

1890 2891 2123 2951 Verirrungen
2175 2891 2232 2951 des
2279 2889 2418 2949 Triebes
2471 2886 2533 2946 mit

804 2897 867 2957 nur
894 2896 962 2956 noch
994 2893 1252 2953 Marionetten,
1274 2894 1405 2954 gelenkt
1432 2894 1489 2954 von
1543 2890 1637 2950 einem
1685 2894 1816 2954 samsten

799 2940 935 3000 harten,
957 2938 1199 2998 gleichgültigen
1236 2935 1400 2995 Schicksal.
1416 2936 1463 2996 So
1495 2935 1531 2995 ist
1558 2935 1584 2995 es
1616 2935 1647 2995 in
1679 2938 1868 2998 Seherblick
1895 2935 2153 2995 hinableuchtete
2170 2931 2232 2991 und
2254 2931 2301 2991 der
2328 2930 2448 2990 Deuter
2475 2930 2527 2990 des

1686 2979 2008 3039 Menschentreibens
2044 2977 2073 3037 in
2110 2977 2261 3037 Familie
2291 2974 2357 3034 und
2408 2972 2533 3032 Gesell¬

799 2984 904 3044 seiner
937 2981 1031 3041 ersten
1074 2981 1292 3041 wehmütigen
1335 2980 1472 3040 Novelle
1510 2978 1658 3038 „Ster¬

1688 3022 1777 3082 schaft
1805 3023 1968 3083 unlösbar
2001 3021 2207 3081 verbunden.
2229 3017 2340 3077 Dieser
2367 3017 2531 3077 zweifache

797 3026 926 3086 ben“,
949 3025 975 3085 so
1008 3022 1040 3082 in
1073 3020 1126 3080 den
1165 3023 1288 3083 Szenen
1327 3023 1386 3083 des
1419 3023 1656 3083 „Anatol“,

803 3070 846 3130 wo
891 3064 1166 3124 gesellschaftliche
1217 3064 1536 3124 Belanglosigkeiten
1597 3062 1646 3122 sich
1686 3066 1813 3126 Gehalt
1841 3066 1912 3126 läßt
1946 3065 2006 3125 uns
2045 3063 2121 3123 über
2155 3060 2281 3120 Werken
2326 3060 2381 3120 wie
2420 3060 2524 3120 „Da¬

2056 3104 2249 3164 „Professor
2301 3103 2533 3163 Bernhardi“,

801 3116 854 3176 zum
903 3111 1103 3171 furchtbaren
1142 3110 1249 3170 Nichts
1283 3107 1336 3167 des
1369 3110 1482 3170 Endes
1515 3108 1656 3168 verdich=
1683 3109 1829 3169 weite
1862 3107 2002 3167 Land“

1692 3154 1938 3214 „Fräulein
1981 3148 2124 3208 Else",
2161 3148 2371 3208 „Casanovas
2414 3146 2528 3206 Heim-

799 3158 874 3218 ten,
902 3155 929 3215 so
962 3155 994 3215 im
1037 3152 1162 3212 Drama
1222 3152 1509 3212 „Liebelei“,
1553 3149 1650 3209 dessen

801 3197 1091 3257 kleinbürgerliche
1135 3197 1253 3257 Heldin
1313 3194 1355 3254 am
1427 3194 1642 3254 begehrlichen
1686 3193 1777 3253 kehr“
1815 3195 1874 3255 und
1918 3193 2149 3253 „Therese“
2188 3190 2306 3250 immer
2344 3190 2457 3250 wieder
2495 3190 2522 3250 in

801 3242 902 3302 Spiel
930 3239 978 3299 des
1011 3237 1264 3297 Bürgersohnes
1292 3238 1464 3298 zerbricht.
1487 3238 1562 3298 Wie
1589 3237 1653 3297 die=
1681 3238 1881 3298 Nachsinnen
1930 3237 2107 3297 verfallen,
2140 3234 2172 3294 er
2205 3233 2270 3293 erst
2303 3234 2421 3294 macht,
2470 3235 2523 3295 daß

799 3287 843 3347 ses
879 3282 1050 3342 Geschehen
1091 3282 1312 3342 unversehens
1352 3280 1594 3340 daherkommt,
1619 3281 1649 3341 so
1685 3281 1749 3341 wir
1780 3281 1815 3341 an
1851 3281 1951 3341 diesen
1987 3278 2188 3338 Dichtungen
2224 3276 2405 3336 jedesmal,
2425 3276 2450 3336 so
2486 3274 2535 3334 oft

1685 3324 1744 3384 wir
1774 3325 1812 3385 sie
1838 3324 1892 3384 zur
1917 3323 2010 3383 Hand
2040 3321 2192 3381 nehmen,
2217 3319 2295 3379 neue
2320 3319 2536 3379 Feinheiten,

799 3329 838 3389 ist
869 3326 940 3386 auch
970 3324 1020 3384 die
1052 3323 1193 3383 Sprache
1224 3325 1289 3385 frei
1315 3323 1370 3383 von
1406 3324 1496 3384 jedem
1542 3322 1653 3382 harten

799 3371 875 3431 oder
912 3369 1030 3429 grellen
1071 3369 1174 3429 Laut,
1226 3369 1323 3429 mild,
1376 3366 1648 3426 einschmeichelnd
1689 3366 1766 3426 neue
1802 3366 1962 3426 Einblicke
1993 3365 2168 3425 entdecken.
2194 3363 2271 3423 Man
2312 3363 2379 3423 muß
2415 3363 2461 3423 sich
2492 3359 2523 3419 in

800 3416 863 3476 und
895 3413 963 3473 doch
990 3410 1048 3470 von
1086 3411 1307 3471 verborgener
1339 3411 1456 3471 Kraft,
1477 3410 1503 3470 so
1535 3409 1577 3469 ist
1604 3409 1651 3469 die
1679 3413 1858 3473 Schnitzler
1895 3409 2048 3469 vertiefen
2091 3406 2233 3466 können,
2261 3405 2297 3465 um
2345 3407 2371 3467 in
2430 3405 2529 3465 dieser

1686 3456 1799 3516 leisen,
1827 3453 2107 3513 zurückhaltenden
2172 3450 2280 3510 Kunst
2329 3447 2388 3507 das
2443 3450 2523 3510 Herz

806 3457 1012 3517 Psychologie
1045 3453 1150 3513 voller
1177 3455 1373 3515 Feinheiten
1411 3454 1473 3514 und
1528 3453 1643 3513 Tiefen

800 3500 861 3560 wie
893 3499 949 3559 aus
980 3497 1031 3557 dem
1073 3496 1289 3556 Handgelenk
1316 3498 1449 3558 gegeben
1486 3494 1548 3554 und
1579 3494 1646 3554 doch
1687 3497 1821 3557 unserer
1853 3494 2058 3554 Gegenwart
2090 3492 2198 3552 pochen
2240 3491 2270 3551 zu
2307 3489 2425 3549 hörcn,
2456 3491 2528 3551 aber

797 3542 858 3602 von
920 3540 1137 3600 unerhörter,
1184 3540 1477 3600 unentrinnbarer
1539 3539 1658 3599 Treff=
1679 3539 1720 3599 es
1746 3541 1833 3601 pocht
1865 3539 1890 3599 in
1927 3538 1998 3598 ihr:
2019 3536 2071 3596 die
2097 3536 2287 3596 abtretende
2314 3536 2535 3596 Generation,

1683 3584 1736 3644 die
1769 3584 1958 3644 abtretende
2012 3581 2120 3641 Klasse
2174 3580 2260 3640 singt
2310 3578 2379 3638 hier
2428 3579 2520 3639 ihren

805 3581 985 3641 sicherheit.

892 3629 980 3689 Aber
1008 3624 1062 3684 bei
1090 3623 1195 3683 dieser
1223 3626 1466 3686 individuellen
1527 3622 1653 3682 Gestal=
1682 3626 2013 3686 Schwanengesang,
2036 3623 2145 3683 einer,
2168 3623 2222 3683 der
2256 3621 2284 3681 zu
2323 3622 2372 3682 ihr
2406 3623 2532 3683 gehört,

1686 3668 1759 3728 aber
1792 3669 1828 3729 sie
1856 3667 2019 3727 todesreif
2042 3667 2141 3727 weiß,
2163 3669 2316 3729 übergibt
2365 3664 2428 3724 uns
2476 3662 2529 3722 ihr

799 3673 877 3733 tung
912 3669 966 3729 des
996 3667 1242 3727 Gegenstandes
1277 3668 1396 3728 „Wien
1431 3667 1494 3727 und
1529 3667 1656 3727 Oester¬

806 3715 880 3775 reich
904 3714 933 3774 in
962 3711 1049 3771 ihrer
1079 3709 1281 3769 Auflösung“
1317 3709 1352 3769 ist
1376 3709 1549 3769 Schnitzler
1573 3708 1659 3768 nicht
1689 3712 1897 3772 Testament.

811 3760 909 3820 stehen
944 3757 1135 3817 geblieben,
1176 3756 1216 3816 er
1262 3755 1372 3815 schritt
1419 3756 1453 3816 in
1512 3754 1661 3814 „Frei¬
