3392 4352
209 281 287 341 2.

355 276 772 336 Schnitzle

939 293 1197 353 Deat

898 681 1123 741 25.0KT.
1143 671 1245 731 1037

343 810 406 870 Der
433 815 554 875 Dichter
581 820 687 880 Artur
714 828 883 888 Schnitzler
910 838 1095 898 gestorben.
1112 842 1153 902 In
1186 845 1275 905 Wien
1308 851 1339 911 ist
1361 852 1397 912 am

251 849 302 909 21.
324 851 359 911 d.
381 854 396 914 M
465 858 516 918 der
548 865 673 925 Dichter
710 871 809 931 Artur
841 881 1091 941 Schnitzler
1124 885 1144 945 im
1191 889 1248 949 70.
1270 895 1421 955 Lebens¬

259 894 343 954 jahre
373 900 555 960 gestorben.
600 912 777 972 Schnitzler
827 918 895 978 war
945 922 989 982 ein
1034 927 1186 987 jüdischer
1216 938 1310 998 Arzt,
1350 939 1408 999 sein

259 939 432 999 Schrifttum
481 948 630 1008 bewegte
664 950 711 1010 sich
750 956 774 1016 in
813 960 948 1020 bewußt
977 969 1121 1029 gesetzten
1160 976 1324 1036 Bahnen.
1367 980 1410 1040 In

257 983 467 1043 Erinnerung
502 989 541 1049 ist
566 991 619 1051 der
654 998 776 1058 Kampf
806 1001 840 1061 um
890 1005 943 1065 sein
983 1014 1198 1074 Theaterstück
1233 1025 1418 1085 „Reigen“,

251 1024 339 1084 einer
369 1030 472 1090 Folge
502 1034 555 1094 von
590 1040 757 1100 sinnlichen
792 1047 939 1107 Szenen,
965 1054 1053 1114 deren
1088 1061 1299 1121 Aufführung
1329 1069 1417 1129 stür¬

252 1069 374 1129 mischem
425 1079 646 1139 Widerspruch
691 1087 744 1147 der
780 1093 986 1153 anständigen
1026 1102 1257 1162 Bevölkerung
1292 1112 1414 1172 begeg¬

265 1115 339 1175 dan
378 1120 433 1180 und
472 1124 499 1184 de
530 1127 708 1187 aaltehen
747 1136 1030 1196 Nresarlandaen
1061 1147 1182 1207 Analt
1202 1153 1286 1213 ad.

620 1339 754 1399 Tiroler
772 1344 1058 1404 Sonntagstlatt,

753 1557 843 1617 25.
856 1557 912 1617 0K

349 1638 467 1698 Arthur
495 1643 678 1703 Schnitzler
717 1648 754 1708 F.
782 1649 825 1709 Am
874 1652 933 1712 21.
955 1655 992 1715 d.
1020 1659 1079 1719 M.
1112 1664 1237 1724 abends
1270 1667 1426 1727 verschied

253 1682 307 1742 der
340 1687 463 1747 Dichter
496 1692 626 1752 Arthur
654 1698 826 1758 Schnitzler
854 1704 989 1764 plötzlich
1022 1710 1140 1770 infolge
1174 1713 1259 1773 eines
1292 1717 1411 1777 Schlag

255 1734 420 1794 anfalles.
441 1739 510 1799 Für
541 1740 636 1800 weite
667 1744 772 1804 Kreise
803 1749 853 1809 kam
899 1752 948 1812 die
979 1758 1145 1818 Nachrscht
1175 1762 1230 1822 vom
1281 1765 1421 1825 Ableben

257 1784 443 1844 Schnitzlers
484 1791 741 1851 überraschend,
778 1796 858 1856 seine
899 1803 1085 1863 Bekannten
1132 1809 1262 1869 wußten
1309 1815 1434 1875 jedoch,

247 1829 310 1889 daß
345 1833 399 1893 der
434 1837 561 1897 Dichter
596 1840 650 1900 seit
680 1845 842 1905 mehreren
882 1851 1004 1911 Jahren
1039 1855 1078 1915 an
1118 1861 1417 1921 Herzbeschwerden

250 1882 304 1942 litt
335 1883 395 1943 und
441 1886 500 1946 daß
536 1888 586 1948 sich
627 1890 686 1950 sein
732 1896 873 1956 Zustand
914 1901 969 1961 seit
1004 1904 1059 1964 dem
1110 1909 1280 1969 tragischen
1326 1913 1416 1973 Tode

249 1930 347 1990 seiner
382 1933 519 1993 Tochter
559 1938 676 1998 immer
711 1943 961 2003 verschlimmert
991 1953 1093 2013 hatte.
1128 1960 1270 2020 Leichten
1310 1962 1408 2022 Besse

245 1980 365 2040 rungen
401 1986 521 2046 folgten
561 1989 676 2049 immer
712 1992 827 2052 wieder
858 2001 1037 2061 Rückfälle.

783 2589 808 2649 —

430 2617 1142 2677 OBSINVER

519 2664 537 2724 l.
551 2664 676 2724 österr.
686 2670 839 2730 behördl.
853 2675 1154 2735 konzessioniertes

466 2706 706 2766 Unternehmen
737 2709 781 2769 für
808 2715 1195 2775 Zeitungs-Ausschnitte

519 2763 673 2823 WIEN,
700 2771 746 2831 I.,
774 2776 1062 2836 WOLLZEILE
1103 2780 1149 2840 11

618 2822 835 2882 TELEPHON
867 2825 1042 2885 R-23-0-43

411 2959 637 3019 Ausschnitt
665 2963 758 3023 aus:

839 3039 862 3099 a.
881 3031 951 3091 FNEIE
975 3023 1051 3083 DUNCE

824 3115 842 3175 2
873 3118 930 3178 5.
951 3118 1078 3178 0KT.
1098 3121 1204 3181 1937

407 3183 527 3243 vom:

591 3332 760 3392 Arthur
789 3326 1005 3386 Schnitzler
1053 3320 1109 3380 F.

324 3407 392 3467 Kv.
425 3404 545 3464 Wien,
583 3400 635 3460 21.
673 3398 846 3458 Oktober.
879 3392 952 3452 Der
990 3383 1248 3443 österreichische
1291 3375 1428 3435 Dichter

262 3451 367 3511 Artur
398 3446 665 3506 Schnitzler
696 3443 736 3503 ist
757 3440 858 3500 heute
889 3432 1090 3492 nachmittag
1122 3430 1151 3490 im
1197 3425 1257 3485 70.
1279 3420 1434 3480 Lebens¬

260 3497 354 3557 jahre
380 3492 580 3552 gestorben.
601 3487 786 3547 Schnitzler
822 3481 893 3541 war
923 3476 1124 3536 gebürtiger
1154 3468 1315 3528 Wiener,
1340 3462 1430 3522 halte

260 3538 416 3598 Medizin
462 3533 614 3593 studiert
660 3529 731 3589 und
777 3525 827 3585 die
864 3521 1040 3581 Laufbahn
1097 3515 1193 3575 eines
1234 3507 1431 3567 praktischen

259 3582 384 3642 Arztes
430 3577 706 3637 eingeschlagen,
742 3571 791 3631 sich
837 3566 918 3626 aber
959 3562 1044 3622 dann
1090 3555 1346 3615 ausschließlich
1381 3548 1436 3608 der

263 3625 434 3685 Dichtung
493 3619 698 3679 gewidmet.
748 3612 825 3672 Mit
870 3610 928 3670 den
993 3601 1232 3661 dramatischen
1296 3595 1428 3655 Szenen

267 3669 437 3729 „Anatol“
468 3666 558 3726 schuf
584 3663 634 3723 sich
669 3659 860 3719 Schnitzler
891 3652 946 3712 als
977 3646 1163 3706 Vertreter
1203 3640 1258 3700 des
1304 3638 1434 3698 lungen

268 3713 362 3773 Wien
398 3709 508 3769 seinen
549 3706 709 3766 Namen.
745 3701 790 3761 Er
836 3697 911 3757 war
942 3689 1293 3749 impressionistischer
1324 3680 1444 3740 Stim¬

269 3754 577 3814 mungskünstler,
613 3745 821 3805 Psychologe
867 3741 937 3801 und
984 3736 1145 3796 spezifisch
1196 3725 1449 3785 Wienerischer

273 3798 620 3858 Milieudramatiker
650 3792 714 3852 von
749 3786 886 3846 welchem
930 3780 1107 3840 erotischen
1137 3773 1356 3833 Grundzug.
1377 3766 1444 3826 Die

270 3843 404 3903 größten
440 3840 590 3900 Erfolge
616 3837 735 3897 waren
772 3828 978 3888 „Liebelei“,
1004 3824 1097 3884 „Der
1123 3817 1237 3877 grüne
1268 3812 1433 3872 Kakadu“

278 3889 360 3949 „Der
392 3888 501 3948 sunge
533 3880 777 3940 Medardus".
814 3871 881 3931 Als
912 3868 1083 3928 Erzähler
1115 3865 1156 3925 ist
1183 3861 1375 3921 Schnitzler
1417 3855 1442 3915 in

275 3932 404 3992 Roman
441 3930 508 3990 und
540 3926 690 3986 Novelle
717 3922 778 3982 tief
805 3920 872 3980 und
904 3916 1038 3976 graziös
1075 3909 1241 3969 zugleich.

1459 279 1582 339 box
1661 285 1846 345 43/5

1908 1354 2626 1414 OBSERVER

1995 1398 2018 1458 I.
2032 1401 2151 1461 österr.
2166 1407 2313 1467 behördl.
2328 1414 2632 1474 konzessioniertes

1946 1443 2185 1503 Unternehmen
2213 1447 2259 1507 für
2287 1456 2679 1516 Zeitungs-Ausschnitte

1993 1503 2143 1563 WIEN,
2171 1509 2218 1569 I.,
2246 1515 2525 1575 WOLLZEILE
2574 1522 2621 1582 11

2094 1560 2310 1620 TELEPHON
2348 1565 2521 1625 R-23-0-43

1890 1694 2114 1754 Ausschnitt
2131 1703 2222 1763 aus:
2240 1704 2415 1764 Leobener
2432 1685 2664 1745 Sonntagsyor

2146 1795 2384 1855 S.UKI.

2096 1941 2247 2001 Artur
2280 1947 2518 2007 Schnitzler

2014 2011 2315 2071 unerwartet
2348 2019 2577 2079 gestorben

1923 2067 1992 2127 Amt
2016 2071 2077 2131 21.
2101 2073 2138 2133 d.
2163 2076 2239 2136 M.,
2263 2079 2301 2139 um
2348 2081 2401 2141 ½7
2433 2085 2502 2145 Uhr
2533 2088 2656 2148 abends
2696 2089 2733 2149 ist

1877 2115 1896 2175 in
1948 2120 2049 2180 seiner
2096 2126 2287 2186 Döblinger
2334 2132 2429 2192 Villa
2487 2133 2564 2193 Dr.
2616 2138 2731 2198 Artur

1864 2170 2119 2230 Schnitzler
2171 2177 2381 2237 unerwartet
2433 2181 2522 2241 einer
2574 2186 2733 2246 Gehirn¬

1865 2218 2013 2278 blutung
2044 2222 2198 2282 erlegen.
2223 2227 2290 2287 Der
2329 2231 2396 2291 Tod
2427 2232 2501 2292 Dr.
2526 2237 2729 2297 Schnitzlers

1863 2267 1920 2327 kam
1993 2272 2090 2332 selbst
2150 2276 2254 2336 seiner
2307 2281 2457 2341 nächsten
2523 2288 2724 2348 Umgebung

1862 2321 2123 2381 überraschend.
2144 2327 2251 2387 Wohl
2272 2331 2385 2391 klagte
2406 2333 2439 2393 er
2466 2334 2493 2394 in
2527 2336 2587 2396 den
2622 2340 2728 2400 letzten

1870 2368 1997 2428 Jahren
2061 2373 2137 2433 über
2195 2379 2419 2439 verschiedene
2471 2386 2732 2446 Beschwerden.

1862 2418 1952 2478 Doch
2005 2422 2077 2482 war
2130 2424 2162 2484 er
2215 2427 2266 2487 nie
2300 2431 2397 2491 krank
2424 2433 2456 2493 im
2509 2440 2718 2500 eigentlichen

1861 2470 1974 2530 Sinne
2006 2473 2074 2533 und
2113 2477 2226 2537 mußté
2258 2480 2333 2540 auch
2365 2482 2421 2542 nie
2453 2484 2484 2544 in
2522 2489 2578 2549 der
2610 2489 2717 2549 letzten

1859 2520 1936 2580 Zeit
1970 2521 2028 2581 das
2061 2524 2146 2584 Bett
2179 2528 2297 2588 hüten.
2343 2532 2571 2592 Vormittags
2611 2538 2728 2598 unter¬

1857 2571 1946 2631 nahm
1996 2574 2182 2634 Schnitzler
2225 2577 2314 2637 einen
2357 2586 2627 2646 Spaziergang,
2663 2589 2717 2649 von

1856 2618 1914 2678 dem
1960 2621 1992 2681 er
2026 2625 2123 2685 gegen
2163 2626 2202 2686 11
2235 2628 2307 2688 Uhr
2340 2632 2418 2692 nach
2451 2635 2562 2695 Hause
2595 2640 2725 2700 zurück¬

1850 2670 1976 2730 kehrte.
2007 2676 2097 2736 Kurz
2134 2679 2267 2739 darauf
2298 2682 2412 2742 wurde
2449 2683 2484 2743 er
2522 2690 2721 2750 bewußtlos

1852 2721 1895 2781 am
1940 2723 2058 2783 Boden
2096 2726 2227 2786 liegend
2265 2729 2290 2789 in
2335 2732 2434 2792 seinem
2492 2738 2722 2798 Arbeitszim¬

1852 2771 1920 2831 mer
1962 2777 2187 2837 aufgefunden
2229 2780 2298 2840 und
2333 2783 2449 2843 wurde
2485 2785 2519 2845 im
2566 2789 2727 2849 bewußt¬

1845 2819 1928 2879 losen
1970 2825 2148 2885 Zustande
2184 2830 2214 2890 zu
2256 2831 2345 2891 Bett
2376 2835 2554 2895 gebracht.
2584 2840 2720 2900 Doktor

1843 2873 2036 2933 Schnitzler
2069 2876 2126 2936 hat
2153 2877 2204 2937 bis
2237 2880 2294 2940 zum
2340 2885 2494 2945 Eintritt
2521 2888 2571 2948 des
2605 2891 2720 2951 Todes

1848 2921 1907 2981 das
1944 2927 2161 2987 Bewußtsein
2204 2929 2288 2989 nicht
2325 2932 2415 2992 mehr
2452 2937 2609 2997 erlangt.
2652 2939 2699 2999 Um

1849 2969 1902 3029 ¼7
1938 2973 2014 3033 Uhr
2050 2977 2174 3037 abends
2216 2980 2286 3040 trat
2322 2985 2587 3045 Atemlähmung
2647 2989 2694 3049 ein

1848 3020 1895 3080 An
1931 3022 2037 3082 seinem
2085 3028 2345 3088 Krankenlager
2375 3034 2487 3094 weilte
2511 3038 2575 3098 sein
2612 3040 2717 3100 sofort

1842 3072 2020 3132 berufener
2099 3079 2241 3139 Bruder
2307 3088 2717 3148 Universitätsprofessor

1847 3124 1969 3184 Hofrat
2007 3126 2217 3186 Primarius
2254 3129 2328 3189 Dr.
2359 3135 2489 3195 Julius
2526 3140 2710 3200 Schnitzler

1842 3174 1907 3234 und
1944 3174 1991 3234 die
2028 3177 2166 3237 übrigen
2203 3179 2233 3239 in
2269 3181 2359 3241 Wien
2402 3186 2582 3246 weilenden
2619 3190 2691 3250 Ver

1837 3222 2021 3282 wandten.
2071 3228 2163 3288 Noch
2201 3231 2237 3291 am
2305 3232 2415 3292 Abend
2460 3237 2576 3297 wurde
2614 3241 2705 3301 durch

1839 3273 1927 3333 einen
1964 3276 2153 3336 Amtsarzt
2177 3282 2230 3342 die
2254 3284 2603 3344 Leichenbeschauung
2633 3291 2715 3351 vor¬

1842 3323 2033 3383 genommen
2077 3328 2269 3388 Vorläufig
2306 3332 2374 3392 sind
2406 3335 2480 3395 noch
2511 3338 2597 3398 keine
2629 3338 2715 3398 Dis¬

1840 3374 2022 3434 positionen
2066 3377 2147 3437 über
2185 3377 2236 3437 die
2268 3383 2493 3443 Leichenfeier
2525 3389 2713 3449 getroffen.

1843 3422 1924 3482 Man
1970 3425 2051 3485 will
2083 3426 2134 3486 die
2172 3431 2330 3491 Ankunft
2363 3434 2470 3494 seines
2509 3437 2539 3497 in
2584 3440 2704 3500 Berlin

1830 3472 2005 3532 weilenden
2054 3476 2218 3536 Sohnes,
2249 3482 2309 3542 der
2346 3483 2454 3543 sofort
2492 3487 2552 3547 vom
2607 3489 2703 3549 Tode

1834 3519 1891 3579 des
1925 3523 2061 3583 Vaters
2100 3529 2315 3589 verständigt
2348 3535 2484 3595 wurde,
2511 3535 2705 3595 abwarten.
