<?xml version="1.0" encoding="UTF-8" standalone="yes"?>
<PcGts xmlns="http://schema.primaresearch.org/PAGE/gts/pagecontent/2013-07-15" xmlns:xsi="http://www.w3.org/2001/XMLSchema-instance" xsi:schemaLocation="http://schema.primaresearch.org/PAGE/gts/pagecontent/2013-07-15 http://schema.primaresearch.org/PAGE/gts/pagecontent/2013-07-15/pagecontent.xsd">
    <Metadata>
        <Creator>prov=READ-COOP:name=PyLaia@TranskribusPlatform:version=2.12.1:model_id=39995:lm=none:date=09_04_2024_22:49</Creator>
        <Created>2019-10-07T20:38:17.775+02:00</Created>
        <LastChange>2024-04-09T22:49:54.099+02:00</LastChange>
        <TranskribusMetadata docId="224459" pageId="9581345" pageNr="227" tsid="157630004" status="IN_PROGRESS" userId="64420" imgUrl="https://files.transkribus.eu/Get?id=JCARRLEFZYGKKBXYEMHFLWTJ&amp;fileType=view" xmlUrl="https://files.transkribus.eu/Get?id=RGFIMJQOLPDBHAWCYUCHZFVI" imageId="6208933"/>
    </Metadata>
    <Page imageFilename="224459_0227.jpeg" imageWidth="3392" imageHeight="4352">
        <ReadingOrder>
            <OrderedGroup id="ro_1712938086305" caption="Regions reading order">
                <RegionRefIndexed index="0" regionRef="tr_1"/>
            </OrderedGroup>
        </ReadingOrder>
        <TextRegion orientation="0.0" id="tr_1" custom="readingOrder {index:0;}">
            <Coords points="358,380 358,4299 2913,4299 2913,380"/>
            <TextLine id="tr_1_tl_1" custom="readingOrder {index:0;}">
                <Coords points="344,437 601,439 681,471 740,439 1262,442 1262,361 1184,347 1130,376 1074,347 796,374 747,339 696,369 344,342"/>
                <Baseline points="358,402 403,411 449,411 494,411 540,411 585,411 631,411 676,411 722,411 767,411 813,410 858,407 904,406 949,411 995,411 1040,412 1086,415 1131,418 1177,421 1222,423 1268,429"/>
                <Word id="tr_1_tl_1_w1" custom="readingOrder {index:0;}">
                    <Coords points="353,371 353,431 938,431 938,371"/>
                    <TextEquiv>
                        <Unicode>Schnitzler's</Unicode>
                    </TextEquiv>
                </Word>
                <Word id="tr_1_tl_1_w2" custom="readingOrder {index:1;}">
                    <Coords points="1007,377 1007,437 1230,437 1230,377"/>
                    <TextEquiv>
                        <Unicode>Deatl</Unicode>
                    </TextEquiv>
                </Word>
                <TextEquiv>
                    <Unicode>Schnitzler's Deatl</Unicode>
                </TextEquiv>
            </TextLine>
            <TextLine id="tr_1_tl_2" custom="readingOrder {index:1;}">
                <Coords points="1457,439 1562,422 1599,447 1636,437 1660,459 1748,454 1792,430 1882,449 1882,381 1843,361 1728,356 1631,395 1536,349 1457,354"/>
                <Baseline points="1471,417 1496,417 1522,417 1548,419 1574,420 1600,420 1626,420 1652,420 1678,422 1704,423 1730,423 1756,423 1782,423 1808,423 1834,423 1860,423 1886,423"/>
                <Word id="tr_1_tl_2_w1" custom="readingOrder {index:0;}">
                    <Coords points="1462,377 1462,437 1590,437 1590,377"/>
                    <TextEquiv>
                        <Unicode>box</Unicode>
                    </TextEquiv>
                </Word>
                <Word id="tr_1_tl_2_w2" custom="readingOrder {index:1;}">
                    <Coords points="1669,383 1669,443 1852,443 1852,383"/>
                    <TextEquiv>
                        <Unicode>43/2</Unicode>
                    </TextEquiv>
                </Word>
                <TextEquiv>
                    <Unicode>box 43/2</Unicode>
                </TextEquiv>
            </TextLine>
            <TextLine id="tr_1_tl_3" custom="readingOrder {index:2;}">
                <Coords points="583,823 1426,810 1428,718 1328,696 588,735"/>
                <Baseline points="599,799 640,799 682,800 723,802 765,805 806,802 848,797 889,794 931,793 972,793 1014,793 1055,792 1097,791 1138,789 1180,784 1221,780 1263,775 1304,776 1346,773 1387,770 1429,773"/>
                <Word id="tr_1_tl_3_w1" custom="readingOrder {index:0;}">
                    <Coords points="597,753 597,813 1326,813 1326,753"/>
                    <TextEquiv>
                        <Unicode>OBSERVER</Unicode>
                    </TextEquiv>
                </Word>
                <TextEquiv>
                    <Unicode>OBSERVER</Unicode>
                </TextEquiv>
            </TextLine>
            <TextLine id="tr_1_tl_4" custom="readingOrder {index:3;}">
                <Coords points="688,867 1323,847 1323,798 691,823"/>
                <Baseline points="701,859 732,857 763,856 795,856 826,854 857,852 889,850 920,850 951,848 983,846 1014,844 1045,844 1077,844 1108,844 1139,842 1171,840 1202,838 1233,838 1265,836 1296,834 1328,832"/>
                <Word id="tr_1_tl_4_w1" custom="readingOrder {index:0;}">
                    <Coords points="686,819 686,879 711,879 711,819"/>
                    <TextEquiv>
                        <Unicode>I.</Unicode>
                    </TextEquiv>
                </Word>
                <Word id="tr_1_tl_4_w2" custom="readingOrder {index:1;}">
                    <Coords points="725,816 725,876 846,876 846,816"/>
                    <TextEquiv>
                        <Unicode>österr.</Unicode>
                    </TextEquiv>
                </Word>
                <Word id="tr_1_tl_4_w3" custom="readingOrder {index:2;}">
                    <Coords points="855,809 855,869 1006,869 1006,809"/>
                    <TextEquiv>
                        <Unicode>behördl.</Unicode>
                    </TextEquiv>
                </Word>
                <Word id="tr_1_tl_4_w4" custom="readingOrder {index:3;}">
                    <Coords points="1020,799 1020,859 1323,859 1323,799"/>
                    <TextEquiv>
                        <Unicode>konzessioniertes</Unicode>
                    </TextEquiv>
                </Word>
                <TextEquiv>
                    <Unicode>I. österr. behördl. konzessioniertes</Unicode>
                </TextEquiv>
            </TextLine>
            <TextLine id="tr_1_tl_5" custom="readingOrder {index:4;}">
                <Coords points="640,913 1377,901 1360,830 1152,862 642,850"/>
                <Baseline points="653,901 689,897 726,895 762,895 799,895 835,893 872,892 908,891 945,888 981,886 1018,886 1055,886 1091,885 1128,882 1164,880 1201,880 1237,880 1274,878 1310,876 1347,874 1384,874"/>
                <Word id="tr_1_tl_5_w1" custom="readingOrder {index:0;}">
                    <Coords points="642,855 642,915 880,915 880,855"/>
                    <TextEquiv>
                        <Unicode>Unternehmen</Unicode>
                    </TextEquiv>
                </Word>
                <Word id="tr_1_tl_5_w2" custom="readingOrder {index:1;}">
                    <Coords points="911,848 911,908 958,908 958,848"/>
                    <TextEquiv>
                        <Unicode>für</Unicode>
                    </TextEquiv>
                </Word>
                <Word id="tr_1_tl_5_w3" custom="readingOrder {index:2;}">
                    <Coords points="981,840 981,900 1370,900 1370,840"/>
                    <TextEquiv>
                        <Unicode>Zeitungs-Ausschnitte</Unicode>
                    </TextEquiv>
                </Word>
                <TextEquiv>
                    <Unicode>Unternehmen für Zeitungs-Ausschnitte</Unicode>
                </TextEquiv>
            </TextLine>
            <TextLine id="tr_1_tl_6" custom="readingOrder {index:5;}">
                <Coords points="696,972 1328,952 1313,886 1265,906 989,896 850,928 757,903 698,915"/>
                <Baseline points="710,958 741,956 772,954 804,953 835,955 866,955 898,955 929,955 960,948 992,946 1023,946 1054,946 1086,946 1117,946 1148,944 1180,942 1211,941 1242,943 1274,939 1305,937 1337,937"/>
                <Word id="tr_1_tl_6_w1" custom="readingOrder {index:0;}">
                    <Coords points="699,913 699,973 849,973 849,913"/>
                    <TextEquiv>
                        <Unicode>WIEN,</Unicode>
                    </TextEquiv>
                </Word>
                <Word id="tr_1_tl_6_w2" custom="readingOrder {index:1;}">
                    <Coords points="877,915 877,975 922,975 922,915"/>
                    <TextEquiv>
                        <Unicode>I.,</Unicode>
                    </TextEquiv>
                </Word>
                <Word id="tr_1_tl_6_w3" custom="readingOrder {index:2;}">
                    <Coords points="949,906 949,966 1239,966 1239,906"/>
                    <TextEquiv>
                        <Unicode>WOLLZEILE</Unicode>
                    </TextEquiv>
                </Word>
                <Word id="tr_1_tl_6_w4" custom="readingOrder {index:3;}">
                    <Coords points="1286,897 1286,957 1325,957 1325,897"/>
                    <TextEquiv>
                        <Unicode>11</Unicode>
                    </TextEquiv>
                </Word>
                <TextEquiv>
                    <Unicode>WIEN, I., WOLLZEILE 11</Unicode>
                </TextEquiv>
            </TextLine>
            <TextLine id="tr_1_tl_7" custom="readingOrder {index:6;}">
                <Coords points="791,1020 1235,1003 1238,955 1211,950 1184,969 1172,955 1089,967 947,950 915,969 872,957 793,969"/>
                <Baseline points="805,1005 830,1005 856,1005 882,1005 908,1004 934,1002 959,1000 985,998 1011,997 1037,996 1063,996 1089,994 1114,993 1140,993 1166,992 1192,990 1218,989 1244,988"/>
                <Word id="tr_1_tl_7_w1" custom="readingOrder {index:0;}">
                    <Coords points="796,964 796,1024 1013,1024 1013,964"/>
                    <TextEquiv>
                        <Unicode>TELEPHON</Unicode>
                    </TextEquiv>
                </Word>
                <Word id="tr_1_tl_7_w2" custom="readingOrder {index:1;}">
                    <Coords points="1051,953 1051,1013 1225,1013 1225,953"/>
                    <TextEquiv>
                        <Unicode>R-23-0-43</Unicode>
                    </TextEquiv>
                </Word>
                <TextEquiv>
                    <Unicode>TELEPHON R-23-0-43</Unicode>
                </TextEquiv>
            </TextLine>
            <TextLine id="tr_1_tl_8" custom="readingOrder {index:7;}">
                <Coords points="596,1172 676,1169 745,1196 781,1174 808,1184 850,1150 930,1150 933,1086 891,1103 862,1089 840,1106 774,1089 749,1099 708,1091 676,1111 635,1103 596,1123"/>
                <Baseline points="608,1155 633,1154 658,1153 683,1152 709,1152 734,1151 759,1149 785,1149 810,1148 835,1147 861,1145 886,1143 911,1142 937,1140"/>
                <Word id="tr_1_tl_8_w1" custom="readingOrder {index:0;}">
                    <Coords points="604,1111 604,1171 843,1171 843,1111"/>
                    <TextEquiv>
                        <Unicode>Ausschnitt,</Unicode>
                    </TextEquiv>
                </Word>
                <Word id="tr_1_tl_8_w2" custom="readingOrder {index:1;}">
                    <Coords points="850,1103 850,1163 910,1163 910,1103"/>
                    <TextEquiv>
                        <Unicode>aus</Unicode>
                    </TextEquiv>
                </Word>
                <TextEquiv>
                    <Unicode>Ausschnitt, aus</Unicode>
                </TextEquiv>
            </TextLine>
            <TextLine id="tr_1_tl_9" custom="readingOrder {index:8;}">
                <Coords points="806,1199 859,1216 920,1191 1050,1199 1099,1177 1140,1201 1184,1172 1218,1189 1350,1177 1355,1108 1069,1123 1008,1106 806,1172"/>
                <Baseline points="820,1190 846,1188 873,1187 900,1185 927,1184 953,1182 980,1180 1007,1178 1034,1174 1060,1172 1087,1170 1114,1164 1141,1160 1167,1159 1194,1158 1221,1158 1248,1158 1274,1158 1301,1158 1328,1158 1355,1158"/>
                <Word id="tr_1_tl_9_w1" custom="readingOrder {index:0;}">
                    <Coords points="816,1145 816,1205 966,1205 966,1145"/>
                    <TextEquiv>
                        <Unicode>Neueste</Unicode>
                    </TextEquiv>
                </Word>
                <Word id="tr_1_tl_9_w2" custom="readingOrder {index:1;}">
                    <Coords points="994,1131 994,1191 1144,1191 1144,1131"/>
                    <TextEquiv>
                        <Unicode>Zeitung.</Unicode>
                    </TextEquiv>
                </Word>
                <Word id="tr_1_tl_9_w3" custom="readingOrder {index:2;}">
                    <Coords points="1165,1118 1165,1178 1342,1178 1342,1118"/>
                    <TextEquiv>
                        <Unicode>Innsbruck</Unicode>
                    </TextEquiv>
                </Word>
                <TextEquiv>
                    <Unicode>Neueste Zeitung. Innsbruck</Unicode>
                </TextEquiv>
            </TextLine>
            <TextLine id="tr_1_tl_10" custom="readingOrder {index:9;}">
                <Coords points="996,1370 1108,1350 1309,1348 1360,1330 1377,1240 1301,1228 1233,1260 1157,1247 1103,1274 1081,1262 1013,1272"/>
                <Baseline points="1015,1341 1040,1340 1066,1340 1091,1338 1117,1334 1142,1328 1168,1322 1194,1316 1219,1310 1245,1303 1270,1298 1296,1294 1321,1290 1347,1288 1373,1286"/>
                <TextEquiv>
                    <Unicode></Unicode>
                </TextEquiv>
            </TextLine>
            <TextLine id="tr_1_tl_11" custom="readingOrder {index:10;}">
                <Coords points="603,1399 635,1392 649,1404 662,1396 666,1401 676,1394 691,1394 725,1404 727,1340 710,1340 706,1335 693,1340 679,1328 662,1335 635,1330 618,1340 605,1340"/>
                <Baseline points="617,1379 645,1379 674,1377 702,1376 731,1376"/>
                <Word id="tr_1_tl_11_w1" custom="readingOrder {index:0;}">
                    <Coords points="608,1337 608,1397 725,1397 725,1337"/>
                    <TextEquiv>
                        <Unicode>vom:</Unicode>
                    </TextEquiv>
                </Word>
                <TextEquiv>
                    <Unicode>vom:</Unicode>
                </TextEquiv>
            </TextLine>
            <TextLine id="tr_1_tl_12" custom="readingOrder {index:11;}">
                <Coords points="730,1506 2158,1536 2280,1504 2651,1543 2688,1528 2685,1416 2331,1379 2275,1421 1775,1387 1709,1421 1550,1392 727,1431"/>
                <Baseline points="743,1474 840,1478 938,1482 1035,1485 1133,1489 1231,1489 1328,1489 1426,1487 1523,1486 1621,1484 1719,1488 1816,1498 1914,1498 2011,1496 2109,1501 2207,1498 2304,1501 2402,1504 2499,1507 2597,1510 2695,1513"/>
                <Word id="tr_1_tl_12_w1" custom="readingOrder {index:0;}">
                    <Coords points="747,1437 747,1497 911,1497 911,1437"/>
                    <TextEquiv>
                        <Unicode>Das</Unicode>
                    </TextEquiv>
                </Word>
                <Word id="tr_1_tl_12_w2" custom="readingOrder {index:1;}">
                    <Coords points="988,1449 988,1509 1333,1509 1333,1449"/>
                    <TextEquiv>
                        <Unicode>Sterben</Unicode>
                    </TextEquiv>
                </Word>
                <Word id="tr_1_tl_12_w3" custom="readingOrder {index:2;}">
                    <Coords points="1412,1446 1412,1506 1546,1506 1546,1446"/>
                    <TextEquiv>
                        <Unicode>des</Unicode>
                    </TextEquiv>
                </Word>
                <Word id="tr_1_tl_12_w4" custom="readingOrder {index:3;}">
                    <Coords points="1623,1457 1623,1517 2211,1517 2211,1457"/>
                    <TextEquiv>
                        <Unicode>Gektionsrats</Unicode>
                    </TextEquiv>
                </Word>
                <Word id="tr_1_tl_12_w5" custom="readingOrder {index:4;}">
                    <Coords points="2288,1466 2288,1526 2664,1526 2664,1466"/>
                    <TextEquiv>
                        <Unicode>Robert.</Unicode>
                    </TextEquiv>
                </Word>
                <TextEquiv>
                    <Unicode>Das Sterben des Gektionsrats Robert.</Unicode>
                </TextEquiv>
            </TextLine>
            <TextLine id="tr_1_tl_13" custom="readingOrder {index:12;}">
                <Coords points="1396,1619 1538,1606 1626,1645 1714,1614 2029,1619 2029,1526 1670,1565 1560,1528 1514,1558 1396,1540"/>
                <Baseline points="1411,1593 1442,1595 1473,1597 1504,1599 1535,1599 1566,1599 1597,1599 1628,1602 1659,1602 1690,1602 1721,1601 1752,1600 1783,1605 1814,1605 1845,1605 1876,1605 1907,1605 1938,1605 1969,1605 2000,1605 2032,1602"/>
                <Word id="tr_1_tl_13_w1" custom="readingOrder {index:0;}">
                    <Coords points="1410,1555 1410,1615 1491,1615 1491,1555"/>
                    <TextEquiv>
                        <Unicode>Von</Unicode>
                    </TextEquiv>
                </Word>
                <Word id="tr_1_tl_13_w2" custom="readingOrder {index:1;}">
                    <Coords points="1534,1560 1534,1620 1698,1620 1698,1560"/>
                    <TextEquiv>
                        <Unicode>Arthur</Unicode>
                    </TextEquiv>
                </Word>
                <Word id="tr_1_tl_13_w3" custom="readingOrder {index:2;}">
                    <Coords points="1724,1565 1724,1625 1946,1625 1946,1565"/>
                    <TextEquiv>
                        <Unicode>Schnitzler</Unicode>
                    </TextEquiv>
                </Word>
                <Word id="tr_1_tl_13_w4" custom="readingOrder {index:3;}">
                    <Coords points="1980,1564 1980,1624 2028,1624 2028,1564"/>
                    <TextEquiv>
                        <Unicode>f.</Unicode>
                    </TextEquiv>
                </Word>
                <TextEquiv>
                    <Unicode>Von Arthur Schnitzler f.</Unicode>
                </TextEquiv>
            </TextLine>
            <TextLine id="tr_1_tl_14" custom="readingOrder {index:13;}">
                <Coords points="630,1689 1597,1704 1665,1699 1662,1641 627,1633"/>
                <Baseline points="641,1677 692,1680 744,1680 795,1681 847,1683 898,1683 950,1683 1001,1683 1053,1683 1104,1684 1156,1686 1207,1686 1259,1686 1310,1686 1362,1686 1413,1689 1465,1689 1516,1689 1568,1691 1619,1692 1671,1692"/>
                <Word id="tr_1_tl_14_w1" custom="readingOrder {index:0;}">
                    <Coords points="631,1639 631,1699 724,1699 724,1639"/>
                    <TextEquiv>
                        <Unicode>Einen</Unicode>
                    </TextEquiv>
                </Word>
                <Word id="tr_1_tl_14_w2" custom="readingOrder {index:1;}">
                    <Coords points="754,1640 754,1700 813,1700 813,1640"/>
                    <TextEquiv>
                        <Unicode>Tag</Unicode>
                    </TextEquiv>
                </Word>
                <Word id="tr_1_tl_14_w3" custom="readingOrder {index:2;}">
                    <Coords points="838,1643 838,1703 891,1703 891,1643"/>
                    <TextEquiv>
                        <Unicode>vor</Unicode>
                    </TextEquiv>
                </Word>
                <Word id="tr_1_tl_14_w4" custom="readingOrder {index:3;}">
                    <Coords points="912,1643 912,1703 1019,1703 1019,1643"/>
                    <TextEquiv>
                        <Unicode>Arthur</Unicode>
                    </TextEquiv>
                </Word>
                <Word id="tr_1_tl_14_w5" custom="readingOrder {index:4;}">
                    <Coords points="1045,1645 1045,1705 1216,1705 1216,1645"/>
                    <TextEquiv>
                        <Unicode>Schnitzlers</Unicode>
                    </TextEquiv>
                </Word>
                <Word id="tr_1_tl_14_w6" custom="readingOrder {index:5;}">
                    <Coords points="1241,1646 1241,1706 1300,1706 1300,1646"/>
                    <TextEquiv>
                        <Unicode>Tod</Unicode>
                    </TextEquiv>
                </Word>
                <Word id="tr_1_tl_14_w7" custom="readingOrder {index:6;}">
                    <Coords points="1325,1646 1325,1706 1359,1706 1359,1646"/>
                    <TextEquiv>
                        <Unicode>ist</Unicode>
                    </TextEquiv>
                </Word>
                <Word id="tr_1_tl_14_w8" custom="readingOrder {index:7;}">
                    <Coords points="1379,1648 1379,1708 1428,1708 1428,1648"/>
                    <TextEquiv>
                        <Unicode>sein</Unicode>
                    </TextEquiv>
                </Word>
                <Word id="tr_1_tl_14_w9" custom="readingOrder {index:8;}">
                    <Coords points="1458,1649 1458,1709 1546,1709 1546,1649"/>
                    <TextEquiv>
                        <Unicode>letztes</Unicode>
                    </TextEquiv>
                </Word>
                <Word id="tr_1_tl_14_w10" custom="readingOrder {index:9;}">
                    <Coords points="1571,1652 1571,1712 1669,1712 1669,1652"/>
                    <TextEquiv>
                        <Unicode>Werk,</Unicode>
                    </TextEquiv>
                </Word>
                <TextEquiv>
                    <Unicode>Einen Tag vor Arthur Schnitzlers Tod ist sein letztes Werk,</Unicode>
                </TextEquiv>
            </TextLine>
            <TextLine id="tr_1_tl_15" custom="readingOrder {index:14;}">
                <Coords points="1760,1716 2905,1726 2903,1636 2624,1636 2497,1680 2124,1665 2041,1623 1758,1665"/>
                <Baseline points="1773,1701 1829,1700 1886,1698 1943,1698 2000,1701 2057,1699 2114,1701 2170,1704 2227,1704 2284,1704 2341,1706 2398,1707 2455,1709 2512,1709 2568,1710 2625,1710 2682,1710 2739,1710 2796,1713 2853,1713 2910,1716"/>
                <Word id="tr_1_tl_15_w1" custom="readingOrder {index:0;}">
                    <Coords points="1771,1659 1771,1719 1902,1719 1902,1659"/>
                    <TextEquiv>
                        <Unicode>„Paula</Unicode>
                    </TextEquiv>
                </Word>
                <Word id="tr_1_tl_15_w2" custom="readingOrder {index:1;}">
                    <Coords points="1926,1660 1926,1720 2050,1720 2050,1660"/>
                    <TextEquiv>
                        <Unicode>kommt</Unicode>
                    </TextEquiv>
                </Word>
                <Word id="tr_1_tl_15_w3" custom="readingOrder {index:2;}">
                    <Coords points="2074,1662 2074,1722 2228,1722 2228,1662"/>
                    <TextEquiv>
                        <Unicode>morgen.</Unicode>
                    </TextEquiv>
                </Word>
                <Word id="tr_1_tl_15_w4" custom="readingOrder {index:3;}">
                    <Coords points="2245,1665 2245,1725 2423,1725 2423,1665"/>
                    <TextEquiv>
                        <Unicode>Vorläufig</Unicode>
                    </TextEquiv>
                </Word>
                <Word id="tr_1_tl_15_w5" custom="readingOrder {index:4;}">
                    <Coords points="2455,1669 2455,1729 2547,1729 2547,1669"/>
                    <TextEquiv>
                        <Unicode>mußt</Unicode>
                    </TextEquiv>
                </Word>
                <Word id="tr_1_tl_15_w6" custom="readingOrder {index:5;}">
                    <Coords points="2571,1670 2571,1730 2601,1730 2601,1670"/>
                    <TextEquiv>
                        <Unicode>du</Unicode>
                    </TextEquiv>
                </Word>
                <Word id="tr_1_tl_15_w7" custom="readingOrder {index:6;}">
                    <Coords points="2634,1670 2634,1730 2695,1730 2695,1670"/>
                    <TextEquiv>
                        <Unicode>dich</Unicode>
                    </TextEquiv>
                </Word>
                <Word id="tr_1_tl_15_w8" custom="readingOrder {index:7;}">
                    <Coords points="2720,1670 2720,1730 2781,1730 2781,1670"/>
                    <TextEquiv>
                        <Unicode>mit</Unicode>
                    </TextEquiv>
                </Word>
                <Word id="tr_1_tl_15_w9" custom="readingOrder {index:8;}">
                    <Coords points="2805,1673 2805,1733 2889,1733 2889,1673"/>
                    <TextEquiv>
                        <Unicode>ihren</Unicode>
                    </TextEquiv>
                </Word>
                <TextEquiv>
                    <Unicode>„Paula kommt morgen. Vorläufig mußt du dich mit ihren</Unicode>
                </TextEquiv>
            </TextLine>
            <TextLine id="tr_1_tl_16" custom="readingOrder {index:15;}">
                <Coords points="591,1724 1584,1748 1665,1743 1665,1699 810,1702 588,1665"/>
                <Baseline points="605,1719 658,1719 711,1719 764,1721 818,1724 871,1722 924,1722 978,1722 1031,1724 1084,1725 1138,1725 1191,1728 1244,1728 1297,1728 1351,1728 1404,1725 1457,1728 1511,1728 1564,1729 1617,1731 1671,1731"/>
                <Word id="tr_1_tl_16_w1" custom="readingOrder {index:0;}">
                    <Coords points="592,1679 592,1739 641,1739 641,1679"/>
                    <TextEquiv>
                        <Unicode>der</Unicode>
                    </TextEquiv>
                </Word>
                <Word id="tr_1_tl_16_w2" custom="readingOrder {index:1;}">
                    <Coords points="666,1679 666,1739 779,1739 779,1679"/>
                    <TextEquiv>
                        <Unicode>Roman</Unicode>
                    </TextEquiv>
                </Word>
                <Word id="tr_1_tl_16_w3" custom="readingOrder {index:2;}">
                    <Coords points="815,1682 815,1742 967,1742 967,1682"/>
                    <TextEquiv>
                        <Unicode>„Flucht</Unicode>
                    </TextEquiv>
                </Word>
                <Word id="tr_1_tl_16_w4" custom="readingOrder {index:3;}">
                    <Coords points="987,1683 987,1743 1022,1743 1022,1683"/>
                    <TextEquiv>
                        <Unicode>in</Unicode>
                    </TextEquiv>
                </Word>
                <Word id="tr_1_tl_16_w5" custom="readingOrder {index:4;}">
                    <Coords points="1052,1684 1052,1744 1115,1744 1115,1684"/>
                    <TextEquiv>
                        <Unicode>die</Unicode>
                    </TextEquiv>
                </Word>
                <Word id="tr_1_tl_16_w6" custom="readingOrder {index:5;}">
                    <Coords points="1140,1688 1140,1748 1416,1748 1416,1688"/>
                    <TextEquiv>
                        <Unicode>Finsternis“,</Unicode>
                    </TextEquiv>
                </Word>
                <Word id="tr_1_tl_16_w7" custom="readingOrder {index:6;}">
                    <Coords points="1437,1688 1437,1748 1585,1748 1585,1688"/>
                    <TextEquiv>
                        <Unicode>erschienen</Unicode>
                    </TextEquiv>
                </Word>
                <Word id="tr_1_tl_16_w8" custom="readingOrder {index:7;}">
                    <Coords points="1620,1691 1620,1751 1668,1751 1668,1691"/>
                    <TextEquiv>
                        <Unicode>(S.</Unicode>
                    </TextEquiv>
                </Word>
                <TextEquiv>
                    <Unicode>der Roman „Flucht in die Finsternis“, erschienen (S.</Unicode>
                </TextEquiv>
            </TextLine>
            <TextLine id="tr_1_tl_17" custom="readingOrder {index:16;}">
                <Coords points="1721,1758 2781,1797 2905,1770 2905,1726 1719,1706"/>
                <Baseline points="1734,1746 1792,1746 1851,1746 1910,1746 1969,1749 2028,1749 2086,1746 2145,1750 2204,1752 2263,1752 2322,1753 2380,1758 2439,1758 2498,1758 2557,1758 2616,1760 2674,1761 2733,1761 2792,1761 2851,1764 2910,1764"/>
                <Word id="tr_1_tl_17_w1" custom="readingOrder {index:0;}">
                    <Coords points="1725,1706 1725,1766 1857,1766 1857,1706"/>
                    <TextEquiv>
                        <Unicode>Grüßen</Unicode>
                    </TextEquiv>
                </Word>
                <Word id="tr_1_tl_17_w2" custom="readingOrder {index:1;}">
                    <Coords points="1891,1709 1891,1769 2095,1769 2095,1709"/>
                    <TextEquiv>
                        <Unicode>begnügen."</Unicode>
                    </TextEquiv>
                </Word>
                <Word id="tr_1_tl_17_w3" custom="readingOrder {index:2;}">
                    <Coords points="2128,1710 2128,1770 2172,1770 2172,1710"/>
                    <TextEquiv>
                        <Unicode>Er</Unicode>
                    </TextEquiv>
                </Word>
                <Word id="tr_1_tl_17_w4" custom="readingOrder {index:3;}">
                    <Coords points="2201,1712 2201,1772 2288,1772 2288,1712"/>
                    <TextEquiv>
                        <Unicode>hatte</Unicode>
                    </TextEquiv>
                </Word>
                <Word id="tr_1_tl_17_w5" custom="readingOrder {index:4;}">
                    <Coords points="2317,1718 2317,1778 2504,1778 2504,1718"/>
                    <TextEquiv>
                        <Unicode>immerfort</Unicode>
                    </TextEquiv>
                </Word>
                <Word id="tr_1_tl_17_w6" custom="readingOrder {index:5;}">
                    <Coords points="2532,1718 2532,1778 2576,1778 2576,1718"/>
                    <TextEquiv>
                        <Unicode>ein</Unicode>
                    </TextEquiv>
                </Word>
                <Word id="tr_1_tl_17_w7" custom="readingOrder {index:6;}">
                    <Coords points="2610,1720 2610,1780 2726,1780 2726,1720"/>
                    <TextEquiv>
                        <Unicode>starres</Unicode>
                    </TextEquiv>
                </Word>
                <Word id="tr_1_tl_17_w8" custom="readingOrder {index:7;}">
                    <Coords points="2759,1722 2759,1782 2891,1782 2891,1722"/>
                    <TextEquiv>
                        <Unicode>Lächeln</Unicode>
                    </TextEquiv>
                </Word>
                <TextEquiv>
                    <Unicode>Grüßen begnügen." Er hatte immerfort ein starres Lächeln</Unicode>
                </TextEquiv>
            </TextLine>
            <TextLine id="tr_1_tl_18" custom="readingOrder {index:17;}">
                <Coords points="596,1775 1675,1782 1675,1738 1606,1733 596,1726"/>
                <Baseline points="608,1761 661,1758 715,1758 768,1760 822,1759 876,1761 929,1761 983,1761 1036,1761 1090,1763 1144,1764 1197,1764 1251,1765 1304,1765 1358,1766 1412,1767 1465,1767 1519,1767 1572,1769 1626,1772 1680,1773"/>
                <Word id="tr_1_tl_18_w1" custom="readingOrder {index:0;}">
                    <Coords points="600,1718 600,1778 724,1778 724,1718"/>
                    <TextEquiv>
                        <Unicode>Fischer,</Unicode>
                    </TextEquiv>
                </Word>
                <Word id="tr_1_tl_18_w2" custom="readingOrder {index:1;}">
                    <Coords points="744,1719 744,1779 868,1779 868,1719"/>
                    <TextEquiv>
                        <Unicode>Verlag,</Unicode>
                    </TextEquiv>
                </Word>
                <Word id="tr_1_tl_18_w3" custom="readingOrder {index:2;}">
                    <Coords points="888,1721 888,1781 1016,1781 1016,1721"/>
                    <TextEquiv>
                        <Unicode>Berlin).</Unicode>
                    </TextEquiv>
                </Word>
                <Word id="tr_1_tl_18_w4" custom="readingOrder {index:3;}">
                    <Coords points="1051,1723 1051,1783 1228,1783 1228,1723"/>
                    <TextEquiv>
                        <Unicode>Schnitzler,</Unicode>
                    </TextEquiv>
                </Word>
                <Word id="tr_1_tl_18_w5" custom="readingOrder {index:4;}">
                    <Coords points="1248,1725 1248,1785 1290,1785 1290,1725"/>
                    <TextEquiv>
                        <Unicode>der</Unicode>
                    </TextEquiv>
                </Word>
                <Word id="tr_1_tl_18_w6" custom="readingOrder {index:5;}">
                    <Coords points="1315,1725 1315,1785 1357,1785 1357,1725"/>
                    <TextEquiv>
                        <Unicode>als</Unicode>
                    </TextEquiv>
                </Word>
                <Word id="tr_1_tl_18_w7" custom="readingOrder {index:6;}">
                    <Coords points="1382,1727 1382,1787 1497,1787 1497,1727"/>
                    <TextEquiv>
                        <Unicode>Dichter</Unicode>
                    </TextEquiv>
                </Word>
                <Word id="tr_1_tl_18_w8" custom="readingOrder {index:7;}">
                    <Coords points="1521,1728 1521,1788 1573,1788 1573,1728"/>
                    <TextEquiv>
                        <Unicode>und</Unicode>
                    </TextEquiv>
                </Word>
                <Word id="tr_1_tl_18_w9" custom="readingOrder {index:8;}">
                    <Coords points="1598,1732 1598,1792 1669,1792 1669,1732"/>
                    <TextEquiv>
                        <Unicode>Arzt</Unicode>
                    </TextEquiv>
                </Word>
                <TextEquiv>
                    <Unicode>Fischer, Verlag, Berlin). Schnitzler, der als Dichter und Arzt</Unicode>
                </TextEquiv>
            </TextLine>
            <TextLine id="tr_1_tl_19" custom="readingOrder {index:18;}">
                <Coords points="1714,1804 1858,1804 1894,1816 2016,1809 2016,1767 1943,1770 1894,1755 1860,1770 1843,1758 1821,1767 1794,1755 1714,1765"/>
                <Baseline points="1728,1796 1754,1796 1781,1796 1807,1796 1834,1796 1860,1796 1887,1794 1913,1793 1940,1795 1966,1797 1993,1799 2020,1799"/>
                <Word id="tr_1_tl_19_w1" custom="readingOrder {index:0;}">
                    <Coords points="1719,1756 1719,1816 1761,1816 1761,1756"/>
                    <TextEquiv>
                        <Unicode>um</Unicode>
                    </TextEquiv>
                </Word>
                <Word id="tr_1_tl_19_w2" custom="readingOrder {index:1;}">
                    <Coords points="1803,1756 1803,1816 1845,1816 1845,1756"/>
                    <TextEquiv>
                        <Unicode>die</Unicode>
                    </TextEquiv>
                </Word>
                <Word id="tr_1_tl_19_w3" custom="readingOrder {index:2;}">
                    <Coords points="1872,1755 1872,1815 2014,1815 2014,1755"/>
                    <TextEquiv>
                        <Unicode>Lippen.</Unicode>
                    </TextEquiv>
                </Word>
                <TextEquiv>
                    <Unicode>um die Lippen.</Unicode>
                </TextEquiv>
            </TextLine>
            <TextLine id="tr_1_tl_20" custom="readingOrder {index:19;}">
                <Coords points="603,1804 1662,1821 1662,1787 1501,1767 603,1770"/>
                <Baseline points="617,1796 669,1796 722,1796 774,1798 827,1799 879,1799 932,1799 984,1800 1037,1802 1089,1802 1142,1802 1195,1805 1247,1805 1300,1805 1352,1805 1405,1805 1457,1805 1510,1808 1562,1808 1615,1808 1668,1805"/>
                <Word id="tr_1_tl_20_w1" custom="readingOrder {index:0;}">
                    <Coords points="597,1756 597,1816 640,1816 640,1756"/>
                    <TextEquiv>
                        <Unicode>sich</Unicode>
                    </TextEquiv>
                </Word>
                <Word id="tr_1_tl_20_w2" custom="readingOrder {index:1;}">
                    <Coords points="663,1756 663,1816 768,1816 768,1756"/>
                    <TextEquiv>
                        <Unicode>immer</Unicode>
                    </TextEquiv>
                </Word>
                <Word id="tr_1_tl_20_w3" custom="readingOrder {index:2;}">
                    <Coords points="791,1759 791,1819 897,1819 897,1759"/>
                    <TextEquiv>
                        <Unicode>wieder</Unicode>
                    </TextEquiv>
                </Word>
                <Word id="tr_1_tl_20_w4" custom="readingOrder {index:3;}">
                    <Coords points="920,1759 920,1819 968,1819 968,1759"/>
                    <TextEquiv>
                        <Unicode>mit</Unicode>
                    </TextEquiv>
                </Word>
                <Word id="tr_1_tl_20_w5" custom="readingOrder {index:4;}">
                    <Coords points="990,1761 990,1821 1038,1821 1038,1761"/>
                    <TextEquiv>
                        <Unicode>dem</Unicode>
                    </TextEquiv>
                </Word>
                <Word id="tr_1_tl_20_w6" custom="readingOrder {index:5;}">
                    <Coords points="1078,1762 1078,1822 1184,1822 1184,1762"/>
                    <TextEquiv>
                        <Unicode>großen</Unicode>
                    </TextEquiv>
                </Word>
                <Word id="tr_1_tl_20_w7" custom="readingOrder {index:6;}">
                    <Coords points="1211,1765 1211,1825 1339,1825 1339,1765"/>
                    <TextEquiv>
                        <Unicode>Problem</Unicode>
                    </TextEquiv>
                </Word>
                <Word id="tr_1_tl_20_w8" custom="readingOrder {index:7;}">
                    <Coords points="1379,1765 1379,1825 1428,1825 1428,1765"/>
                    <TextEquiv>
                        <Unicode>vom</Unicode>
                    </TextEquiv>
                </Word>
                <Word id="tr_1_tl_20_w9" custom="readingOrder {index:8;}">
                    <Coords points="1468,1768 1468,1828 1591,1828 1591,1768"/>
                    <TextEquiv>
                        <Unicode>Sterben</Unicode>
                    </TextEquiv>
                </Word>
                <Word id="tr_1_tl_20_w10" custom="readingOrder {index:9;}">
                    <Coords points="1618,1766 1618,1826 1666,1826 1666,1766"/>
                    <TextEquiv>
                        <Unicode>be¬</Unicode>
                    </TextEquiv>
                </Word>
                <TextEquiv>
                    <Unicode>sich immer wieder mit dem großen Problem vom Sterben be¬</Unicode>
                </TextEquiv>
            </TextLine>
            <TextLine id="tr_1_tl_21" custom="readingOrder {index:20;}">
                <Coords points="596,1843 1670,1855 1667,1819 1609,1811 596,1804"/>
                <Baseline points="608,1835 661,1835 714,1836 767,1838 821,1838 874,1838 927,1838 981,1839 1034,1841 1087,1841 1141,1841 1194,1841 1247,1844 1300,1844 1354,1846 1407,1844 1460,1844 1514,1844 1567,1845 1620,1847 1674,1847"/>
                <Word id="tr_1_tl_21_w1" custom="readingOrder {index:0;}">
                    <Coords points="600,1795 600,1855 724,1855 724,1795"/>
                    <TextEquiv>
                        <Unicode>schäftigt</Unicode>
                    </TextEquiv>
                </Word>
                <Word id="tr_1_tl_21_w2" custom="readingOrder {index:1;}">
                    <Coords points="753,1798 753,1858 815,1858 815,1798"/>
                    <TextEquiv>
                        <Unicode>hat,</Unicode>
                    </TextEquiv>
                </Word>
                <Word id="tr_1_tl_21_w3" custom="readingOrder {index:2;}">
                    <Coords points="839,1798 839,1858 969,1858 969,1798"/>
                    <TextEquiv>
                        <Unicode>schildert</Unicode>
                    </TextEquiv>
                </Word>
                <Word id="tr_1_tl_21_w4" custom="readingOrder {index:3;}">
                    <Coords points="993,1800 993,1860 1055,1860 1055,1800"/>
                    <TextEquiv>
                        <Unicode>auch</Unicode>
                    </TextEquiv>
                </Word>
                <Word id="tr_1_tl_21_w5" custom="readingOrder {index:4;}">
                    <Coords points="1089,1801 1089,1861 1112,1861 1112,1801"/>
                    <TextEquiv>
                        <Unicode>in</Unicode>
                    </TextEquiv>
                </Word>
                <Word id="tr_1_tl_21_w6" custom="readingOrder {index:5;}">
                    <Coords points="1147,1801 1147,1861 1237,1861 1237,1801"/>
                    <TextEquiv>
                        <Unicode>diesem</Unicode>
                    </TextEquiv>
                </Word>
                <Word id="tr_1_tl_21_w7" custom="readingOrder {index:6;}">
                    <Coords points="1281,1804 1281,1864 1357,1864 1357,1804"/>
                    <TextEquiv>
                        <Unicode>Buch</Unicode>
                    </TextEquiv>
                </Word>
                <Word id="tr_1_tl_21_w8" custom="readingOrder {index:7;}">
                    <Coords points="1391,1804 1391,1864 1444,1864 1444,1804"/>
                    <TextEquiv>
                        <Unicode>das</Unicode>
                    </TextEquiv>
                </Word>
                <Word id="tr_1_tl_21_w9" custom="readingOrder {index:8;}">
                    <Coords points="1473,1804 1473,1864 1554,1864 1554,1804"/>
                    <TextEquiv>
                        <Unicode>Ende</Unicode>
                    </TextEquiv>
                </Word>
                <Word id="tr_1_tl_21_w10" custom="readingOrder {index:9;}">
                    <Coords points="1588,1807 1588,1867 1664,1867 1664,1807"/>
                    <TextEquiv>
                        <Unicode>eines</Unicode>
                    </TextEquiv>
                </Word>
                <TextEquiv>
                    <Unicode>schäftigt hat, schildert auch in diesem Buch das Ende eines</Unicode>
                </TextEquiv>
            </TextLine>
            <TextLine id="tr_1_tl_22" custom="readingOrder {index:21;}">
                <Coords points="1760,1863 2900,1865 2900,1814 2756,1785 2651,1821 2556,1782 2449,1819 2068,1787 1760,1824"/>
                <Baseline points="1773,1847 1829,1844 1886,1844 1943,1844 1999,1847 2056,1847 2113,1847 2169,1850 2226,1850 2283,1850 2340,1850 2396,1853 2453,1853 2510,1853 2566,1853 2623,1853 2680,1856 2736,1856 2793,1858 2850,1859 2907,1859"/>
                <Word id="tr_1_tl_22_w1" custom="readingOrder {index:0;}">
                    <Coords points="1766,1804 1766,1864 1868,1864 1868,1804"/>
                    <TextEquiv>
                        <Unicode>„Was</Unicode>
                    </TextEquiv>
                </Word>
                <Word id="tr_1_tl_22_w2" custom="readingOrder {index:1;}">
                    <Coords points="1891,1804 1891,1864 1986,1864 1986,1804"/>
                    <TextEquiv>
                        <Unicode>willst</Unicode>
                    </TextEquiv>
                </Word>
                <Word id="tr_1_tl_22_w3" custom="readingOrder {index:2;}">
                    <Coords points="2004,1807 2004,1867 2037,1867 2037,1807"/>
                    <TextEquiv>
                        <Unicode>du</Unicode>
                    </TextEquiv>
                </Word>
                <Word id="tr_1_tl_22_w4" custom="readingOrder {index:3;}">
                    <Coords points="2066,1807 2066,1867 2156,1867 2156,1807"/>
                    <TextEquiv>
                        <Unicode>hier?</Unicode>
                    </TextEquiv>
                </Word>
                <Word id="tr_1_tl_22_w5" custom="readingOrder {index:4;}">
                    <Coords points="2179,1810 2179,1870 2303,1870 2303,1810"/>
                    <TextEquiv>
                        <Unicode>Warum</Unicode>
                    </TextEquiv>
                </Word>
                <Word id="tr_1_tl_22_w6" custom="readingOrder {index:5;}">
                    <Coords points="2343,1813 2343,1873 2478,1873 2478,1813"/>
                    <TextEquiv>
                        <Unicode>kommst</Unicode>
                    </TextEquiv>
                </Word>
                <Word id="tr_1_tl_22_w7" custom="readingOrder {index:6;}">
                    <Coords points="2496,1813 2496,1873 2580,1873 2580,1813"/>
                    <TextEquiv>
                        <Unicode>du?"</Unicode>
                    </TextEquiv>
                </Word>
                <Word id="tr_1_tl_22_w8" custom="readingOrder {index:7;}">
                    <Coords points="2609,1813 2609,1873 2648,1873 2648,1813"/>
                    <TextEquiv>
                        <Unicode>Er</Unicode>
                    </TextEquiv>
                </Word>
                <Word id="tr_1_tl_22_w9" custom="readingOrder {index:8;}">
                    <Coords points="2671,1816 2671,1876 2750,1876 2750,1816"/>
                    <TextEquiv>
                        <Unicode>setzte</Unicode>
                    </TextEquiv>
                </Word>
                <Word id="tr_1_tl_22_w10" custom="readingOrder {index:9;}">
                    <Coords points="2773,1818 2773,1878 2823,1878 2823,1818"/>
                    <TextEquiv>
                        <Unicode>sich</Unicode>
                    </TextEquiv>
                </Word>
                <Word id="tr_1_tl_22_w11" custom="readingOrder {index:10;}">
                    <Coords points="2847,1819 2847,1879 2874,1879 2874,1819"/>
                    <TextEquiv>
                        <Unicode>im</Unicode>
                    </TextEquiv>
                </Word>
                <TextEquiv>
                    <Unicode>„Was willst du hier? Warum kommst du?" Er setzte sich im</Unicode>
                </TextEquiv>
            </TextLine>
            <TextLine id="tr_1_tl_23" custom="readingOrder {index:22;}">
                <Coords points="591,1882 1667,1899 1667,1855 1575,1848 591,1843"/>
                <Baseline points="605,1877 658,1874 711,1875 765,1877 818,1877 872,1877 925,1877 979,1877 1032,1879 1086,1880 1139,1880 1192,1880 1246,1881 1299,1883 1353,1883 1406,1883 1460,1883 1513,1884 1567,1886 1620,1886 1674,1886"/>
                <Word id="tr_1_tl_23_w1" custom="readingOrder {index:0;}">
                    <Coords points="594,1834 594,1894 766,1894 766,1834"/>
                    <TextEquiv>
                        <Unicode>Menschen,</Unicode>
                    </TextEquiv>
                </Word>
                <Word id="tr_1_tl_23_w2" custom="readingOrder {index:1;}">
                    <Coords points="790,1837 790,1897 864,1897 864,1837"/>
                    <TextEquiv>
                        <Unicode>eines</Unicode>
                    </TextEquiv>
                </Word>
                <Word id="tr_1_tl_23_w3" custom="readingOrder {index:2;}">
                    <Coords points="892,1837 892,1897 981,1897 981,1837"/>
                    <TextEquiv>
                        <Unicode>hohen</Unicode>
                    </TextEquiv>
                </Word>
                <Word id="tr_1_tl_23_w4" custom="readingOrder {index:3;}">
                    <Coords points="1014,1839 1014,1899 1135,1899 1135,1839"/>
                    <TextEquiv>
                        <Unicode>Wiener</Unicode>
                    </TextEquiv>
                </Word>
                <Word id="tr_1_tl_23_w5" custom="readingOrder {index:4;}">
                    <Coords points="1163,1840 1163,1900 1321,1900 1321,1840"/>
                    <TextEquiv>
                        <Unicode>Beamten,</Unicode>
                    </TextEquiv>
                </Word>
                <Word id="tr_1_tl_23_w6" custom="readingOrder {index:5;}">
                    <Coords points="1345,1843 1345,1903 1391,1903 1391,1843"/>
                    <TextEquiv>
                        <Unicode>der</Unicode>
                    </TextEquiv>
                </Word>
                <Word id="tr_1_tl_23_w7" custom="readingOrder {index:6;}">
                    <Coords points="1420,1843 1420,1903 1470,1903 1470,1843"/>
                    <TextEquiv>
                        <Unicode>auf</Unicode>
                    </TextEquiv>
                </Word>
                <Word id="tr_1_tl_23_w8" custom="readingOrder {index:7;}">
                    <Coords points="1494,1844 1494,1904 1540,1904 1540,1844"/>
                    <TextEquiv>
                        <Unicode>der</Unicode>
                    </TextEquiv>
                </Word>
                <Word id="tr_1_tl_23_w9" custom="readingOrder {index:8;}">
                    <Coords points="1564,1846 1564,1906 1666,1906 1666,1846"/>
                    <TextEquiv>
                        <Unicode>Flucht</Unicode>
                    </TextEquiv>
                </Word>
                <TextEquiv>
                    <Unicode>Menschen, eines hohen Wiener Beamten, der auf der Flucht</Unicode>
                </TextEquiv>
            </TextLine>
            <TextLine id="tr_1_tl_24" custom="readingOrder {index:23;}">
                <Coords points="1721,1911 2903,1916 2903,1865 1719,1833"/>
                <Baseline points="1734,1892 1792,1892 1851,1892 1909,1895 1968,1893 2027,1895 2085,1892 2144,1898 2203,1898 2261,1898 2320,1901 2379,1901 2437,1901 2496,1901 2555,1903 2613,1901 2672,1904 2731,1902 2789,1906 2848,1907 2907,1910"/>
                <Word id="tr_1_tl_24_w1" custom="readingOrder {index:0;}">
                    <Coords points="1725,1852 1725,1912 1800,1912 1800,1852"/>
                    <TextEquiv>
                        <Unicode>Bett</Unicode>
                    </TextEquiv>
                </Word>
                <Word id="tr_1_tl_24_w2" custom="readingOrder {index:1;}">
                    <Coords points="1822,1852 1822,1912 1891,1912 1891,1852"/>
                    <TextEquiv>
                        <Unicode>auf,</Unicode>
                    </TextEquiv>
                </Word>
                <Word id="tr_1_tl_24_w3" custom="readingOrder {index:2;}">
                    <Coords points="1908,1853 1908,1913 2005,1913 2005,1853"/>
                    <TextEquiv>
                        <Unicode>fühlte</Unicode>
                    </TextEquiv>
                </Word>
                <Word id="tr_1_tl_24_w4" custom="readingOrder {index:3;}">
                    <Coords points="2032,1853 2032,1913 2086,1913 2086,1853"/>
                    <TextEquiv>
                        <Unicode>das</Unicode>
                    </TextEquiv>
                </Word>
                <Word id="tr_1_tl_24_w5" custom="readingOrder {index:4;}">
                    <Coords points="2113,1858 2113,1918 2231,1918 2231,1858"/>
                    <TextEquiv>
                        <Unicode>Glühen</Unicode>
                    </TextEquiv>
                </Word>
                <Word id="tr_1_tl_24_w6" custom="readingOrder {index:5;}">
                    <Coords points="2264,1859 2264,1919 2323,1919 2323,1859"/>
                    <TextEquiv>
                        <Unicode>und</Unicode>
                    </TextEquiv>
                </Word>
                <Word id="tr_1_tl_24_w7" custom="readingOrder {index:6;}">
                    <Coords points="2351,1861 2351,1921 2479,1921 2479,1861"/>
                    <TextEquiv>
                        <Unicode>Drohen</Unicode>
                    </TextEquiv>
                </Word>
                <Word id="tr_1_tl_24_w8" custom="readingOrder {index:7;}">
                    <Coords points="2507,1862 2507,1922 2604,1922 2604,1862"/>
                    <TextEquiv>
                        <Unicode>seiner</Unicode>
                    </TextEquiv>
                </Word>
                <Word id="tr_1_tl_24_w9" custom="readingOrder {index:8;}">
                    <Coords points="2626,1863 2626,1923 2755,1923 2755,1863"/>
                    <TextEquiv>
                        <Unicode>eigenen</Unicode>
                    </TextEquiv>
                </Word>
                <Word id="tr_1_tl_24_w10" custom="readingOrder {index:9;}">
                    <Coords points="2782,1866 2782,1926 2900,1926 2900,1866"/>
                    <TextEquiv>
                        <Unicode>Blicke.</Unicode>
                    </TextEquiv>
                </Word>
                <TextEquiv>
                    <Unicode>Bett auf, fühlte das Glühen und Drohen seiner eigenen Blicke.</Unicode>
                </TextEquiv>
            </TextLine>
            <TextLine id="tr_1_tl_25" custom="readingOrder {index:24;}">
                <Coords points="583,1919 1631,1941 1662,1902 581,1887"/>
                <Baseline points="596,1910 649,1913 703,1913 756,1915 810,1916 864,1916 917,1916 971,1918 1024,1918 1078,1919 1132,1919 1185,1922 1239,1922 1292,1922 1346,1922 1400,1922 1453,1925 1507,1925 1560,1925 1614,1927 1668,1922"/>
                <Word id="tr_1_tl_25_w1" custom="readingOrder {index:0;}">
                    <Coords points="584,1870 584,1930 637,1930 637,1870"/>
                    <TextEquiv>
                        <Unicode>vor</Unicode>
                    </TextEquiv>
                </Word>
                <Word id="tr_1_tl_25_w2" custom="readingOrder {index:1;}">
                    <Coords points="664,1873 664,1933 712,1933 712,1873"/>
                    <TextEquiv>
                        <Unicode>dem</Unicode>
                    </TextEquiv>
                </Word>
                <Word id="tr_1_tl_25_w3" custom="readingOrder {index:2;}">
                    <Coords points="758,1876 758,1936 908,1936 908,1876"/>
                    <TextEquiv>
                        <Unicode>nahenden</Unicode>
                    </TextEquiv>
                </Word>
                <Word id="tr_1_tl_25_w4" custom="readingOrder {index:3;}">
                    <Coords points="940,1878 940,1938 1100,1938 1100,1878"/>
                    <TextEquiv>
                        <Unicode>Wahnsinn</Unicode>
                    </TextEquiv>
                </Word>
                <Word id="tr_1_tl_25_w5" custom="readingOrder {index:4;}">
                    <Coords points="1132,1879 1132,1939 1154,1939 1154,1879"/>
                    <TextEquiv>
                        <Unicode>in</Unicode>
                    </TextEquiv>
                </Word>
                <Word id="tr_1_tl_25_w6" custom="readingOrder {index:5;}">
                    <Coords points="1190,1882 1190,1942 1269,1942 1269,1882"/>
                    <TextEquiv>
                        <Unicode>einem</Unicode>
                    </TextEquiv>
                </Word>
                <Word id="tr_1_tl_25_w7" custom="readingOrder {index:6;}">
                    <Coords points="1310,1882 1310,1942 1417,1942 1417,1882"/>
                    <TextEquiv>
                        <Unicode>kleinen</Unicode>
                    </TextEquiv>
                </Word>
                <Word id="tr_1_tl_25_w8" custom="readingOrder {index:7;}">
                    <Coords points="1448,1885 1448,1945 1586,1945 1586,1885"/>
                    <TextEquiv>
                        <Unicode>Dörschen</Unicode>
                    </TextEquiv>
                </Word>
                <Word id="tr_1_tl_25_w9" custom="readingOrder {index:8;}">
                    <Coords points="1618,1884 1618,1944 1666,1944 1666,1884"/>
                    <TextEquiv>
                        <Unicode>ge¬</Unicode>
                    </TextEquiv>
                </Word>
                <TextEquiv>
                    <Unicode>vor dem nahenden Wahnsinn in einem kleinen Dörschen ge¬</Unicode>
                </TextEquiv>
            </TextLine>
            <TextLine id="tr_1_tl_26" custom="readingOrder {index:25;}">
                <Coords points="1760,1955 2910,1968 2886,1914 1760,1909"/>
                <Baseline points="1773,1943 1830,1942 1887,1942 1944,1943 2001,1943 2058,1943 2115,1945 2172,1943 2229,1946 2286,1946 2343,1946 2400,1949 2457,1950 2514,1952 2571,1952 2628,1952 2685,1952 2742,1952 2799,1952 2856,1954 2913,1949"/>
                <Word id="tr_1_tl_26_w1" custom="readingOrder {index:0;}">
                    <Coords points="1765,1902 1765,1962 1909,1962 1909,1902"/>
                    <TextEquiv>
                        <Unicode>„Warum</Unicode>
                    </TextEquiv>
                </Word>
                <Word id="tr_1_tl_26_w2" custom="readingOrder {index:1;}">
                    <Coords points="1950,1903 1950,1963 1991,1963 1991,1903"/>
                    <TextEquiv>
                        <Unicode>ich</Unicode>
                    </TextEquiv>
                </Word>
                <Word id="tr_1_tl_26_w3" custom="readingOrder {index:2;}">
                    <Coords points="2017,1904 2017,1964 2161,1964 2161,1904"/>
                    <TextEquiv>
                        <Unicode>komme?</Unicode>
                    </TextEquiv>
                </Word>
                <Word id="tr_1_tl_26_w4" custom="readingOrder {index:3;}">
                    <Coords points="2187,1905 2187,1965 2259,1965 2259,1905"/>
                    <TextEquiv>
                        <Unicode>Nun</Unicode>
                    </TextEquiv>
                </Word>
                <Word id="tr_1_tl_26_w5" custom="readingOrder {index:4;}">
                    <Coords points="2290,1906 2290,1966 2362,1966 2362,1906"/>
                    <TextEquiv>
                        <Unicode>—,“</Unicode>
                    </TextEquiv>
                </Word>
                <Word id="tr_1_tl_26_w6" custom="readingOrder {index:5;}">
                    <Coords points="2388,1909 2388,1969 2449,1969 2449,1909"/>
                    <TextEquiv>
                        <Unicode>und</Unicode>
                    </TextEquiv>
                </Word>
                <Word id="tr_1_tl_26_w7" custom="readingOrder {index:6;}">
                    <Coords points="2481,1911 2481,1971 2522,1971 2522,1911"/>
                    <TextEquiv>
                        <Unicode>ein</Unicode>
                    </TextEquiv>
                </Word>
                <Word id="tr_1_tl_26_w8" custom="readingOrder {index:7;}">
                    <Coords points="2553,1912 2553,1972 2784,1972 2784,1912"/>
                    <TextEquiv>
                        <Unicode>unterdrücktes</Unicode>
                    </TextEquiv>
                </Word>
                <Word id="tr_1_tl_26_w9" custom="readingOrder {index:8;}">
                    <Coords points="2816,1913 2816,1973 2898,1973 2898,1913"/>
                    <TextEquiv>
                        <Unicode>Auf¬</Unicode>
                    </TextEquiv>
                </Word>
                <TextEquiv>
                    <Unicode>„Warum ich komme? Nun —,“ und ein unterdrücktes Auf¬</Unicode>
                </TextEquiv>
            </TextLine>
            <TextLine id="tr_1_tl_27" custom="readingOrder {index:26;}">
                <Coords points="583,1960 1662,1973 1660,1936 1599,1929 583,1916"/>
                <Baseline points="596,1952 649,1952 703,1953 756,1955 810,1955 864,1955 917,1955 971,1958 1024,1958 1078,1958 1132,1958 1185,1958 1239,1961 1292,1961 1346,1961 1400,1961 1453,1961 1507,1962 1560,1964 1614,1964 1668,1967"/>
                <Word id="tr_1_tl_27_w1" custom="readingOrder {index:0;}">
                    <Coords points="591,1912 591,1972 698,1972 698,1912"/>
                    <TextEquiv>
                        <Unicode>landet</Unicode>
                    </TextEquiv>
                </Word>
                <Word id="tr_1_tl_27_w2" custom="readingOrder {index:1;}">
                    <Coords points="712,1914 712,1974 758,1974 758,1914"/>
                    <TextEquiv>
                        <Unicode>ist.</Unicode>
                    </TextEquiv>
                </Word>
                <Word id="tr_1_tl_27_w3" custom="readingOrder {index:2;}">
                    <Coords points="773,1915 773,1975 809,1975 809,1915"/>
                    <TextEquiv>
                        <Unicode>Er</Unicode>
                    </TextEquiv>
                </Word>
                <Word id="tr_1_tl_27_w4" custom="readingOrder {index:3;}">
                    <Coords points="829,1915 829,1975 861,1975 861,1915"/>
                    <TextEquiv>
                        <Unicode>ist</Unicode>
                    </TextEquiv>
                </Word>
                <Word id="tr_1_tl_27_w5" custom="readingOrder {index:4;}">
                    <Coords points="880,1915 880,1975 921,1975 921,1915"/>
                    <TextEquiv>
                        <Unicode>sich</Unicode>
                    </TextEquiv>
                </Word>
                <Word id="tr_1_tl_27_w6" custom="readingOrder {index:5;}">
                    <Coords points="945,1918 945,1978 1014,1978 1014,1918"/>
                    <TextEquiv>
                        <Unicode>nicht</Unicode>
                    </TextEquiv>
                </Word>
                <Word id="tr_1_tl_27_w7" custom="readingOrder {index:6;}">
                    <Coords points="1034,1918 1034,1978 1159,1978 1159,1918"/>
                    <TextEquiv>
                        <Unicode>darüber</Unicode>
                    </TextEquiv>
                </Word>
                <Word id="tr_1_tl_27_w8" custom="readingOrder {index:7;}">
                    <Coords points="1178,1919 1178,1979 1252,1979 1252,1919"/>
                    <TextEquiv>
                        <Unicode>klar,</Unicode>
                    </TextEquiv>
                </Word>
                <Word id="tr_1_tl_27_w9" custom="readingOrder {index:8;}">
                    <Coords points="1266,1921 1266,1981 1294,1981 1294,1921"/>
                    <TextEquiv>
                        <Unicode>ob</Unicode>
                    </TextEquiv>
                </Word>
                <Word id="tr_1_tl_27_w10" custom="readingOrder {index:9;}">
                    <Coords points="1322,1921 1322,1981 1350,1981 1350,1921"/>
                    <TextEquiv>
                        <Unicode>er</Unicode>
                    </TextEquiv>
                </Word>
                <Word id="tr_1_tl_27_w11" custom="readingOrder {index:10;}">
                    <Coords points="1369,1921 1369,1981 1410,1981 1410,1921"/>
                    <TextEquiv>
                        <Unicode>die</Unicode>
                    </TextEquiv>
                </Word>
                <Word id="tr_1_tl_27_w12" custom="readingOrder {index:11;}">
                    <Coords points="1434,1921 1434,1981 1522,1981 1522,1921"/>
                    <TextEquiv>
                        <Unicode>schöne</Unicode>
                    </TextEquiv>
                </Word>
                <Word id="tr_1_tl_27_w13" custom="readingOrder {index:12;}">
                    <Coords points="1546,1924 1546,1984 1666,1984 1666,1924"/>
                    <TextEquiv>
                        <Unicode>Albate,</Unicode>
                    </TextEquiv>
                </Word>
                <TextEquiv>
                    <Unicode>landet ist. Er ist sich nicht darüber klar, ob er die schöne Albate,</Unicode>
                </TextEquiv>
            </TextLine>
            <TextLine id="tr_1_tl_28" custom="readingOrder {index:27;}">
                <Coords points="1719,2004 2900,2024 2900,1963 2859,1960 1719,1951"/>
                <Baseline points="1731,1990 1789,1987 1848,1989 1906,1987 1965,1990 2024,1990 2082,1990 2141,1993 2200,1993 2258,1993 2317,1993 2376,1992 2434,1992 2493,1999 2552,1999 2610,1999 2669,1999 2728,1999 2786,2001 2845,2002 2904,2002"/>
                <Word id="tr_1_tl_28_w1" custom="readingOrder {index:0;}">
                    <Coords points="1719,1947 1719,2007 1888,2007 1888,1947"/>
                    <TextEquiv>
                        <Unicode>schluchzen</Unicode>
                    </TextEquiv>
                </Word>
                <Word id="tr_1_tl_28_w2" custom="readingOrder {index:1;}">
                    <Coords points="1925,1949 1925,2009 1993,2009 1993,1949"/>
                    <TextEquiv>
                        <Unicode>war</Unicode>
                    </TextEquiv>
                </Word>
                <Word id="tr_1_tl_28_w3" custom="readingOrder {index:2;}">
                    <Coords points="2025,1950 2025,2010 2052,2010 2052,1950"/>
                    <TextEquiv>
                        <Unicode>in</Unicode>
                    </TextEquiv>
                </Word>
                <Word id="tr_1_tl_28_w4" custom="readingOrder {index:3;}">
                    <Coords points="2089,1952 2089,2012 2183,2012 2183,1952"/>
                    <TextEquiv>
                        <Unicode>Ottos</Unicode>
                    </TextEquiv>
                </Word>
                <Word id="tr_1_tl_28_w5" custom="readingOrder {index:4;}">
                    <Coords points="2216,1953 2216,2013 2363,2013 2363,1953"/>
                    <TextEquiv>
                        <Unicode>Stimme</Unicode>
                    </TextEquiv>
                </Word>
                <Word id="tr_1_tl_28_w6" custom="readingOrder {index:5;}">
                    <Coords points="2396,1952 2396,2012 2406,2012 2406,1952"/>
                    <TextEquiv>
                        <Unicode>—</Unicode>
                    </TextEquiv>
                </Word>
                <Word id="tr_1_tl_28_w7" custom="readingOrder {index:6;}">
                    <Coords points="2465,1959 2465,2019 2570,2019 2570,1959"/>
                    <TextEquiv>
                        <Unicode>„nun,</Unicode>
                    </TextEquiv>
                </Word>
                <Word id="tr_1_tl_28_w8" custom="readingOrder {index:7;}">
                    <Coords points="2597,1959 2597,2019 2649,2019 2649,1959"/>
                    <TextEquiv>
                        <Unicode>zum</Unicode>
                    </TextEquiv>
                </Word>
                <Word id="tr_1_tl_28_w9" custom="readingOrder {index:8;}">
                    <Coords points="2703,1960 2703,2020 2834,2020 2834,1960"/>
                    <TextEquiv>
                        <Unicode>Teufel,</Unicode>
                    </TextEquiv>
                </Word>
                <Word id="tr_1_tl_28_w10" custom="readingOrder {index:9;}">
                    <Coords points="2856,1962 2856,2022 2892,2022 2892,1962"/>
                    <TextEquiv>
                        <Unicode>ich</Unicode>
                    </TextEquiv>
                </Word>
                <TextEquiv>
                    <Unicode>schluchzen war in Ottos Stimme — „nun, zum Teufel, ich</Unicode>
                </TextEquiv>
            </TextLine>
            <TextLine id="tr_1_tl_29" custom="readingOrder {index:28;}">
                <Coords points="591,1999 1667,2029 1653,1973 591,1958"/>
                <Baseline points="605,1990 658,1991 711,1993 765,1993 818,1993 872,1993 925,1993 979,1996 1032,1996 1086,1996 1139,1996 1192,1996 1246,1999 1299,1999 1353,1999 1406,1999 1460,1999 1513,2002 1567,2003 1620,2005 1674,2005"/>
                <Word id="tr_1_tl_29_w1" custom="readingOrder {index:0;}">
                    <Coords points="594,1950 594,2010 636,2010 636,1950"/>
                    <TextEquiv>
                        <Unicode>die</Unicode>
                    </TextEquiv>
                </Word>
                <Word id="tr_1_tl_29_w2" custom="readingOrder {index:1;}">
                    <Coords points="660,1951 660,2011 687,2011 687,1951"/>
                    <TextEquiv>
                        <Unicode>er</Unicode>
                    </TextEquiv>
                </Word>
                <Word id="tr_1_tl_29_w3" custom="readingOrder {index:2;}">
                    <Coords points="711,1953 711,2013 832,2013 832,1953"/>
                    <TextEquiv>
                        <Unicode>heimlich</Unicode>
                    </TextEquiv>
                </Word>
                <Word id="tr_1_tl_29_w4" custom="readingOrder {index:3;}">
                    <Coords points="861,1953 861,2013 959,2013 959,1953"/>
                    <TextEquiv>
                        <Unicode>liebte,</Unicode>
                    </TextEquiv>
                </Word>
                <Word id="tr_1_tl_29_w5" custom="readingOrder {index:4;}">
                    <Coords points="978,1956 978,2016 1029,2016 1029,1956"/>
                    <TextEquiv>
                        <Unicode>und</Unicode>
                    </TextEquiv>
                </Word>
                <Word id="tr_1_tl_29_w6" custom="readingOrder {index:5;}">
                    <Coords points="1058,1956 1058,2016 1100,2016 1100,1956"/>
                    <TextEquiv>
                        <Unicode>die</Unicode>
                    </TextEquiv>
                </Word>
                <Word id="tr_1_tl_29_w7" custom="readingOrder {index:6;}">
                    <Coords points="1124,1956 1124,2016 1273,2016 1273,1956"/>
                    <TextEquiv>
                        <Unicode>kraftvolle</Unicode>
                    </TextEquiv>
                </Word>
                <Word id="tr_1_tl_29_w8" custom="readingOrder {index:7;}">
                    <Coords points="1297,1959 1297,2019 1413,2019 1413,1959"/>
                    <TextEquiv>
                        <Unicode>Paula,</Unicode>
                    </TextEquiv>
                </Word>
                <Word id="tr_1_tl_29_w9" custom="readingOrder {index:8;}">
                    <Coords points="1428,1959 1428,2019 1479,2019 1479,1959"/>
                    <TextEquiv>
                        <Unicode>mit</Unicode>
                    </TextEquiv>
                </Word>
                <Word id="tr_1_tl_29_w10" custom="readingOrder {index:9;}">
                    <Coords points="1503,1962 1503,2022 1549,2022 1549,1962"/>
                    <TextEquiv>
                        <Unicode>der</Unicode>
                    </TextEquiv>
                </Word>
                <Word id="tr_1_tl_29_w11" custom="readingOrder {index:10;}">
                    <Coords points="1573,1963 1573,2023 1596,2023 1596,1963"/>
                    <TextEquiv>
                        <Unicode>er</Unicode>
                    </TextEquiv>
                </Word>
                <Word id="tr_1_tl_29_w12" custom="readingOrder {index:11;}">
                    <Coords points="1620,1965 1620,2025 1661,2025 1661,1965"/>
                    <TextEquiv>
                        <Unicode>sich</Unicode>
                    </TextEquiv>
                </Word>
                <TextEquiv>
                    <Unicode>die er heimlich liebte, und die kraftvolle Paula, mit der er sich</Unicode>
                </TextEquiv>
            </TextLine>
            <TextLine id="tr_1_tl_30" custom="readingOrder {index:29;}">
                <Coords points="586,2036 1643,2058 1660,2029 583,1997"/>
                <Baseline points="599,2026 652,2029 705,2030 758,2032 812,2032 865,2032 918,2032 972,2031 1025,2031 1078,2034 1132,2035 1185,2038 1238,2041 1291,2040 1345,2040 1398,2038 1451,2038 1505,2041 1558,2042 1611,2044 1665,2047"/>
                <Word id="tr_1_tl_30_w1" custom="readingOrder {index:0;}">
                    <Coords points="590,1989 590,2049 739,2049 739,1989"/>
                    <TextEquiv>
                        <Unicode>verlobte,</Unicode>
                    </TextEquiv>
                </Word>
                <Word id="tr_1_tl_30_w2" custom="readingOrder {index:1;}">
                    <Coords points="757,1992 757,2052 902,2052 902,1992"/>
                    <TextEquiv>
                        <Unicode>ermordet</Unicode>
                    </TextEquiv>
                </Word>
                <Word id="tr_1_tl_30_w3" custom="readingOrder {index:2;}">
                    <Coords points="925,1991 925,2051 973,2051 973,1991"/>
                    <TextEquiv>
                        <Unicode>hat</Unicode>
                    </TextEquiv>
                </Word>
                <Word id="tr_1_tl_30_w4" custom="readingOrder {index:3;}">
                    <Coords points="991,1991 991,2051 999,2051 999,1991"/>
                    <TextEquiv>
                        <Unicode>—</Unicode>
                    </TextEquiv>
                </Word>
                <Word id="tr_1_tl_30_w5" custom="readingOrder {index:4;}">
                    <Coords points="1048,1994 1048,2054 1136,2054 1136,1994"/>
                    <TextEquiv>
                        <Unicode>dabei</Unicode>
                    </TextEquiv>
                </Word>
                <Word id="tr_1_tl_30_w6" custom="readingOrder {index:5;}">
                    <Coords points="1154,1998 1154,2058 1224,2058 1224,1998"/>
                    <TextEquiv>
                        <Unicode>weiß</Unicode>
                    </TextEquiv>
                </Word>
                <Word id="tr_1_tl_30_w7" custom="readingOrder {index:6;}">
                    <Coords points="1251,2000 1251,2060 1294,2060 1294,2000"/>
                    <TextEquiv>
                        <Unicode>er,</Unicode>
                    </TextEquiv>
                </Word>
                <Word id="tr_1_tl_30_w8" custom="readingOrder {index:7;}">
                    <Coords points="1312,2000 1312,2060 1360,2060 1360,2000"/>
                    <TextEquiv>
                        <Unicode>daß</Unicode>
                    </TextEquiv>
                </Word>
                <Word id="tr_1_tl_30_w9" custom="readingOrder {index:8;}">
                    <Coords points="1392,1998 1392,2058 1466,2058 1466,1998"/>
                    <TextEquiv>
                        <Unicode>beide</Unicode>
                    </TextEquiv>
                </Word>
                <Word id="tr_1_tl_30_w10" custom="readingOrder {index:9;}">
                    <Coords points="1488,2001 1488,2061 1567,2061 1567,2001"/>
                    <TextEquiv>
                        <Unicode>leben</Unicode>
                    </TextEquiv>
                </Word>
                <Word id="tr_1_tl_30_w11" custom="readingOrder {index:10;}">
                    <Coords points="1594,2005 1594,2065 1664,2065 1664,2005"/>
                    <TextEquiv>
                        <Unicode>...</Unicode>
                    </TextEquiv>
                </Word>
                <TextEquiv>
                    <Unicode>verlobte, ermordet hat — dabei weiß er, daß beide leben ...</Unicode>
                </TextEquiv>
            </TextLine>
            <TextLine id="tr_1_tl_31" custom="readingOrder {index:30;}">
                <Coords points="1714,2043 2900,2060 2900,2021 2832,2012 1714,2004"/>
                <Baseline points="1728,2032 1790,2038 1852,2036 1914,2038 1976,2038 2038,2038 2100,2039 2162,2041 2224,2041 2286,2044 2348,2044 2410,2044 2472,2044 2534,2047 2596,2047 2658,2047 2720,2047 2782,2049 2844,2050 2907,2050"/>
                <Word id="tr_1_tl_31_w1" custom="readingOrder {index:0;}">
                    <Coords points="1719,1997 1719,2057 1859,2057 1859,1997"/>
                    <TextEquiv>
                        <Unicode>komme,</Unicode>
                    </TextEquiv>
                </Word>
                <Word id="tr_1_tl_31_w2" custom="readingOrder {index:1;}">
                    <Coords points="1884,1998 1884,2058 1959,2058 1959,1998"/>
                    <TextEquiv>
                        <Unicode>weil</Unicode>
                    </TextEquiv>
                </Word>
                <Word id="tr_1_tl_31_w3" custom="readingOrder {index:2;}">
                    <Coords points="1985,1998 1985,2058 2014,2058 2014,1998"/>
                    <TextEquiv>
                        <Unicode>es</Unicode>
                    </TextEquiv>
                </Word>
                <Word id="tr_1_tl_31_w4" custom="readingOrder {index:3;}">
                    <Coords points="2045,1998 2045,2058 2105,2058 2105,1998"/>
                    <TextEquiv>
                        <Unicode>mir</Unicode>
                    </TextEquiv>
                </Word>
                <Word id="tr_1_tl_31_w5" custom="readingOrder {index:4;}">
                    <Coords points="2130,2000 2130,2060 2155,2060 2155,2000"/>
                    <TextEquiv>
                        <Unicode>so</Unicode>
                    </TextEquiv>
                </Word>
                <Word id="tr_1_tl_31_w6" custom="readingOrder {index:5;}">
                    <Coords points="2186,2002 2186,2062 2321,2062 2321,2002"/>
                    <TextEquiv>
                        <Unicode>beliebt!</Unicode>
                    </TextEquiv>
                </Word>
                <Word id="tr_1_tl_31_w7" custom="readingOrder {index:6;}">
                    <Coords points="2346,2004 2346,2064 2426,2064 2426,2004"/>
                    <TextEquiv>
                        <Unicode>Was</Unicode>
                    </TextEquiv>
                </Word>
                <Word id="tr_1_tl_31_w8" custom="readingOrder {index:7;}">
                    <Coords points="2457,2004 2457,2064 2491,2064 2491,2004"/>
                    <TextEquiv>
                        <Unicode>ist</Unicode>
                    </TextEquiv>
                </Word>
                <Word id="tr_1_tl_31_w9" custom="readingOrder {index:8;}">
                    <Coords points="2517,2007 2517,2067 2562,2067 2562,2007"/>
                    <TextEquiv>
                        <Unicode>die</Unicode>
                    </TextEquiv>
                </Word>
                <Word id="tr_1_tl_31_w10" custom="readingOrder {index:9;}">
                    <Coords points="2587,2007 2587,2067 2667,2067 2667,2007"/>
                    <TextEquiv>
                        <Unicode>denn</Unicode>
                    </TextEquiv>
                </Word>
                <Word id="tr_1_tl_31_w11" custom="readingOrder {index:10;}">
                    <Coords points="2698,2007 2698,2067 2758,2067 2758,2007"/>
                    <TextEquiv>
                        <Unicode>nur</Unicode>
                    </TextEquiv>
                </Word>
                <Word id="tr_1_tl_31_w12" custom="readingOrder {index:11;}">
                    <Coords points="2788,2009 2788,2069 2893,2069 2893,2009"/>
                    <TextEquiv>
                        <Unicode>einge¬</Unicode>
                    </TextEquiv>
                </Word>
                <TextEquiv>
                    <Unicode>komme, weil es mir so beliebt! Was ist die denn nur einge¬</Unicode>
                </TextEquiv>
            </TextLine>
            <TextLine id="tr_1_tl_32" custom="readingOrder {index:31;}">
                <Coords points="596,2075 1662,2087 1616,2046 596,2036"/>
                <Baseline points="608,2068 660,2068 713,2071 766,2071 819,2071 872,2071 925,2071 977,2072 1030,2074 1083,2076 1136,2077 1189,2077 1242,2080 1295,2080 1347,2080 1400,2078 1453,2080 1506,2080 1559,2080 1612,2079 1665,2077"/>
                <Word id="tr_1_tl_32_w1" custom="readingOrder {index:0;}">
                    <Coords points="595,2028 595,2088 698,2088 698,2028"/>
                    <TextEquiv>
                        <Unicode>Seinen</Unicode>
                    </TextEquiv>
                </Word>
                <Word id="tr_1_tl_32_w2" custom="readingOrder {index:1;}">
                    <Coords points="731,2031 731,2091 844,2091 844,2031"/>
                    <TextEquiv>
                        <Unicode>Bruder</Unicode>
                    </TextEquiv>
                </Word>
                <Word id="tr_1_tl_32_w3" custom="readingOrder {index:2;}">
                    <Coords points="867,2031 867,2091 948,2091 948,2031"/>
                    <TextEquiv>
                        <Unicode>Otto,</Unicode>
                    </TextEquiv>
                </Word>
                <Word id="tr_1_tl_32_w4" custom="readingOrder {index:3;}">
                    <Coords points="962,2032 962,2092 1012,2092 1012,2032"/>
                    <TextEquiv>
                        <Unicode>der</Unicode>
                    </TextEquiv>
                </Word>
                <Word id="tr_1_tl_32_w5" custom="readingOrder {index:4;}">
                    <Coords points="1031,2035 1031,2095 1107,2095 1107,2035"/>
                    <TextEquiv>
                        <Unicode>Arzt</Unicode>
                    </TextEquiv>
                </Word>
                <Word id="tr_1_tl_32_w6" custom="readingOrder {index:5;}">
                    <Coords points="1126,2037 1126,2097 1166,2097 1166,2037"/>
                    <TextEquiv>
                        <Unicode>ist,</Unicode>
                    </TextEquiv>
                </Word>
                <Word id="tr_1_tl_32_w7" custom="readingOrder {index:6;}">
                    <Coords points="1185,2038 1185,2098 1234,2098 1234,2038"/>
                    <TextEquiv>
                        <Unicode>hat</Unicode>
                    </TextEquiv>
                </Word>
                <Word id="tr_1_tl_32_w8" custom="readingOrder {index:7;}">
                    <Coords points="1253,2040 1253,2100 1280,2100 1280,2040"/>
                    <TextEquiv>
                        <Unicode>er</Unicode>
                    </TextEquiv>
                </Word>
                <Word id="tr_1_tl_32_w9" custom="readingOrder {index:8;}">
                    <Coords points="1303,2039 1303,2099 1398,2099 1398,2039"/>
                    <TextEquiv>
                        <Unicode>früher</Unicode>
                    </TextEquiv>
                </Word>
                <Word id="tr_1_tl_32_w10" custom="readingOrder {index:9;}">
                    <Coords points="1421,2040 1421,2100 1530,2100 1530,2040"/>
                    <TextEquiv>
                        <Unicode>einmal</Unicode>
                    </TextEquiv>
                </Word>
                <Word id="tr_1_tl_32_w11" custom="readingOrder {index:10;}">
                    <Coords points="1553,2039 1553,2099 1602,2099 1602,2039"/>
                    <TextEquiv>
                        <Unicode>das</Unicode>
                    </TextEquiv>
                </Word>
                <Word id="tr_1_tl_32_w12" custom="readingOrder {index:11;}">
                    <Coords points="1626,2038 1626,2098 1634,2098 1634,2038"/>
                    <TextEquiv>
                        <Unicode>—</Unicode>
                    </TextEquiv>
                </Word>
                <TextEquiv>
                    <Unicode>Seinen Bruder Otto, der Arzt ist, hat er früher einmal das —</Unicode>
                </TextEquiv>
            </TextLine>
            <TextLine id="tr_1_tl_33" custom="readingOrder {index:32;}">
                <Coords points="1719,2102 2900,2124 2900,2060 1719,2043"/>
                <Baseline points="1731,2086 1789,2084 1848,2086 1907,2086 1966,2086 2025,2086 2083,2086 2142,2089 2201,2089 2260,2091 2319,2092 2377,2093 2436,2095 2495,2095 2554,2095 2613,2097 2671,2098 2730,2099 2789,2101 2848,2101 2907,2095"/>
                <Word id="tr_1_tl_33_w1" custom="readingOrder {index:0;}">
                    <Coords points="1719,2044 1719,2104 1834,2104 1834,2044"/>
                    <TextEquiv>
                        <Unicode>fallen,</Unicode>
                    </TextEquiv>
                </Word>
                <Word id="tr_1_tl_33_w2" custom="readingOrder {index:1;}">
                    <Coords points="1861,2046 1861,2106 2008,2106 2008,2046"/>
                    <TextEquiv>
                        <Unicode>Robert?</Unicode>
                    </TextEquiv>
                </Word>
                <Word id="tr_1_tl_33_w3" custom="readingOrder {index:2;}">
                    <Coords points="2035,2046 2035,2106 2119,2106 2119,2046"/>
                    <TextEquiv>
                        <Unicode>Was</Unicode>
                    </TextEquiv>
                </Word>
                <Word id="tr_1_tl_33_w4" custom="readingOrder {index:3;}">
                    <Coords points="2151,2049 2151,2109 2219,2109 2219,2049"/>
                    <TextEquiv>
                        <Unicode>hast</Unicode>
                    </TextEquiv>
                </Word>
                <Word id="tr_1_tl_33_w5" custom="readingOrder {index:4;}">
                    <Coords points="2246,2051 2246,2111 2282,2111 2282,2051"/>
                    <TextEquiv>
                        <Unicode>du</Unicode>
                    </TextEquiv>
                </Word>
                <Word id="tr_1_tl_33_w6" custom="readingOrder {index:5;}">
                    <Coords points="2320,2052 2320,2112 2366,2112 2366,2052"/>
                    <TextEquiv>
                        <Unicode>dir</Unicode>
                    </TextEquiv>
                </Word>
                <Word id="tr_1_tl_33_w7" custom="readingOrder {index:6;}">
                    <Coords points="2399,2054 2399,2114 2472,2114 2472,2054"/>
                    <TextEquiv>
                        <Unicode>denn</Unicode>
                    </TextEquiv>
                </Word>
                <Word id="tr_1_tl_33_w8" custom="readingOrder {index:7;}">
                    <Coords points="2509,2055 2509,2115 2630,2115 2630,2055"/>
                    <TextEquiv>
                        <Unicode>wieder</Unicode>
                    </TextEquiv>
                </Word>
                <Word id="tr_1_tl_33_w9" custom="readingOrder {index:8;}">
                    <Coords points="2657,2057 2657,2117 2682,2117 2682,2057"/>
                    <TextEquiv>
                        <Unicode>in</Unicode>
                    </TextEquiv>
                </Word>
                <Word id="tr_1_tl_33_w10" custom="readingOrder {index:9;}">
                    <Coords points="2720,2059 2720,2119 2772,2119 2772,2059"/>
                    <TextEquiv>
                        <Unicode>den</Unicode>
                    </TextEquiv>
                </Word>
                <Word id="tr_1_tl_33_w11" custom="readingOrder {index:10;}">
                    <Coords points="2809,2060 2809,2120 2893,2120 2893,2060"/>
                    <TextEquiv>
                        <Unicode>Kopf</Unicode>
                    </TextEquiv>
                </Word>
                <TextEquiv>
                    <Unicode>fallen, Robert? Was hast du dir denn wieder in den Kopf</Unicode>
                </TextEquiv>
            </TextLine>
            <TextLine id="tr_1_tl_34" custom="readingOrder {index:33;}">
                <Coords points="583,2112 1662,2134 1638,2082 583,2078"/>
                <Baseline points="596,2107 649,2107 703,2108 756,2110 810,2110 864,2107 917,2110 971,2111 1024,2113 1078,2113 1132,2116 1185,2116 1239,2116 1292,2116 1346,2116 1400,2119 1453,2119 1507,2119 1560,2121 1614,2122 1668,2122"/>
                <Word id="tr_1_tl_34_w1" custom="readingOrder {index:0;}">
                    <Coords points="586,2067 586,2127 686,2127 686,2067"/>
                    <TextEquiv>
                        <Unicode>längst</Unicode>
                    </TextEquiv>
                </Word>
                <Word id="tr_1_tl_34_w2" custom="readingOrder {index:1;}">
                    <Coords points="704,2070 704,2130 818,2130 818,2070"/>
                    <TextEquiv>
                        <Unicode>bereute</Unicode>
                    </TextEquiv>
                </Word>
                <Word id="tr_1_tl_34_w3" custom="readingOrder {index:2;}">
                    <Coords points="841,2068 841,2128 850,2128 850,2068"/>
                    <TextEquiv>
                        <Unicode>—</Unicode>
                    </TextEquiv>
                </Word>
                <Word id="tr_1_tl_34_w4" custom="readingOrder {index:3;}">
                    <Coords points="896,2071 896,2131 1083,2131 1083,2071"/>
                    <TextEquiv>
                        <Unicode>Versprechen</Unicode>
                    </TextEquiv>
                </Word>
                <Word id="tr_1_tl_34_w5" custom="readingOrder {index:4;}">
                    <Coords points="1115,2076 1115,2136 1347,2136 1347,2076"/>
                    <TextEquiv>
                        <Unicode>abgenommen,</Unicode>
                    </TextEquiv>
                </Word>
                <Word id="tr_1_tl_34_w6" custom="readingOrder {index:5;}">
                    <Coords points="1366,2078 1366,2138 1406,2138 1406,2078"/>
                    <TextEquiv>
                        <Unicode>ihn</Unicode>
                    </TextEquiv>
                </Word>
                <Word id="tr_1_tl_34_w7" custom="readingOrder {index:6;}">
                    <Coords points="1434,2079 1434,2139 1456,2139 1456,2079"/>
                    <TextEquiv>
                        <Unicode>zu</Unicode>
                    </TextEquiv>
                </Word>
                <Word id="tr_1_tl_34_w8" custom="readingOrder {index:7;}">
                    <Coords points="1484,2079 1484,2139 1579,2139 1579,2079"/>
                    <TextEquiv>
                        <Unicode>töten,</Unicode>
                    </TextEquiv>
                </Word>
                <Word id="tr_1_tl_34_w9" custom="readingOrder {index:8;}">
                    <Coords points="1594,2082 1594,2142 1661,2142 1661,2082"/>
                    <TextEquiv>
                        <Unicode>falls</Unicode>
                    </TextEquiv>
                </Word>
                <TextEquiv>
                    <Unicode>längst bereute — Versprechen abgenommen, ihn zu töten, falls</Unicode>
                </TextEquiv>
            </TextLine>
            <TextLine id="tr_1_tl_35" custom="readingOrder {index:34;}">
                <Coords points="1709,2148 1736,2158 1755,2143 1770,2158 1797,2141 1804,2148 1875,2141 1880,2097 1865,2092 1789,2102 1780,2092 1714,2104"/>
                <Baseline points="1725,2140 1751,2134 1777,2132 1804,2130 1830,2129 1856,2124 1883,2119"/>
                <Word id="tr_1_tl_35_w1" custom="readingOrder {index:0;}">
                    <Coords points="1717,2090 1717,2150 1870,2150 1870,2090"/>
                    <TextEquiv>
                        <Unicode>gesetzt?"</Unicode>
                    </TextEquiv>
                </Word>
                <TextEquiv>
                    <Unicode>gesetzt?"</Unicode>
                </TextEquiv>
            </TextLine>
            <TextLine id="tr_1_tl_36" custom="readingOrder {index:35;}">
                <Coords points="586,2153 1658,2170 1658,2131 1475,2121 586,2121"/>
                <Baseline points="599,2146 652,2149 705,2149 758,2149 811,2149 864,2149 917,2149 971,2150 1024,2152 1077,2154 1130,2155 1183,2158 1236,2156 1289,2157 1343,2157 1396,2158 1449,2152 1502,2158 1555,2160 1608,2161 1662,2161"/>
                <Word id="tr_1_tl_36_w1" custom="readingOrder {index:0;}">
                    <Coords points="589,2106 589,2166 620,2166 620,2106"/>
                    <TextEquiv>
                        <Unicode>er</Unicode>
                    </TextEquiv>
                </Word>
                <Word id="tr_1_tl_36_w2" custom="readingOrder {index:1;}">
                    <Coords points="648,2109 648,2169 670,2169 670,2109"/>
                    <TextEquiv>
                        <Unicode>in</Unicode>
                    </TextEquiv>
                </Word>
                <Word id="tr_1_tl_36_w3" custom="readingOrder {index:2;}">
                    <Coords points="703,2109 703,2169 747,2169 747,2109"/>
                    <TextEquiv>
                        <Unicode>die</Unicode>
                    </TextEquiv>
                </Word>
                <Word id="tr_1_tl_36_w4" custom="readingOrder {index:3;}">
                    <Coords points="776,2109 776,2169 866,2169 866,2109"/>
                    <TextEquiv>
                        <Unicode>Nacht</Unicode>
                    </TextEquiv>
                </Word>
                <Word id="tr_1_tl_36_w5" custom="readingOrder {index:4;}">
                    <Coords points="894,2109 894,2169 943,2169 943,2109"/>
                    <TextEquiv>
                        <Unicode>des</Unicode>
                    </TextEquiv>
                </Word>
                <Word id="tr_1_tl_36_w6" custom="readingOrder {index:5;}">
                    <Coords points="971,2113 971,2173 1153,2173 1153,2113"/>
                    <TextEquiv>
                        <Unicode>Wahnsinns</Unicode>
                    </TextEquiv>
                </Word>
                <Word id="tr_1_tl_36_w7" custom="readingOrder {index:6;}">
                    <Coords points="1185,2116 1185,2176 1271,2176 1271,2116"/>
                    <TextEquiv>
                        <Unicode>fallen</Unicode>
                    </TextEquiv>
                </Word>
                <Word id="tr_1_tl_36_w8" custom="readingOrder {index:7;}">
                    <Coords points="1304,2117 1304,2177 1398,2177 1398,2117"/>
                    <TextEquiv>
                        <Unicode>sollte.</Unicode>
                    </TextEquiv>
                </Word>
                <Word id="tr_1_tl_36_w9" custom="readingOrder {index:8;}">
                    <Coords points="1421,2114 1421,2174 1430,2174 1430,2114"/>
                    <TextEquiv>
                        <Unicode>—</Unicode>
                    </TextEquiv>
                </Word>
                <Word id="tr_1_tl_36_w10" custom="readingOrder {index:9;}">
                    <Coords points="1480,2117 1480,2177 1521,2177 1521,2117"/>
                    <TextEquiv>
                        <Unicode>Im</Unicode>
                    </TextEquiv>
                </Word>
                <Word id="tr_1_tl_36_w11" custom="readingOrder {index:10;}">
                    <Coords points="1563,2121 1563,2181 1653,2181 1653,2121"/>
                    <TextEquiv>
                        <Unicode>letzten</Unicode>
                    </TextEquiv>
                </Word>
                <TextEquiv>
                    <Unicode>er in die Nacht des Wahnsinns fallen sollte. — Im letzten</Unicode>
                </TextEquiv>
            </TextLine>
            <TextLine id="tr_1_tl_37" custom="readingOrder {index:36;}">
                <Coords points="1753,2197 2434,2192 2702,2229 2856,2202 2854,2158 2573,2119 2361,2146 2268,2102 2136,2153 2051,2109 1750,2165"/>
                <Baseline points="1767,2184 1821,2181 1876,2181 1931,2181 1986,2181 2040,2181 2095,2182 2150,2184 2205,2186 2259,2187 2314,2188 2369,2190 2424,2190 2478,2190 2533,2190 2588,2193 2643,2193 2697,2193 2752,2193 2807,2196 2862,2193"/>
                <Word id="tr_1_tl_37_w1" custom="readingOrder {index:0;}">
                    <Coords points="1756,2141 1756,2201 1903,2201 1903,2141"/>
                    <TextEquiv>
                        <Unicode>„Warum</Unicode>
                    </TextEquiv>
                </Word>
                <Word id="tr_1_tl_37_w2" custom="readingOrder {index:1;}">
                    <Coords points="1953,2141 1953,2201 2013,2201 2013,2141"/>
                    <TextEquiv>
                        <Unicode>bist</Unicode>
                    </TextEquiv>
                </Word>
                <Word id="tr_1_tl_37_w3" custom="readingOrder {index:2;}">
                    <Coords points="2036,2141 2036,2201 2074,2201 2074,2141"/>
                    <TextEquiv>
                        <Unicode>du</Unicode>
                    </TextEquiv>
                </Word>
                <Word id="tr_1_tl_37_w4" custom="readingOrder {index:3;}">
                    <Coords points="2107,2143 2107,2203 2172,2203 2172,2143"/>
                    <TextEquiv>
                        <Unicode>da?</Unicode>
                    </TextEquiv>
                </Word>
                <Word id="tr_1_tl_37_w5" custom="readingOrder {index:4;}">
                    <Coords points="2201,2146 2201,2206 2288,2206 2288,2146"/>
                    <TextEquiv>
                        <Unicode>Was</Unicode>
                    </TextEquiv>
                </Word>
                <Word id="tr_1_tl_37_w6" custom="readingOrder {index:5;}">
                    <Coords points="2316,2149 2316,2209 2414,2209 2414,2149"/>
                    <TextEquiv>
                        <Unicode>willst</Unicode>
                    </TextEquiv>
                </Word>
                <Word id="tr_1_tl_37_w7" custom="readingOrder {index:6;}">
                    <Coords points="2442,2150 2442,2210 2475,2210 2475,2150"/>
                    <TextEquiv>
                        <Unicode>du</Unicode>
                    </TextEquiv>
                </Word>
                <Word id="tr_1_tl_37_w8" custom="readingOrder {index:7;}">
                    <Coords points="2514,2150 2514,2210 2568,2210 2568,2150"/>
                    <TextEquiv>
                        <Unicode>von</Unicode>
                    </TextEquiv>
                </Word>
                <Word id="tr_1_tl_37_w9" custom="readingOrder {index:8;}">
                    <Coords points="2607,2153 2607,2213 2689,2213 2689,2153"/>
                    <TextEquiv>
                        <Unicode>mir?</Unicode>
                    </TextEquiv>
                </Word>
                <Word id="tr_1_tl_37_w10" custom="readingOrder {index:9;}">
                    <Coords points="2722,2154 2722,2214 2820,2214 2820,2154"/>
                    <TextEquiv>
                        <Unicode>Nimm</Unicode>
                    </TextEquiv>
                </Word>
                <TextEquiv>
                    <Unicode>„Warum bist du da? Was willst du von mir? Nimm</Unicode>
                </TextEquiv>
            </TextLine>
            <TextLine id="tr_1_tl_38" custom="readingOrder {index:37;}">
                <Coords points="586,2195 1611,2214 1665,2212 1665,2175 583,2151"/>
                <Baseline points="599,2187 652,2187 706,2187 759,2187 813,2189 867,2190 920,2190 974,2190 1027,2190 1081,2192 1135,2193 1188,2193 1242,2193 1295,2193 1349,2195 1403,2196 1456,2196 1510,2196 1563,2198 1617,2199 1671,2199"/>
                <Word id="tr_1_tl_38_w1" custom="readingOrder {index:0;}">
                    <Coords points="590,2147 590,2207 709,2207 709,2147"/>
                    <TextEquiv>
                        <Unicode>Kapitel</Unicode>
                    </TextEquiv>
                </Word>
                <Word id="tr_1_tl_38_w2" custom="readingOrder {index:1;}">
                    <Coords points="732,2147 732,2207 778,2207 778,2147"/>
                    <TextEquiv>
                        <Unicode>des</Unicode>
                    </TextEquiv>
                </Word>
                <Word id="tr_1_tl_38_w3" custom="readingOrder {index:2;}">
                    <Coords points="805,2150 805,2210 942,2210 942,2150"/>
                    <TextEquiv>
                        <Unicode>Romans</Unicode>
                    </TextEquiv>
                </Word>
                <Word id="tr_1_tl_38_w4" custom="readingOrder {index:3;}">
                    <Coords points="968,2150 968,2210 1076,2210 1076,2150"/>
                    <TextEquiv>
                        <Unicode>wartet</Unicode>
                    </TextEquiv>
                </Word>
                <Word id="tr_1_tl_38_w5" custom="readingOrder {index:4;}">
                    <Coords points="1097,2152 1097,2212 1144,2212 1144,2152"/>
                    <TextEquiv>
                        <Unicode>der</Unicode>
                    </TextEquiv>
                </Word>
                <Word id="tr_1_tl_38_w6" custom="readingOrder {index:5;}">
                    <Coords points="1166,2153 1166,2213 1360,2213 1360,2153"/>
                    <TextEquiv>
                        <Unicode>Sektionsrat</Unicode>
                    </TextEquiv>
                </Word>
                <Word id="tr_1_tl_38_w7" custom="readingOrder {index:6;}">
                    <Coords points="1382,2156 1382,2216 1497,2216 1497,2156"/>
                    <TextEquiv>
                        <Unicode>Robert</Unicode>
                    </TextEquiv>
                </Word>
                <Word id="tr_1_tl_38_w8" custom="readingOrder {index:7;}">
                    <Coords points="1515,2156 1515,2216 1536,2216 1536,2156"/>
                    <TextEquiv>
                        <Unicode>in</Unicode>
                    </TextEquiv>
                </Word>
                <Word id="tr_1_tl_38_w9" custom="readingOrder {index:8;}">
                    <Coords points="1567,2158 1567,2218 1643,2218 1643,2158"/>
                    <TextEquiv>
                        <Unicode>einem</Unicode>
                    </TextEquiv>
                </Word>
                <TextEquiv>
                    <Unicode>Kapitel des Romans wartet der Sektionsrat Robert in einem</Unicode>
                </TextEquiv>
            </TextLine>
            <TextLine id="tr_1_tl_39" custom="readingOrder {index:38;}">
                <Coords points="586,2231 996,2268 1199,2236 1279,2280 1348,2244 1455,2278 1658,2263 1658,2209 1555,2200 586,2195"/>
                <Baseline points="599,2220 652,2226 705,2226 758,2226 811,2226 864,2226 917,2229 971,2228 1024,2227 1077,2231 1130,2232 1183,2232 1236,2235 1289,2235 1343,2235 1396,2235 1449,2235 1502,2238 1555,2241 1608,2241 1662,2235"/>
                <Word id="tr_1_tl_39_w1" custom="readingOrder {index:0;}">
                    <Coords points="590,2186 590,2246 742,2246 742,2186"/>
                    <TextEquiv>
                        <Unicode>ärmlichen</Unicode>
                    </TextEquiv>
                </Word>
                <Word id="tr_1_tl_39_w2" custom="readingOrder {index:1;}">
                    <Coords points="772,2186 772,2246 899,2246 899,2186"/>
                    <TextEquiv>
                        <Unicode>Gasthof</Unicode>
                    </TextEquiv>
                </Word>
                <Word id="tr_1_tl_39_w3" custom="readingOrder {index:2;}">
                    <Coords points="924,2188 924,2248 973,2248 973,2188"/>
                    <TextEquiv>
                        <Unicode>auf</Unicode>
                    </TextEquiv>
                </Word>
                <Word id="tr_1_tl_39_w4" custom="readingOrder {index:3;}">
                    <Coords points="994,2189 994,2249 1111,2249 1111,2189"/>
                    <TextEquiv>
                        <Unicode>Paula,</Unicode>
                    </TextEquiv>
                </Word>
                <Word id="tr_1_tl_39_w5" custom="readingOrder {index:4;}">
                    <Coords points="1136,2192 1136,2252 1175,2252 1175,2192"/>
                    <TextEquiv>
                        <Unicode>die</Unicode>
                    </TextEquiv>
                </Word>
                <Word id="tr_1_tl_39_w6" custom="readingOrder {index:5;}">
                    <Coords points="1200,2193 1200,2253 1229,2253 1229,2193"/>
                    <TextEquiv>
                        <Unicode>er</Unicode>
                    </TextEquiv>
                </Word>
                <Word id="tr_1_tl_39_w7" custom="readingOrder {index:6;}">
                    <Coords points="1254,2195 1254,2255 1455,2255 1455,2195"/>
                    <TextEquiv>
                        <Unicode>telegraphisch</Unicode>
                    </TextEquiv>
                </Word>
                <Word id="tr_1_tl_39_w8" custom="readingOrder {index:7;}">
                    <Coords points="1485,2197 1485,2257 1509,2257 1509,2197"/>
                    <TextEquiv>
                        <Unicode>zu</Unicode>
                    </TextEquiv>
                </Word>
                <Word id="tr_1_tl_39_w9" custom="readingOrder {index:8;}">
                    <Coords points="1539,2201 1539,2261 1583,2261 1583,2201"/>
                    <TextEquiv>
                        <Unicode>sich</Unicode>
                    </TextEquiv>
                </Word>
                <Word id="tr_1_tl_39_w10" custom="readingOrder {index:9;}">
                    <Coords points="1613,2197 1613,2257 1661,2257 1661,2197"/>
                    <TextEquiv>
                        <Unicode>ge¬</Unicode>
                    </TextEquiv>
                </Word>
                <TextEquiv>
                    <Unicode>ärmlichen Gasthof auf Paula, die er telegraphisch zu sich ge¬</Unicode>
                </TextEquiv>
            </TextLine>
            <TextLine id="tr_1_tl_40" custom="readingOrder {index:39;}">
                <Coords points="1714,2244 2292,2236 2395,2256 2392,2202 2307,2190 2099,2212 2026,2187 1780,2202 1711,2173"/>
                <Baseline points="1725,2229 1758,2225 1792,2226 1826,2229 1860,2229 1894,2229 1928,2229 1961,2229 1995,2229 2029,2229 2063,2231 2097,2232 2131,2232 2165,2232 2198,2234 2232,2235 2266,2235 2300,2235 2334,2237 2368,2238 2402,2241"/>
                <Word id="tr_1_tl_40_w1" custom="readingOrder {index:0;}">
                    <Coords points="1716,2185 1716,2245 1804,2245 1804,2185"/>
                    <TextEquiv>
                        <Unicode>nimm</Unicode>
                    </TextEquiv>
                </Word>
                <Word id="tr_1_tl_40_w2" custom="readingOrder {index:1;}">
                    <Coords points="1846,2189 1846,2249 1940,2249 1940,2189"/>
                    <TextEquiv>
                        <Unicode>deine</Unicode>
                    </TextEquiv>
                </Word>
                <Word id="tr_1_tl_40_w3" custom="readingOrder {index:2;}">
                    <Coords points="1966,2189 1966,2249 2080,2249 2080,2189"/>
                    <TextEquiv>
                        <Unicode>Hände</Unicode>
                    </TextEquiv>
                </Word>
                <Word id="tr_1_tl_40_w4" custom="readingOrder {index:3;}">
                    <Coords points="2107,2192 2107,2252 2169,2252 2169,2192"/>
                    <TextEquiv>
                        <Unicode>aus</Unicode>
                    </TextEquiv>
                </Word>
                <Word id="tr_1_tl_40_w5" custom="readingOrder {index:4;}">
                    <Coords points="2196,2194 2196,2254 2252,2254 2252,2194"/>
                    <TextEquiv>
                        <Unicode>dem</Unicode>
                    </TextEquiv>
                </Word>
                <Word id="tr_1_tl_40_w6" custom="readingOrder {index:5;}">
                    <Coords points="2300,2197 2300,2257 2398,2257 2398,2197"/>
                    <TextEquiv>
                        <Unicode>Pelz!</Unicode>
                    </TextEquiv>
                </Word>
                <TextEquiv>
                    <Unicode>nimm deine Hände aus dem Pelz!</Unicode>
                </TextEquiv>
            </TextLine>
            <TextLine id="tr_1_tl_41" custom="readingOrder {index:40;}">
                <Coords points="586,2278 659,2287 686,2285 696,2275 710,2285 767,2273 767,2236 713,2239 703,2231 684,2241 642,2231 618,2236 586,2229"/>
                <Baseline points="599,2265 627,2265 656,2265 684,2265 713,2265 741,2265 770,2265"/>
                <Word id="tr_1_tl_41_w1" custom="readingOrder {index:0;}">
                    <Coords points="590,2225 590,2285 673,2285 673,2225"/>
                    <TextEquiv>
                        <Unicode>beten</Unicode>
                    </TextEquiv>
                </Word>
                <Word id="tr_1_tl_41_w2" custom="readingOrder {index:1;}">
                    <Coords points="703,2225 703,2285 766,2285 766,2225"/>
                    <TextEquiv>
                        <Unicode>hat.</Unicode>
                    </TextEquiv>
                </Word>
                <TextEquiv>
                    <Unicode>beten hat.</Unicode>
                </TextEquiv>
            </TextLine>
            <TextLine id="tr_1_tl_42" custom="readingOrder {index:41;}">
                <Coords points="1748,2287 2856,2314 2895,2305 2895,2234 1745,2239"/>
                <Baseline points="1761,2277 1818,2276 1875,2276 1932,2277 1989,2277 2046,2280 2103,2280 2160,2280 2217,2281 2274,2283 2331,2285 2388,2289 2445,2286 2502,2288 2559,2289 2616,2289 2673,2289 2730,2291 2787,2292 2844,2292 2901,2292"/>
                <Word id="tr_1_tl_42_w1" custom="readingOrder {index:0;}">
                    <Coords points="1746,2236 1746,2296 1821,2296 1821,2236"/>
                    <TextEquiv>
                        <Unicode>Otto</Unicode>
                    </TextEquiv>
                </Word>
                <Word id="tr_1_tl_42_w2" custom="readingOrder {index:1;}">
                    <Coords points="1857,2236 1857,2296 1903,2296 1903,2236"/>
                    <TextEquiv>
                        <Unicode>sah</Unicode>
                    </TextEquiv>
                </Word>
                <Word id="tr_1_tl_42_w3" custom="readingOrder {index:2;}">
                    <Coords points="1939,2237 1939,2297 1985,2297 1985,2237"/>
                    <TextEquiv>
                        <Unicode>ihm</Unicode>
                    </TextEquiv>
                </Word>
                <Word id="tr_1_tl_42_w4" custom="readingOrder {index:3;}">
                    <Coords points="2032,2240 2032,2300 2113,2300 2113,2240"/>
                    <TextEquiv>
                        <Unicode>starr</Unicode>
                    </TextEquiv>
                </Word>
                <Word id="tr_1_tl_42_w5" custom="readingOrder {index:4;}">
                    <Coords points="2138,2240 2138,2300 2190,2300 2190,2240"/>
                    <TextEquiv>
                        <Unicode>ins</Unicode>
                    </TextEquiv>
                </Word>
                <Word id="tr_1_tl_42_w6" custom="readingOrder {index:5;}">
                    <Coords points="2220,2243 2220,2303 2360,2303 2360,2243"/>
                    <TextEquiv>
                        <Unicode>Gesic.</Unicode>
                    </TextEquiv>
                </Word>
                <Word id="tr_1_tl_42_w7" custom="readingOrder {index:6;}">
                    <Coords points="2384,2246 2384,2306 2499,2306 2499,2246"/>
                    <TextEquiv>
                        <Unicode>Zuerst</Unicode>
                    </TextEquiv>
                </Word>
                <Word id="tr_1_tl_42_w8" custom="readingOrder {index:7;}">
                    <Coords points="2524,2249 2524,2309 2611,2309 2611,2249"/>
                    <TextEquiv>
                        <Unicode>schien</Unicode>
                    </TextEquiv>
                </Word>
                <Word id="tr_1_tl_42_w9" custom="readingOrder {index:8;}">
                    <Coords points="2652,2249 2652,2309 2681,2309 2681,2249"/>
                    <TextEquiv>
                        <Unicode>er</Unicode>
                    </TextEquiv>
                </Word>
                <Word id="tr_1_tl_42_w10" custom="readingOrder {index:9;}">
                    <Coords points="2711,2251 2711,2311 2792,2311 2792,2251"/>
                    <TextEquiv>
                        <Unicode>nicht</Unicode>
                    </TextEquiv>
                </Word>
                <Word id="tr_1_tl_42_w11" custom="readingOrder {index:10;}">
                    <Coords points="2816,2252 2816,2312 2897,2312 2897,2252"/>
                    <TextEquiv>
                        <Unicode>recht</Unicode>
                    </TextEquiv>
                </Word>
                <TextEquiv>
                    <Unicode>Otto sah ihm starr ins Gesic. Zuerst schien er nicht recht</Unicode>
                </TextEquiv>
            </TextLine>
            <TextLine id="tr_1_tl_43" custom="readingOrder {index:42;}">
                <Coords points="515,2329 1641,2358 1655,2302 513,2273"/>
                <Baseline points="528,2322 584,2325 641,2325 698,2327 754,2328 811,2328 868,2330 924,2331 981,2331 1038,2334 1095,2334 1151,2334 1208,2334 1265,2334 1321,2336 1378,2334 1435,2337 1491,2339 1548,2340 1605,2337 1662,2337"/>
                <Word id="tr_1_tl_43_w1" custom="readingOrder {index:0;}">
                    <Coords points="519,2282 519,2342 561,2342 561,2282"/>
                    <TextEquiv>
                        <Unicode>Er</Unicode>
                    </TextEquiv>
                </Word>
                <Word id="tr_1_tl_43_w2" custom="readingOrder {index:1;}">
                    <Coords points="589,2285 589,2345 653,2345 653,2285"/>
                    <TextEquiv>
                        <Unicode>trat</Unicode>
                    </TextEquiv>
                </Word>
                <Word id="tr_1_tl_43_w3" custom="readingOrder {index:2;}">
                    <Coords points="675,2287 675,2347 723,2347 723,2287"/>
                    <TextEquiv>
                        <Unicode>ins</Unicode>
                    </TextEquiv>
                </Word>
                <Word id="tr_1_tl_43_w4" custom="readingOrder {index:3;}">
                    <Coords points="751,2288 751,2348 896,2348 896,2288"/>
                    <TextEquiv>
                        <Unicode>Haustor</Unicode>
                    </TextEquiv>
                </Word>
                <Word id="tr_1_tl_43_w5" custom="readingOrder {index:4;}">
                    <Coords points="924,2291 924,2351 983,2351 983,2291"/>
                    <TextEquiv>
                        <Unicode>und</Unicode>
                    </TextEquiv>
                </Word>
                <Word id="tr_1_tl_43_w6" custom="readingOrder {index:5;}">
                    <Coords points="1010,2294 1010,2354 1112,2354 1112,2294"/>
                    <TextEquiv>
                        <Unicode>fragte</Unicode>
                    </TextEquiv>
                </Word>
                <Word id="tr_1_tl_43_w7" custom="readingOrder {index:6;}">
                    <Coords points="1140,2294 1140,2354 1188,2354 1188,2294"/>
                    <TextEquiv>
                        <Unicode>für</Unicode>
                    </TextEquiv>
                </Word>
                <Word id="tr_1_tl_43_w8" custom="readingOrder {index:7;}">
                    <Coords points="1215,2294 1215,2354 1274,2354 1274,2294"/>
                    <TextEquiv>
                        <Unicode>alle</Unicode>
                    </TextEquiv>
                </Word>
                <Word id="tr_1_tl_43_w9" custom="readingOrder {index:8;}">
                    <Coords points="1297,2295 1297,2355 1388,2355 1388,2295"/>
                    <TextEquiv>
                        <Unicode>Fälle</Unicode>
                    </TextEquiv>
                </Word>
                <Word id="tr_1_tl_43_w10" custom="readingOrder {index:9;}">
                    <Coords points="1415,2299 1415,2359 1593,2359 1593,2299"/>
                    <TextEquiv>
                        <Unicode>nochmals,</Unicode>
                    </TextEquiv>
                </Word>
                <Word id="tr_1_tl_43_w11" custom="readingOrder {index:10;}">
                    <Coords points="1615,2297 1615,2357 1647,2357 1647,2297"/>
                    <TextEquiv>
                        <Unicode>ob</Unicode>
                    </TextEquiv>
                </Word>
                <TextEquiv>
                    <Unicode>Er trat ins Haustor und fragte für alle Fälle nochmals, ob</Unicode>
                </TextEquiv>
            </TextLine>
            <TextLine id="tr_1_tl_44" custom="readingOrder {index:43;}">
                <Coords points="1714,2339 2803,2361 2900,2348 2900,2312 1711,2270"/>
                <Baseline points="1728,2331 1790,2325 1852,2325 1914,2325 1976,2328 2038,2328 2100,2329 2162,2331 2224,2331 2286,2334 2348,2334 2410,2334 2472,2334 2534,2337 2596,2337 2658,2339 2720,2340 2782,2340 2844,2343 2907,2340"/>
                <Word id="tr_1_tl_44_w1" custom="readingOrder {index:0;}">
                    <Coords points="1716,2290 1716,2350 1741,2350 1741,2290"/>
                    <TextEquiv>
                        <Unicode>zu</Unicode>
                    </TextEquiv>
                </Word>
                <Word id="tr_1_tl_44_w2" custom="readingOrder {index:1;}">
                    <Coords points="1778,2285 1778,2345 1963,2345 1963,2285"/>
                    <TextEquiv>
                        <Unicode>verstehen.</Unicode>
                    </TextEquiv>
                </Word>
                <Word id="tr_1_tl_44_w3" custom="readingOrder {index:2;}">
                    <Coords points="1984,2288 1984,2348 2077,2348 2077,2288"/>
                    <TextEquiv>
                        <Unicode>Dann</Unicode>
                    </TextEquiv>
                </Word>
                <Word id="tr_1_tl_44_w4" custom="readingOrder {index:3;}">
                    <Coords points="2119,2291 2119,2351 2211,2351 2211,2291"/>
                    <TextEquiv>
                        <Unicode>aber,</Unicode>
                    </TextEquiv>
                </Word>
                <Word id="tr_1_tl_44_w5" custom="readingOrder {index:4;}">
                    <Coords points="2232,2292 2232,2352 2293,2352 2293,2292"/>
                    <TextEquiv>
                        <Unicode>mit</Unicode>
                    </TextEquiv>
                </Word>
                <Word id="tr_1_tl_44_w6" custom="readingOrder {index:5;}">
                    <Coords points="2315,2294 2315,2354 2562,2354 2562,2294"/>
                    <TextEquiv>
                        <Unicode>übertriebener</Unicode>
                    </TextEquiv>
                </Word>
                <Word id="tr_1_tl_44_w7" custom="readingOrder {index:6;}">
                    <Coords points="2594,2299 2594,2359 2764,2359 2764,2299"/>
                    <TextEquiv>
                        <Unicode>Gebärde,</Unicode>
                    </TextEquiv>
                </Word>
                <Word id="tr_1_tl_44_w8" custom="readingOrder {index:7;}">
                    <Coords points="2785,2301 2785,2361 2826,2361 2826,2301"/>
                    <TextEquiv>
                        <Unicode>riß</Unicode>
                    </TextEquiv>
                </Word>
                <Word id="tr_1_tl_44_w9" custom="readingOrder {index:8;}">
                    <Coords points="2862,2301 2862,2361 2893,2361 2893,2301"/>
                    <TextEquiv>
                        <Unicode>er</Unicode>
                    </TextEquiv>
                </Word>
                <TextEquiv>
                    <Unicode>zu verstehen. Dann aber, mit übertriebener Gebärde, riß er</Unicode>
                </TextEquiv>
            </TextLine>
            <TextLine id="tr_1_tl_45" custom="readingOrder {index:44;}">
                <Coords points="469,2385 1655,2405 1655,2356 466,2336"/>
                <Baseline points="483,2370 545,2374 607,2375 669,2375 731,2375 793,2378 855,2378 917,2378 979,2378 1041,2381 1103,2381 1165,2382 1227,2384 1289,2384 1351,2384 1413,2384 1475,2384 1537,2387 1599,2387 1662,2387"/>
                <Word id="tr_1_tl_45_w1" custom="readingOrder {index:0;}">
                    <Coords points="472,2332 472,2392 558,2392 558,2332"/>
                    <TextEquiv>
                        <Unicode>nicht</Unicode>
                    </TextEquiv>
                </Word>
                <Word id="tr_1_tl_45_w2" custom="readingOrder {index:1;}">
                    <Coords points="580,2334 580,2394 623,2394 623,2334"/>
                    <TextEquiv>
                        <Unicode>ein</Unicode>
                    </TextEquiv>
                </Word>
                <Word id="tr_1_tl_45_w3" custom="readingOrder {index:2;}">
                    <Coords points="656,2335 656,2395 807,2395 807,2335"/>
                    <TextEquiv>
                        <Unicode>Depesche</Unicode>
                    </TextEquiv>
                </Word>
                <Word id="tr_1_tl_45_w4" custom="readingOrder {index:3;}">
                    <Coords points="835,2338 835,2398 883,2398 883,2338"/>
                    <TextEquiv>
                        <Unicode>für</Unicode>
                    </TextEquiv>
                </Word>
                <Word id="tr_1_tl_45_w5" custom="readingOrder {index:4;}">
                    <Coords points="911,2338 911,2398 959,2398 959,2338"/>
                    <TextEquiv>
                        <Unicode>ihn</Unicode>
                    </TextEquiv>
                </Word>
                <Word id="tr_1_tl_45_w6" custom="readingOrder {index:5;}">
                    <Coords points="986,2341 986,2401 1170,2401 1170,2341"/>
                    <TextEquiv>
                        <Unicode>gekommen</Unicode>
                    </TextEquiv>
                </Word>
                <Word id="tr_1_tl_45_w7" custom="readingOrder {index:6;}">
                    <Coords points="1203,2344 1203,2404 1262,2404 1262,2344"/>
                    <TextEquiv>
                        <Unicode>sei.</Unicode>
                    </TextEquiv>
                </Word>
                <Word id="tr_1_tl_45_w8" custom="readingOrder {index:7;}">
                    <Coords points="1279,2344 1279,2404 1343,2404 1343,2344"/>
                    <TextEquiv>
                        <Unicode>Der</Unicode>
                    </TextEquiv>
                </Word>
                <Word id="tr_1_tl_45_w9" custom="readingOrder {index:8;}">
                    <Coords points="1372,2344 1372,2404 1458,2404 1458,2344"/>
                    <TextEquiv>
                        <Unicode>Wirt</Unicode>
                    </TextEquiv>
                </Word>
                <Word id="tr_1_tl_45_w10" custom="readingOrder {index:9;}">
                    <Coords points="1480,2346 1480,2406 1571,2406 1571,2346"/>
                    <TextEquiv>
                        <Unicode>klärte</Unicode>
                    </TextEquiv>
                </Word>
                <Word id="tr_1_tl_45_w11" custom="readingOrder {index:10;}">
                    <Coords points="1599,2347 1599,2407 1647,2407 1647,2347"/>
                    <TextEquiv>
                        <Unicode>ihn</Unicode>
                    </TextEquiv>
                </Word>
                <TextEquiv>
                    <Unicode>nicht ein Depesche für ihn gekommen sei. Der Wirt klärte ihn</Unicode>
                </TextEquiv>
            </TextLine>
            <TextLine id="tr_1_tl_46" custom="readingOrder {index:45;}">
                <Coords points="1706,2380 2820,2405 2900,2402 2900,2348 1704,2341"/>
                <Baseline points="1719,2373 1778,2373 1837,2373 1896,2375 1956,2375 2015,2375 2074,2375 2133,2378 2193,2378 2252,2381 2311,2381 2370,2381 2430,2384 2489,2387 2548,2387 2607,2387 2667,2387 2726,2387 2785,2387 2844,2390 2904,2387"/>
                <Word id="tr_1_tl_46_w1" custom="readingOrder {index:0;}">
                    <Coords points="1710,2333 1710,2393 1806,2393 1806,2333"/>
                    <TextEquiv>
                        <Unicode>beide</Unicode>
                    </TextEquiv>
                </Word>
                <Word id="tr_1_tl_46_w2" custom="readingOrder {index:1;}">
                    <Coords points="1828,2334 1828,2394 1941,2394 1941,2334"/>
                    <TextEquiv>
                        <Unicode>Hände</Unicode>
                    </TextEquiv>
                </Word>
                <Word id="tr_1_tl_46_w3" custom="readingOrder {index:2;}">
                    <Coords points="1963,2335 1963,2395 2022,2395 2022,2335"/>
                    <TextEquiv>
                        <Unicode>aus</Unicode>
                    </TextEquiv>
                </Word>
                <Word id="tr_1_tl_46_w4" custom="readingOrder {index:3;}">
                    <Coords points="2044,2335 2044,2395 2098,2395 2098,2335"/>
                    <TextEquiv>
                        <Unicode>den</Unicode>
                    </TextEquiv>
                </Word>
                <Word id="tr_1_tl_46_w5" custom="readingOrder {index:4;}">
                    <Coords points="2125,2338 2125,2398 2254,2398 2254,2338"/>
                    <TextEquiv>
                        <Unicode>Taschen</Unicode>
                    </TextEquiv>
                </Word>
                <Word id="tr_1_tl_46_w6" custom="readingOrder {index:5;}">
                    <Coords points="2282,2341 2282,2401 2379,2401 2379,2341"/>
                    <TextEquiv>
                        <Unicode>seines</Unicode>
                    </TextEquiv>
                </Word>
                <Word id="tr_1_tl_46_w7" custom="readingOrder {index:6;}">
                    <Coords points="2407,2346 2407,2406 2541,2406 2541,2346"/>
                    <TextEquiv>
                        <Unicode>Pelzes,</Unicode>
                    </TextEquiv>
                </Word>
                <Word id="tr_1_tl_46_w8" custom="readingOrder {index:7;}">
                    <Coords points="2558,2347 2558,2407 2708,2407 2708,2347"/>
                    <TextEquiv>
                        <Unicode>schüttelte</Unicode>
                    </TextEquiv>
                </Word>
                <Word id="tr_1_tl_46_w9" custom="readingOrder {index:8;}">
                    <Coords points="2731,2347 2731,2407 2784,2407 2784,2347"/>
                    <TextEquiv>
                        <Unicode>den</Unicode>
                    </TextEquiv>
                </Word>
                <Word id="tr_1_tl_46_w10" custom="readingOrder {index:9;}">
                    <Coords points="2812,2349 2812,2409 2897,2409 2897,2349"/>
                    <TextEquiv>
                        <Unicode>Kopf</Unicode>
                    </TextEquiv>
                </Word>
                <TextEquiv>
                    <Unicode>beide Hände aus den Taschen seines Pelzes, schüttelte den Kopf</Unicode>
                </TextEquiv>
            </TextLine>
            <TextLine id="tr_1_tl_47" custom="readingOrder {index:46;}">
                <Coords points="1711,2434 2893,2456 2893,2397 1711,2385"/>
                <Baseline points="1725,2420 1783,2420 1842,2422 1900,2423 1959,2424 2018,2424 2076,2426 2135,2426 2194,2429 2252,2429 2311,2429 2370,2430 2428,2432 2487,2432 2546,2432 2604,2434 2663,2435 2722,2435 2780,2435 2839,2438 2898,2435"/>
                <Word id="tr_1_tl_47_w1" custom="readingOrder {index:0;}">
                    <Coords points="1716,2380 1716,2440 1777,2440 1777,2380"/>
                    <TextEquiv>
                        <Unicode>und</Unicode>
                    </TextEquiv>
                </Word>
                <Word id="tr_1_tl_47_w2" custom="readingOrder {index:1;}">
                    <Coords points="1808,2382 1808,2442 1922,2442 1922,2382"/>
                    <TextEquiv>
                        <Unicode>verzog</Unicode>
                    </TextEquiv>
                </Word>
                <Word id="tr_1_tl_47_w3" custom="readingOrder {index:2;}">
                    <Coords points="1953,2384 1953,2444 2009,2444 2009,2384"/>
                    <TextEquiv>
                        <Unicode>den</Unicode>
                    </TextEquiv>
                </Word>
                <Word id="tr_1_tl_47_w4" custom="readingOrder {index:3;}">
                    <Coords points="2041,2386 2041,2446 2169,2446 2169,2386"/>
                    <TextEquiv>
                        <Unicode>Mund,</Unicode>
                    </TextEquiv>
                </Word>
                <Word id="tr_1_tl_47_w5" custom="readingOrder {index:4;}">
                    <Coords points="2190,2389 2190,2449 2236,2449 2236,2389"/>
                    <TextEquiv>
                        <Unicode>als</Unicode>
                    </TextEquiv>
                </Word>
                <Word id="tr_1_tl_47_w6" custom="readingOrder {index:5;}">
                    <Coords points="2267,2389 2267,2449 2355,2449 2355,2389"/>
                    <TextEquiv>
                        <Unicode>wenn</Unicode>
                    </TextEquiv>
                </Word>
                <Word id="tr_1_tl_47_w7" custom="readingOrder {index:6;}">
                    <Coords points="2391,2391 2391,2451 2422,2451 2422,2391"/>
                    <TextEquiv>
                        <Unicode>er</Unicode>
                    </TextEquiv>
                </Word>
                <Word id="tr_1_tl_47_w8" custom="readingOrder {index:7;}">
                    <Coords points="2448,2392 2448,2452 2546,2452 2546,2392"/>
                    <TextEquiv>
                        <Unicode>lachen</Unicode>
                    </TextEquiv>
                </Word>
                <Word id="tr_1_tl_47_w9" custom="readingOrder {index:8;}">
                    <Coords points="2582,2394 2582,2454 2706,2454 2706,2394"/>
                    <TextEquiv>
                        <Unicode>wollte,</Unicode>
                    </TextEquiv>
                </Word>
                <Word id="tr_1_tl_47_w10" custom="readingOrder {index:9;}">
                    <Coords points="2727,2395 2727,2455 2809,2455 2809,2395"/>
                    <TextEquiv>
                        <Unicode>dann</Unicode>
                    </TextEquiv>
                </Word>
                <Word id="tr_1_tl_47_w11" custom="readingOrder {index:10;}">
                    <Coords points="2840,2396 2840,2456 2886,2456 2886,2396"/>
                    <TextEquiv>
                        <Unicode>biß</Unicode>
                    </TextEquiv>
                </Word>
                <TextEquiv>
                    <Unicode>und verzog den Mund, als wenn er lachen wollte, dann biß</Unicode>
                </TextEquiv>
            </TextLine>
            <TextLine id="tr_1_tl_48" custom="readingOrder {index:47;}">
                <Coords points="474,2429 1658,2458 1660,2402 471,2385"/>
                <Baseline points="486,2423 545,2423 604,2423 663,2423 722,2424 781,2426 840,2426 899,2427 958,2429 1017,2429 1077,2432 1136,2432 1195,2432 1254,2432 1313,2432 1372,2432 1431,2432 1490,2433 1549,2435 1608,2438 1668,2438"/>
                <Word id="tr_1_tl_48_w1" custom="readingOrder {index:0;}">
                    <Coords points="476,2383 476,2443 550,2443 550,2383"/>
                    <TextEquiv>
                        <Unicode>auf,</Unicode>
                    </TextEquiv>
                </Word>
                <Word id="tr_1_tl_48_w2" custom="readingOrder {index:1;}">
                    <Coords points="566,2383 566,2443 618,2443 618,2383"/>
                    <TextEquiv>
                        <Unicode>daß</Unicode>
                    </TextEquiv>
                </Word>
                <Word id="tr_1_tl_48_w3" custom="readingOrder {index:2;}">
                    <Coords points="645,2383 645,2443 676,2443 676,2383"/>
                    <TextEquiv>
                        <Unicode>es</Unicode>
                    </TextEquiv>
                </Word>
                <Word id="tr_1_tl_48_w4" custom="readingOrder {index:3;}">
                    <Coords points="698,2383 698,2443 724,2443 724,2383"/>
                    <TextEquiv>
                        <Unicode>in</Unicode>
                    </TextEquiv>
                </Word>
                <Word id="tr_1_tl_48_w5" custom="readingOrder {index:4;}">
                    <Coords points="751,2386 751,2446 851,2446 851,2386"/>
                    <TextEquiv>
                        <Unicode>diesem</Unicode>
                    </TextEquiv>
                </Word>
                <Word id="tr_1_tl_48_w6" custom="readingOrder {index:5;}">
                    <Coords points="889,2388 889,2448 1004,2448 1004,2388"/>
                    <TextEquiv>
                        <Unicode>kleinen</Unicode>
                    </TextEquiv>
                </Word>
                <Word id="tr_1_tl_48_w7" custom="readingOrder {index:6;}">
                    <Coords points="1031,2391 1031,2451 1110,2451 1110,2391"/>
                    <TextEquiv>
                        <Unicode>Orte</Unicode>
                    </TextEquiv>
                </Word>
                <Word id="tr_1_tl_48_w8" custom="readingOrder {index:7;}">
                    <Coords points="1132,2392 1132,2452 1184,2452 1184,2392"/>
                    <TextEquiv>
                        <Unicode>von</Unicode>
                    </TextEquiv>
                </Word>
                <Word id="tr_1_tl_48_w9" custom="readingOrder {index:8;}">
                    <Coords points="1216,2392 1216,2452 1226,2452 1226,2392"/>
                    <TextEquiv>
                        <Unicode>7</Unicode>
                    </TextEquiv>
                </Word>
                <Word id="tr_1_tl_48_w10" custom="readingOrder {index:9;}">
                    <Coords points="1253,2392 1253,2452 1316,2452 1316,2392"/>
                    <TextEquiv>
                        <Unicode>Uhr</Unicode>
                    </TextEquiv>
                </Word>
                <Word id="tr_1_tl_48_w11" custom="readingOrder {index:10;}">
                    <Coords points="1338,2392 1338,2452 1459,2452 1459,2392"/>
                    <TextEquiv>
                        <Unicode>abends</Unicode>
                    </TextEquiv>
                </Word>
                <Word id="tr_1_tl_48_w12" custom="readingOrder {index:11;}">
                    <Coords points="1481,2393 1481,2453 1528,2453 1528,2393"/>
                    <TextEquiv>
                        <Unicode>bis</Unicode>
                    </TextEquiv>
                </Word>
                <Word id="tr_1_tl_48_w13" custom="readingOrder {index:12;}">
                    <Coords points="1555,2395 1555,2455 1565,2455 1565,2395"/>
                    <TextEquiv>
                        <Unicode>7</Unicode>
                    </TextEquiv>
                </Word>
                <Word id="tr_1_tl_48_w14" custom="readingOrder {index:13;}">
                    <Coords points="1592,2398 1592,2458 1654,2458 1654,2398"/>
                    <TextEquiv>
                        <Unicode>Uhr</Unicode>
                    </TextEquiv>
                </Word>
                <TextEquiv>
                    <Unicode>auf, daß es in diesem kleinen Orte von 7 Uhr abends bis 7 Uhr</Unicode>
                </TextEquiv>
            </TextLine>
            <TextLine id="tr_1_tl_49" custom="readingOrder {index:48;}">
                <Coords points="474,2485 1299,2524 1655,2497 1655,2456 1553,2441 474,2431"/>
                <Baseline points="486,2474 544,2471 603,2471 662,2471 721,2472 780,2474 838,2474 897,2475 956,2477 1015,2477 1074,2477 1132,2480 1191,2480 1250,2480 1309,2483 1368,2483 1426,2483 1485,2483 1544,2483 1603,2486 1662,2486"/>
                <Word id="tr_1_tl_49_w1" custom="readingOrder {index:0;}">
                    <Coords points="474,2432 474,2492 539,2492 539,2432"/>
                    <TextEquiv>
                        <Unicode>früh</Unicode>
                    </TextEquiv>
                </Word>
                <Word id="tr_1_tl_49_w2" custom="readingOrder {index:1;}">
                    <Coords points="567,2431 567,2491 663,2491 663,2431"/>
                    <TextEquiv>
                        <Unicode>keinen</Unicode>
                    </TextEquiv>
                </Word>
                <Word id="tr_1_tl_49_w3" custom="readingOrder {index:2;}">
                    <Coords points="697,2434 697,2494 1033,2494 1033,2434"/>
                    <TextEquiv>
                        <Unicode>Telegraphendienst</Unicode>
                    </TextEquiv>
                </Word>
                <Word id="tr_1_tl_49_w4" custom="readingOrder {index:3;}">
                    <Coords points="1050,2438 1050,2498 1147,2498 1147,2438"/>
                    <TextEquiv>
                        <Unicode>gäbe.</Unicode>
                    </TextEquiv>
                </Word>
                <Word id="tr_1_tl_49_w5" custom="readingOrder {index:4;}">
                    <Coords points="1164,2440 1164,2500 1234,2500 1234,2440"/>
                    <TextEquiv>
                        <Unicode>Nun</Unicode>
                    </TextEquiv>
                </Word>
                <Word id="tr_1_tl_49_w6" custom="readingOrder {index:5;}">
                    <Coords points="1262,2441 1262,2501 1310,2501 1310,2441"/>
                    <TextEquiv>
                        <Unicode>kam</Unicode>
                    </TextEquiv>
                </Word>
                <Word id="tr_1_tl_49_w7" custom="readingOrder {index:6;}">
                    <Coords points="1354,2443 1354,2503 1479,2503 1479,2443"/>
                    <TextEquiv>
                        <Unicode>Robert</Unicode>
                    </TextEquiv>
                </Word>
                <Word id="tr_1_tl_49_w8" custom="readingOrder {index:7;}">
                    <Coords points="1501,2443 1501,2503 1555,2503 1555,2443"/>
                    <TextEquiv>
                        <Unicode>auf</Unicode>
                    </TextEquiv>
                </Word>
                <Word id="tr_1_tl_49_w9" custom="readingOrder {index:8;}">
                    <Coords points="1572,2446 1572,2506 1652,2506 1652,2446"/>
                    <TextEquiv>
                        <Unicode>seine</Unicode>
                    </TextEquiv>
                </Word>
                <TextEquiv>
                    <Unicode>früh keinen Telegraphendienst gäbe. Nun kam Robert auf seine</Unicode>
                </TextEquiv>
            </TextLine>
            <TextLine id="tr_1_tl_50" custom="readingOrder {index:49;}">
                <Coords points="1714,2483 2785,2505 2895,2497 2893,2456 1711,2434"/>
                <Baseline points="1725,2468 1783,2471 1842,2471 1900,2471 1959,2472 2018,2474 2076,2474 2135,2477 2194,2478 2252,2480 2311,2480 2370,2480 2428,2480 2487,2480 2546,2483 2604,2483 2663,2486 2722,2483 2780,2485 2839,2486 2898,2486"/>
                <Word id="tr_1_tl_50_w1" custom="readingOrder {index:0;}">
                    <Coords points="1717,2428 1717,2488 1743,2488 1743,2428"/>
                    <TextEquiv>
                        <Unicode>er</Unicode>
                    </TextEquiv>
                </Word>
                <Word id="tr_1_tl_50_w2" custom="readingOrder {index:1;}">
                    <Coords points="1771,2431 1771,2491 1819,2491 1819,2431"/>
                    <TextEquiv>
                        <Unicode>sich</Unicode>
                    </TextEquiv>
                </Word>
                <Word id="tr_1_tl_50_w3" custom="readingOrder {index:2;}">
                    <Coords points="1852,2431 1852,2491 1873,2491 1873,2431"/>
                    <TextEquiv>
                        <Unicode>in</Unicode>
                    </TextEquiv>
                </Word>
                <Word id="tr_1_tl_50_w4" custom="readingOrder {index:3;}">
                    <Coords points="1906,2431 1906,2491 1954,2491 1954,2431"/>
                    <TextEquiv>
                        <Unicode>die</Unicode>
                    </TextEquiv>
                </Word>
                <Word id="tr_1_tl_50_w5" custom="readingOrder {index:4;}">
                    <Coords points="1981,2434 1981,2494 2099,2494 2099,2434"/>
                    <TextEquiv>
                        <Unicode>Lippen</Unicode>
                    </TextEquiv>
                </Word>
                <Word id="tr_1_tl_50_w6" custom="readingOrder {index:5;}">
                    <Coords points="2138,2437 2138,2497 2191,2497 2191,2437"/>
                    <TextEquiv>
                        <Unicode>und</Unicode>
                    </TextEquiv>
                </Word>
                <Word id="tr_1_tl_50_w7" custom="readingOrder {index:6;}">
                    <Coords points="2224,2440 2224,2500 2332,2500 2332,2440"/>
                    <TextEquiv>
                        <Unicode>sagte:</Unicode>
                    </TextEquiv>
                </Word>
                <Word id="tr_1_tl_50_w8" custom="readingOrder {index:7;}">
                    <Coords points="2354,2440 2354,2500 2418,2500 2418,2440"/>
                    <TextEquiv>
                        <Unicode>„Du</Unicode>
                    </TextEquiv>
                </Word>
                <Word id="tr_1_tl_50_w9" custom="readingOrder {index:8;}">
                    <Coords points="2451,2440 2451,2500 2461,2500 2461,2440"/>
                    <TextEquiv>
                        <Unicode>—</Unicode>
                    </TextEquiv>
                </Word>
                <Word id="tr_1_tl_50_w10" custom="readingOrder {index:9;}">
                    <Coords points="2516,2442 2516,2502 2547,2502 2547,2442"/>
                    <TextEquiv>
                        <Unicode>du</Unicode>
                    </TextEquiv>
                </Word>
                <Word id="tr_1_tl_50_w11" custom="readingOrder {index:10;}">
                    <Coords points="2581,2445 2581,2505 2720,2505 2720,2445"/>
                    <TextEquiv>
                        <Unicode>träumst</Unicode>
                    </TextEquiv>
                </Word>
                <Word id="tr_1_tl_50_w12" custom="readingOrder {index:11;}">
                    <Coords points="2743,2445 2743,2505 2888,2505 2888,2445"/>
                    <TextEquiv>
                        <Unicode>offenbar</Unicode>
                    </TextEquiv>
                </Word>
                <TextEquiv>
                    <Unicode>er sich in die Lippen und sagte: „Du — du träumst offenbar</Unicode>
                </TextEquiv>
            </TextLine>
            <TextLine id="tr_1_tl_51" custom="readingOrder {index:50;}">
                <Coords points="464,2532 637,2539 654,2527 666,2536 725,2527 784,2549 803,2544 803,2493 776,2488 696,2480 647,2493 605,2478 554,2490 515,2475 464,2495"/>
                <Baseline points="477,2516 502,2518 527,2519 553,2519 578,2519 604,2519 629,2519 655,2519 680,2519 706,2519 731,2521 757,2522 782,2522 808,2522"/>
                <Word id="tr_1_tl_51_w1" custom="readingOrder {index:0;}">
                    <Coords points="469,2478 469,2538 545,2538 545,2478"/>
                    <TextEquiv>
                        <Unicode>erste</Unicode>
                    </TextEquiv>
                </Word>
                <Word id="tr_1_tl_51_w2" custom="readingOrder {index:1;}">
                    <Coords points="571,2479 571,2539 806,2539 806,2479"/>
                    <TextEquiv>
                        <Unicode>Vermutung.</Unicode>
                    </TextEquiv>
                </Word>
                <TextEquiv>
                    <Unicode>erste Vermutung.</Unicode>
                </TextEquiv>
            </TextLine>
            <TextLine id="tr_1_tl_52" custom="readingOrder {index:51;}">
                <Coords points="1711,2527 2893,2551 2878,2495 1711,2485"/>
                <Baseline points="1725,2519 1783,2519 1842,2519 1900,2519 1959,2520 2018,2522 2076,2522 2135,2522 2194,2525 2252,2525 2311,2528 2370,2529 2428,2529 2487,2528 2546,2532 2604,2530 2663,2531 2722,2532 2780,2534 2839,2534 2898,2540"/>
                <Word id="tr_1_tl_52_w1" custom="readingOrder {index:0;}">
                    <Coords points="1711,2479 1711,2539 1805,2539 1805,2479"/>
                    <TextEquiv>
                        <Unicode>noch.</Unicode>
                    </TextEquiv>
                </Word>
                <Word id="tr_1_tl_52_w2" custom="readingOrder {index:1;}">
                    <Coords points="1827,2479 1827,2539 1927,2539 1927,2479"/>
                    <TextEquiv>
                        <Unicode>Komm</Unicode>
                    </TextEquiv>
                </Word>
                <Word id="tr_1_tl_52_w3" custom="readingOrder {index:2;}">
                    <Coords points="1969,2481 1969,2541 2037,2541 2037,2481"/>
                    <TextEquiv>
                        <Unicode>doch</Unicode>
                    </TextEquiv>
                </Word>
                <Word id="tr_1_tl_52_w4" custom="readingOrder {index:3;}">
                    <Coords points="2070,2482 2070,2542 2095,2542 2095,2482"/>
                    <TextEquiv>
                        <Unicode>zu</Unicode>
                    </TextEquiv>
                </Word>
                <Word id="tr_1_tl_52_w5" custom="readingOrder {index:4;}">
                    <Coords points="2128,2483 2128,2543 2190,2543 2190,2483"/>
                    <TextEquiv>
                        <Unicode>dir.</Unicode>
                    </TextEquiv>
                </Word>
                <Word id="tr_1_tl_52_w6" custom="readingOrder {index:5;}">
                    <Coords points="2222,2485 2222,2545 2274,2545 2274,2485"/>
                    <TextEquiv>
                        <Unicode>Ich</Unicode>
                    </TextEquiv>
                </Word>
                <Word id="tr_1_tl_52_w7" custom="readingOrder {index:6;}">
                    <Coords points="2307,2488 2307,2548 2406,2548 2406,2488"/>
                    <TextEquiv>
                        <Unicode>bin's,</Unicode>
                    </TextEquiv>
                </Word>
                <Word id="tr_1_tl_52_w8" custom="readingOrder {index:7;}">
                    <Coords points="2428,2488 2428,2548 2570,2548 2570,2488"/>
                    <TextEquiv>
                        <Unicode>Robert,</Unicode>
                    </TextEquiv>
                </Word>
                <Word id="tr_1_tl_52_w9" custom="readingOrder {index:8;}">
                    <Coords points="2586,2490 2586,2550 2596,2550 2596,2490"/>
                    <TextEquiv>
                        <Unicode>—</Unicode>
                    </TextEquiv>
                </Word>
                <Word id="tr_1_tl_52_w10" custom="readingOrder {index:9;}">
                    <Coords points="2671,2491 2671,2551 2717,2551 2717,2491"/>
                    <TextEquiv>
                        <Unicode>ein</Unicode>
                    </TextEquiv>
                </Word>
                <Word id="tr_1_tl_52_w11" custom="readingOrder {index:10;}">
                    <Coords points="2750,2494 2750,2554 2891,2554 2891,2494"/>
                    <TextEquiv>
                        <Unicode>Bruder,</Unicode>
                    </TextEquiv>
                </Word>
                <TextEquiv>
                    <Unicode>noch. Komm doch zu dir. Ich bin's, Robert, — ein Bruder,</Unicode>
                </TextEquiv>
            </TextLine>
            <TextLine id="tr_1_tl_53" custom="readingOrder {index:52;}">
                <Coords points="1702,2578 2886,2593 2844,2541 1702,2529"/>
                <Baseline points="1716,2567 1774,2567 1833,2567 1892,2567 1951,2567 2010,2567 2068,2567 2127,2570 2186,2571 2245,2572 2304,2572 2362,2573 2421,2575 2480,2575 2539,2575 2598,2577 2656,2578 2715,2578 2774,2580 2833,2581 2892,2581"/>
                <Word id="tr_1_tl_53_w1" custom="readingOrder {index:0;}">
                    <Coords points="1712,2527 1712,2587 1776,2587 1776,2527"/>
                    <TextEquiv>
                        <Unicode>dein</Unicode>
                    </TextEquiv>
                </Word>
                <Word id="tr_1_tl_53_w2" custom="readingOrder {index:1;}">
                    <Coords points="1817,2527 1817,2587 1968,2587 1968,2527"/>
                    <TextEquiv>
                        <Unicode>Freund.</Unicode>
                    </TextEquiv>
                </Word>
                <Word id="tr_1_tl_53_w3" custom="readingOrder {index:2;}">
                    <Coords points="2003,2527 2003,2587 2088,2587 2088,2527"/>
                    <TextEquiv>
                        <Unicode>Was</Unicode>
                    </TextEquiv>
                </Word>
                <Word id="tr_1_tl_53_w4" custom="readingOrder {index:3;}">
                    <Coords points="2125,2530 2125,2590 2234,2590 2234,2530"/>
                    <TextEquiv>
                        <Unicode>bildest</Unicode>
                    </TextEquiv>
                </Word>
                <Word id="tr_1_tl_53_w5" custom="readingOrder {index:4;}">
                    <Coords points="2265,2532 2265,2592 2300,2592 2300,2532"/>
                    <TextEquiv>
                        <Unicode>du</Unicode>
                    </TextEquiv>
                </Word>
                <Word id="tr_1_tl_53_w6" custom="readingOrder {index:5;}">
                    <Coords points="2336,2532 2336,2592 2386,2592 2386,2532"/>
                    <TextEquiv>
                        <Unicode>dir</Unicode>
                    </TextEquiv>
                </Word>
                <Word id="tr_1_tl_53_w7" custom="readingOrder {index:6;}">
                    <Coords points="2417,2535 2417,2595 2497,2595 2497,2535"/>
                    <TextEquiv>
                        <Unicode>denn</Unicode>
                    </TextEquiv>
                </Word>
                <Word id="tr_1_tl_53_w8" custom="readingOrder {index:7;}">
                    <Coords points="2538,2536 2538,2596 2607,2596 2607,2536"/>
                    <TextEquiv>
                        <Unicode>ein?</Unicode>
                    </TextEquiv>
                </Word>
                <Word id="tr_1_tl_53_w9" custom="readingOrder {index:8;}">
                    <Coords points="2638,2538 2638,2598 2718,2598 2718,2538"/>
                    <TextEquiv>
                        <Unicode>Dein</Unicode>
                    </TextEquiv>
                </Word>
                <Word id="tr_1_tl_53_w10" custom="readingOrder {index:9;}">
                    <Coords points="2759,2540 2759,2600 2884,2600 2884,2540"/>
                    <TextEquiv>
                        <Unicode>Bruder</Unicode>
                    </TextEquiv>
                </Word>
                <TextEquiv>
                    <Unicode>dein Freund. Was bildest du dir denn ein? Dein Bruder</Unicode>
                </TextEquiv>
            </TextLine>
            <TextLine id="tr_1_tl_54" custom="readingOrder {index:53;}">
                <Coords points="508,2583 1653,2605 1653,2546 1545,2539 508,2536"/>
                <Baseline points="522,2570 578,2573 635,2575 692,2575 749,2575 806,2578 863,2578 919,2578 976,2581 1033,2581 1090,2583 1147,2584 1204,2584 1261,2584 1317,2584 1374,2587 1431,2587 1488,2587 1545,2590 1602,2590 1659,2587"/>
                <Word id="tr_1_tl_54_w1" custom="readingOrder {index:0;}">
                    <Coords points="513,2530 513,2590 559,2590 559,2530"/>
                    <TextEquiv>
                        <Unicode>Er</Unicode>
                    </TextEquiv>
                </Word>
                <Word id="tr_1_tl_54_w2" custom="readingOrder {index:1;}">
                    <Coords points="580,2534 580,2594 677,2594 677,2534"/>
                    <TextEquiv>
                        <Unicode>suchte</Unicode>
                    </TextEquiv>
                </Word>
                <Word id="tr_1_tl_54_w3" custom="readingOrder {index:2;}">
                    <Coords points="698,2535 698,2595 754,2595 754,2535"/>
                    <TextEquiv>
                        <Unicode>sein</Unicode>
                    </TextEquiv>
                </Word>
                <Word id="tr_1_tl_54_w4" custom="readingOrder {index:3;}">
                    <Coords points="786,2538 786,2598 930,2598 930,2538"/>
                    <TextEquiv>
                        <Unicode>Zimmer</Unicode>
                    </TextEquiv>
                </Word>
                <Word id="tr_1_tl_54_w5" custom="readingOrder {index:4;}">
                    <Coords points="951,2541 951,2601 1007,2601 1007,2541"/>
                    <TextEquiv>
                        <Unicode>auf</Unicode>
                    </TextEquiv>
                </Word>
                <Word id="tr_1_tl_54_w6" custom="readingOrder {index:5;}">
                    <Coords points="1028,2541 1028,2601 1089,2601 1089,2541"/>
                    <TextEquiv>
                        <Unicode>und</Unicode>
                    </TextEquiv>
                </Word>
                <Word id="tr_1_tl_54_w7" custom="readingOrder {index:6;}">
                    <Coords points="1116,2544 1116,2604 1192,2604 1192,2544"/>
                    <TextEquiv>
                        <Unicode>legte</Unicode>
                    </TextEquiv>
                </Word>
                <Word id="tr_1_tl_54_w8" custom="readingOrder {index:7;}">
                    <Coords points="1214,2544 1214,2604 1265,2604 1265,2544"/>
                    <TextEquiv>
                        <Unicode>sich</Unicode>
                    </TextEquiv>
                </Word>
                <Word id="tr_1_tl_54_w9" custom="readingOrder {index:8;}">
                    <Coords points="1291,2547 1291,2607 1558,2607 1558,2547"/>
                    <TextEquiv>
                        <Unicode>unausgekleidet</Unicode>
                    </TextEquiv>
                </Word>
                <Word id="tr_1_tl_54_w10" custom="readingOrder {index:9;}">
                    <Coords points="1579,2549 1579,2609 1651,2609 1651,2549"/>
                    <TextEquiv>
                        <Unicode>aufs</Unicode>
                    </TextEquiv>
                </Word>
                <TextEquiv>
                    <Unicode>Er suchte sein Zimmer auf und legte sich unausgekleidet aufs</Unicode>
                </TextEquiv>
            </TextLine>
            <TextLine id="tr_1_tl_55" custom="readingOrder {index:54;}">
                <Coords points="1765,2624 2883,2644 2881,2593 2820,2585 1765,2578"/>
                <Baseline points="1779,2611 1834,2614 1890,2614 1945,2614 2001,2614 2056,2617 2112,2617 2167,2619 2223,2620 2278,2623 2334,2621 2389,2623 2445,2623 2500,2626 2556,2625 2611,2625 2667,2626 2722,2626 2778,2629 2833,2629 2889,2629"/>
                <Word id="tr_1_tl_55_w1" custom="readingOrder {index:0;}">
                    <Coords points="1771,2574 1771,2634 1915,2634 1915,2574"/>
                    <TextEquiv>
                        <Unicode>Robert.</Unicode>
                    </TextEquiv>
                </Word>
                <Word id="tr_1_tl_55_w2" custom="readingOrder {index:1;}">
                    <Coords points="1937,2574 1937,2634 1987,2634 1987,2574"/>
                    <TextEquiv>
                        <Unicode>So</Unicode>
                    </TextEquiv>
                </Word>
                <Word id="tr_1_tl_55_w3" custom="readingOrder {index:2;}">
                    <Coords points="2015,2577 2015,2637 2131,2637 2131,2577"/>
                    <TextEquiv>
                        <Unicode>glaube</Unicode>
                    </TextEquiv>
                </Word>
                <Word id="tr_1_tl_55_w4" custom="readingOrder {index:3;}">
                    <Coords points="2159,2579 2159,2639 2253,2639 2253,2579"/>
                    <TextEquiv>
                        <Unicode>doch,</Unicode>
                    </TextEquiv>
                </Word>
                <Word id="tr_1_tl_55_w5" custom="readingOrder {index:4;}">
                    <Coords points="2270,2582 2270,2642 2297,2642 2297,2582"/>
                    <TextEquiv>
                        <Unicode>so</Unicode>
                    </TextEquiv>
                </Word>
                <Word id="tr_1_tl_55_w6" custom="readingOrder {index:5;}">
                    <Coords points="2326,2582 2326,2642 2414,2642 2414,2582"/>
                    <TextEquiv>
                        <Unicode>wisse</Unicode>
                    </TextEquiv>
                </Word>
                <Word id="tr_1_tl_55_w7" custom="readingOrder {index:6;}">
                    <Coords points="2443,2584 2443,2644 2509,2644 2509,2584"/>
                    <TextEquiv>
                        <Unicode>doch</Unicode>
                    </TextEquiv>
                </Word>
                <Word id="tr_1_tl_55_w8" custom="readingOrder {index:7;}">
                    <Coords points="2537,2585 2537,2645 2675,2645 2675,2585"/>
                    <TextEquiv>
                        <Unicode>endlich,</Unicode>
                    </TextEquiv>
                </Word>
                <Word id="tr_1_tl_55_w9" custom="readingOrder {index:8;}">
                    <Coords points="2692,2586 2692,2646 2725,2646 2725,2586"/>
                    <TextEquiv>
                        <Unicode>es</Unicode>
                    </TextEquiv>
                </Word>
                <Word id="tr_1_tl_55_w10" custom="readingOrder {index:9;}">
                    <Coords points="2753,2588 2753,2648 2791,2648 2791,2588"/>
                    <TextEquiv>
                        <Unicode>ist</Unicode>
                    </TextEquiv>
                </Word>
                <Word id="tr_1_tl_55_w11" custom="readingOrder {index:10;}">
                    <Coords points="2814,2589 2814,2649 2880,2649 2880,2589"/>
                    <TextEquiv>
                        <Unicode>doch</Unicode>
                    </TextEquiv>
                </Word>
                <TextEquiv>
                    <Unicode>Robert. So glaube doch, so wisse doch endlich, es ist doch</Unicode>
                </TextEquiv>
            </TextLine>
            <TextLine id="tr_1_tl_56" custom="readingOrder {index:55;}">
                <Coords points="466,2632 1650,2646 1650,2607 1496,2595 466,2578"/>
                <Baseline points="480,2620 538,2621 597,2623 656,2620 715,2623 774,2625 832,2626 891,2626 950,2626 1009,2626 1068,2629 1126,2632 1185,2632 1244,2632 1303,2632 1362,2634 1420,2635 1479,2635 1538,2637 1597,2638 1656,2635"/>
                <Word id="tr_1_tl_56_w1" custom="readingOrder {index:0;}">
                    <Coords points="470,2580 470,2640 563,2640 563,2580"/>
                    <TextEquiv>
                        <Unicode>Bett.</Unicode>
                    </TextEquiv>
                </Word>
                <Word id="tr_1_tl_56_w2" custom="readingOrder {index:1;}">
                    <Coords points="578,2581 578,2641 656,2641 656,2581"/>
                    <TextEquiv>
                        <Unicode>Eine</Unicode>
                    </TextEquiv>
                </Word>
                <Word id="tr_1_tl_56_w3" custom="readingOrder {index:2;}">
                    <Coords points="681,2584 681,2644 813,2644 813,2584"/>
                    <TextEquiv>
                        <Unicode>Stunde</Unicode>
                    </TextEquiv>
                </Word>
                <Word id="tr_1_tl_56_w4" custom="readingOrder {index:3;}">
                    <Coords points="838,2586 838,2646 941,2646 941,2586"/>
                    <TextEquiv>
                        <Unicode>wollte</Unicode>
                    </TextEquiv>
                </Word>
                <Word id="tr_1_tl_56_w5" custom="readingOrder {index:4;}">
                    <Coords points="967,2586 967,2646 995,2646 995,2586"/>
                    <TextEquiv>
                        <Unicode>er</Unicode>
                    </TextEquiv>
                </Word>
                <Word id="tr_1_tl_56_w6" custom="readingOrder {index:5;}">
                    <Coords points="1016,2589 1016,2649 1137,2649 1137,2589"/>
                    <TextEquiv>
                        <Unicode>ruhen,</Unicode>
                    </TextEquiv>
                </Word>
                <Word id="tr_1_tl_56_w7" custom="readingOrder {index:6;}">
                    <Coords points="1153,2592 1153,2652 1231,2652 1231,2592"/>
                    <TextEquiv>
                        <Unicode>denn</Unicode>
                    </TextEquiv>
                </Word>
                <Word id="tr_1_tl_56_w8" custom="readingOrder {index:7;}">
                    <Coords points="1261,2594 1261,2654 1472,2654 1472,2594"/>
                    <TextEquiv>
                        <Unicode>Mitternacht</Unicode>
                    </TextEquiv>
                </Word>
                <Word id="tr_1_tl_56_w9" custom="readingOrder {index:8;}">
                    <Coords points="1492,2596 1492,2656 1560,2656 1560,2596"/>
                    <TextEquiv>
                        <Unicode>war</Unicode>
                    </TextEquiv>
                </Word>
                <Word id="tr_1_tl_56_w10" custom="readingOrder {index:9;}">
                    <Coords points="1580,2597 1580,2657 1653,2657 1653,2597"/>
                    <TextEquiv>
                        <Unicode>vor¬</Unicode>
                    </TextEquiv>
                </Word>
                <TextEquiv>
                    <Unicode>Bett. Eine Stunde wollte er ruhen, denn Mitternacht war vor¬</Unicode>
                </TextEquiv>
            </TextLine>
            <TextLine id="tr_1_tl_57" custom="readingOrder {index:56;}">
                <Coords points="1699,2673 2588,2680 2588,2639 2536,2629 1699,2615"/>
                <Baseline points="1713,2662 1757,2662 1801,2665 1845,2665 1889,2662 1933,2665 1977,2665 2021,2665 2065,2668 2109,2668 2153,2668 2197,2668 2241,2670 2285,2671 2329,2669 2373,2666 2417,2669 2461,2671 2505,2671 2549,2669 2593,2665"/>
                <Word id="tr_1_tl_57_w1" custom="readingOrder {index:0;}">
                    <Coords points="1711,2622 1711,2682 1793,2682 1793,2622"/>
                    <TextEquiv>
                        <Unicode>nicht</Unicode>
                    </TextEquiv>
                </Word>
                <Word id="tr_1_tl_57_w2" custom="readingOrder {index:1;}">
                    <Coords points="1816,2625 1816,2685 1843,2685 1843,2625"/>
                    <TextEquiv>
                        <Unicode>im</Unicode>
                    </TextEquiv>
                </Word>
                <Word id="tr_1_tl_57_w3" custom="readingOrder {index:2;}">
                    <Coords points="1882,2624 1882,2684 1981,2684 1981,2624"/>
                    <TextEquiv>
                        <Unicode>Ernst</Unicode>
                    </TextEquiv>
                </Word>
                <Word id="tr_1_tl_57_w4" custom="readingOrder {index:3;}">
                    <Coords points="2004,2628 2004,2688 2153,2688 2153,2628"/>
                    <TextEquiv>
                        <Unicode>möglich,</Unicode>
                    </TextEquiv>
                </Word>
                <Word id="tr_1_tl_57_w5" custom="readingOrder {index:4;}">
                    <Coords points="2171,2629 2171,2689 2280,2689 2280,2629"/>
                    <TextEquiv>
                        <Unicode>dann,</Unicode>
                    </TextEquiv>
                </Word>
                <Word id="tr_1_tl_57_w6" custom="readingOrder {index:5;}">
                    <Coords points="2298,2629 2298,2689 2330,2689 2330,2629"/>
                    <TextEquiv>
                        <Unicode>du</Unicode>
                    </TextEquiv>
                </Word>
                <Word id="tr_1_tl_57_w7" custom="readingOrder {index:6;}">
                    <Coords points="2364,2626 2364,2686 2375,2686 2375,2626"/>
                    <TextEquiv>
                        <Unicode>—</Unicode>
                    </TextEquiv>
                </Word>
                <Word id="tr_1_tl_57_w8" custom="readingOrder {index:7;}">
                    <Coords points="2431,2631 2431,2691 2535,2691 2535,2631"/>
                    <TextEquiv>
                        <Unicode>denkst</Unicode>
                    </TextEquiv>
                </Word>
                <Word id="tr_1_tl_57_w9" custom="readingOrder {index:8;}">
                    <Coords points="2553,2627 2553,2687 2568,2687 2568,2627"/>
                    <TextEquiv>
                        <Unicode>-</Unicode>
                    </TextEquiv>
                </Word>
                <TextEquiv>
                    <Unicode>nicht im Ernst möglich, dann, du — denkst -</Unicode>
                </TextEquiv>
            </TextLine>
            <TextLine id="tr_1_tl_58" custom="readingOrder {index:57;}">
                <Coords points="464,2685 1584,2693 1584,2644 464,2637"/>
                <Baseline points="477,2668 532,2671 588,2671 643,2671 699,2671 754,2674 810,2674 865,2674 921,2674 976,2674 1032,2677 1087,2677 1143,2680 1198,2680 1254,2683 1309,2683 1365,2683 1420,2683 1476,2686 1531,2688 1587,2689"/>
                <Word id="tr_1_tl_58_w1" custom="readingOrder {index:0;}">
                    <Coords points="469,2630 469,2690 568,2690 568,2630"/>
                    <TextEquiv>
                        <Unicode>über,</Unicode>
                    </TextEquiv>
                </Word>
                <Word id="tr_1_tl_58_w2" custom="readingOrder {index:1;}">
                    <Coords points="595,2631 595,2691 658,2691 658,2631"/>
                    <TextEquiv>
                        <Unicode>und</Unicode>
                    </TextEquiv>
                </Word>
                <Word id="tr_1_tl_58_w3" custom="readingOrder {index:2;}">
                    <Coords points="690,2631 690,2691 737,2691 737,2631"/>
                    <TextEquiv>
                        <Unicode>sich</Unicode>
                    </TextEquiv>
                </Word>
                <Word id="tr_1_tl_58_w4" custom="readingOrder {index:3;}">
                    <Coords points="774,2634 774,2694 857,2694 857,2634"/>
                    <TextEquiv>
                        <Unicode>dann</Unicode>
                    </TextEquiv>
                </Word>
                <Word id="tr_1_tl_58_w5" custom="readingOrder {index:4;}">
                    <Coords points="895,2634 895,2694 1015,2694 1015,2634"/>
                    <TextEquiv>
                        <Unicode>wieder</Unicode>
                    </TextEquiv>
                </Word>
                <Word id="tr_1_tl_58_w6" custom="readingOrder {index:5;}">
                    <Coords points="1047,2637 1047,2697 1083,2697 1083,2637"/>
                    <TextEquiv>
                        <Unicode>an</Unicode>
                    </TextEquiv>
                </Word>
                <Word id="tr_1_tl_58_w7" custom="readingOrder {index:6;}">
                    <Coords points="1126,2640 1126,2700 1178,2700 1178,2640"/>
                    <TextEquiv>
                        <Unicode>den</Unicode>
                    </TextEquiv>
                </Word>
                <Word id="tr_1_tl_58_w8" custom="readingOrder {index:7;}">
                    <Coords points="1215,2643 1215,2703 1383,2703 1383,2643"/>
                    <TextEquiv>
                        <Unicode>Bahnhof</Unicode>
                    </TextEquiv>
                </Word>
                <Word id="tr_1_tl_58_w9" custom="readingOrder {index:8;}">
                    <Coords points="1410,2646 1410,2706 1572,2706 1572,2646"/>
                    <TextEquiv>
                        <Unicode>begeben.</Unicode>
                    </TextEquiv>
                </Word>
                <TextEquiv>
                    <Unicode>über, und sich dann wieder an den Bahnhof begeben.</Unicode>
                </TextEquiv>
            </TextLine>
            <TextLine id="tr_1_tl_59" custom="readingOrder {index:58;}">
                <Coords points="466,2724 1655,2754 1655,2707 1594,2685 466,2680"/>
                <Baseline points="480,2719 539,2719 598,2719 657,2719 716,2720 775,2722 834,2722 893,2723 952,2725 1011,2725 1071,2726 1130,2728 1189,2728 1248,2728 1307,2731 1366,2731 1425,2731 1484,2732 1543,2734 1602,2737 1662,2734"/>
                <Word id="tr_1_tl_59_w1" custom="readingOrder {index:0;}">
                    <Coords points="471,2679 471,2739 578,2739 578,2679"/>
                    <TextEquiv>
                        <Unicode>löschte</Unicode>
                    </TextEquiv>
                </Word>
                <Word id="tr_1_tl_59_w2" custom="readingOrder {index:1;}">
                    <Coords points="610,2679 610,2739 667,2739 667,2679"/>
                    <TextEquiv>
                        <Unicode>das</Unicode>
                    </TextEquiv>
                </Word>
                <Word id="tr_1_tl_59_w3" custom="readingOrder {index:2;}">
                    <Coords points="698,2680 698,2740 785,2740 785,2680"/>
                    <TextEquiv>
                        <Unicode>Licht</Unicode>
                    </TextEquiv>
                </Word>
                <Word id="tr_1_tl_59_w4" custom="readingOrder {index:3;}">
                    <Coords points="812,2682 812,2742 889,2742 889,2682"/>
                    <TextEquiv>
                        <Unicode>nicht</Unicode>
                    </TextEquiv>
                </Word>
                <Word id="tr_1_tl_59_w5" custom="readingOrder {index:4;}">
                    <Coords points="920,2684 920,2744 976,2744 976,2684"/>
                    <TextEquiv>
                        <Unicode>aus</Unicode>
                    </TextEquiv>
                </Word>
                <Word id="tr_1_tl_59_w6" custom="readingOrder {index:5;}">
                    <Coords points="1008,2685 1008,2745 1070,2745 1070,2685"/>
                    <TextEquiv>
                        <Unicode>und</Unicode>
                    </TextEquiv>
                </Word>
                <Word id="tr_1_tl_59_w7" custom="readingOrder {index:6;}">
                    <Coords points="1101,2688 1101,2748 1214,2748 1214,2688"/>
                    <TextEquiv>
                        <Unicode>starrte</Unicode>
                    </TextEquiv>
                </Word>
                <Word id="tr_1_tl_59_w8" custom="readingOrder {index:7;}">
                    <Coords points="1245,2689 1245,2749 1302,2749 1302,2689"/>
                    <TextEquiv>
                        <Unicode>von</Unicode>
                    </TextEquiv>
                </Word>
                <Word id="tr_1_tl_59_w9" custom="readingOrder {index:8;}">
                    <Coords points="1334,2691 1334,2751 1436,2751 1436,2691"/>
                    <TextEquiv>
                        <Unicode>seinem</Unicode>
                    </TextEquiv>
                </Word>
                <Word id="tr_1_tl_59_w10" custom="readingOrder {index:9;}">
                    <Coords points="1484,2693 1484,2753 1560,2753 1560,2693"/>
                    <TextEquiv>
                        <Unicode>Bett</Unicode>
                    </TextEquiv>
                </Word>
                <Word id="tr_1_tl_59_w11" custom="readingOrder {index:10;}">
                    <Coords points="1587,2696 1587,2756 1648,2756 1648,2696"/>
                    <TextEquiv>
                        <Unicode>aus</Unicode>
                    </TextEquiv>
                </Word>
                <TextEquiv>
                    <Unicode>löschte das Licht nicht aus und starrte von seinem Bett aus</Unicode>
                </TextEquiv>
            </TextLine>
            <TextLine id="tr_1_tl_60" custom="readingOrder {index:59;}">
                <Coords points="1741,2729 2893,2751 2873,2678 1741,2683"/>
                <Baseline points="1755,2719 1812,2719 1869,2719 1926,2719 1983,2722 2040,2722 2097,2724 2155,2725 2212,2726 2269,2728 2326,2730 2383,2731 2440,2731 2497,2731 2555,2731 2612,2731 2669,2733 2726,2731 2783,2734 2840,2734 2898,2737"/>
                <Word id="tr_1_tl_60_w1" custom="readingOrder {index:0;}">
                    <Coords points="1753,2679 1753,2739 1820,2739 1820,2679"/>
                    <TextEquiv>
                        <Unicode>Und</Unicode>
                    </TextEquiv>
                </Word>
                <Word id="tr_1_tl_60_w2" custom="readingOrder {index:1;}">
                    <Coords points="1849,2679 1849,2739 1894,2739 1894,2679"/>
                    <TextEquiv>
                        <Unicode>die</Unicode>
                    </TextEquiv>
                </Word>
                <Word id="tr_1_tl_60_w3" custom="readingOrder {index:2;}">
                    <Coords points="1917,2681 1917,2741 2030,2741 2030,2681"/>
                    <TextEquiv>
                        <Unicode>Worte</Unicode>
                    </TextEquiv>
                </Word>
                <Word id="tr_1_tl_60_w4" custom="readingOrder {index:3;}">
                    <Coords points="2053,2684 2053,2744 2216,2744 2216,2684"/>
                    <TextEquiv>
                        <Unicode>versagten</Unicode>
                    </TextEquiv>
                </Word>
                <Word id="tr_1_tl_60_w5" custom="readingOrder {index:4;}">
                    <Coords points="2245,2688 2245,2748 2330,2748 2330,2688"/>
                    <TextEquiv>
                        <Unicode>ihm.</Unicode>
                    </TextEquiv>
                </Word>
                <Word id="tr_1_tl_60_w6" custom="readingOrder {index:5;}">
                    <Coords points="2348,2690 2348,2750 2386,2750 2386,2690"/>
                    <TextEquiv>
                        <Unicode>In</Unicode>
                    </TextEquiv>
                </Word>
                <Word id="tr_1_tl_60_w7" custom="readingOrder {index:6;}">
                    <Coords points="2415,2691 2415,2751 2517,2751 2517,2691"/>
                    <TextEquiv>
                        <Unicode>seinen</Unicode>
                    </TextEquiv>
                </Word>
                <Word id="tr_1_tl_60_w8" custom="readingOrder {index:7;}">
                    <Coords points="2546,2691 2546,2751 2658,2751 2658,2691"/>
                    <TextEquiv>
                        <Unicode>Augen</Unicode>
                    </TextEquiv>
                </Word>
                <Word id="tr_1_tl_60_w9" custom="readingOrder {index:8;}">
                    <Coords points="2687,2691 2687,2751 2754,2751 2754,2691"/>
                    <TextEquiv>
                        <Unicode>war</Unicode>
                    </TextEquiv>
                </Word>
                <Word id="tr_1_tl_60_w10" custom="readingOrder {index:9;}">
                    <Coords points="2777,2694 2777,2754 2895,2754 2895,2694"/>
                    <TextEquiv>
                        <Unicode>Angst,</Unicode>
                    </TextEquiv>
                </Word>
                <TextEquiv>
                    <Unicode>Und die Worte versagten ihm. In seinen Augen war Angst,</Unicode>
                </TextEquiv>
            </TextLine>
            <TextLine id="tr_1_tl_61" custom="readingOrder {index:60;}">
                <Coords points="461,2773 1650,2793 1650,2754 1475,2737 461,2724"/>
                <Baseline points="474,2764 533,2768 592,2768 651,2769 710,2769 769,2769 828,2772 887,2772 946,2772 1005,2775 1065,2775 1124,2777 1183,2778 1242,2778 1301,2778 1360,2780 1419,2781 1478,2781 1537,2781 1596,2784 1656,2781"/>
                <Word id="tr_1_tl_61_w1" custom="readingOrder {index:0;}">
                    <Coords points="467,2726 467,2786 558,2786 558,2726"/>
                    <TextEquiv>
                        <Unicode>durch</Unicode>
                    </TextEquiv>
                </Word>
                <Word id="tr_1_tl_61_w2" custom="readingOrder {index:1;}">
                    <Coords points="586,2728 586,2788 645,2788 645,2728"/>
                    <TextEquiv>
                        <Unicode>das</Unicode>
                    </TextEquiv>
                </Word>
                <Word id="tr_1_tl_61_w3" custom="readingOrder {index:2;}">
                    <Coords points="667,2732 667,2792 1008,2792 1008,2732"/>
                    <TextEquiv>
                        <Unicode>gegenüberliegende</Unicode>
                    </TextEquiv>
                </Word>
                <Word id="tr_1_tl_61_w4" custom="readingOrder {index:3;}">
                    <Coords points="1036,2736 1036,2796 1165,2796 1165,2736"/>
                    <TextEquiv>
                        <Unicode>Fenster</Unicode>
                    </TextEquiv>
                </Word>
                <Word id="tr_1_tl_61_w5" custom="readingOrder {index:4;}">
                    <Coords points="1188,2738 1188,2798 1214,2798 1214,2738"/>
                    <TextEquiv>
                        <Unicode>in</Unicode>
                    </TextEquiv>
                </Word>
                <Word id="tr_1_tl_61_w6" custom="readingOrder {index:5;}">
                    <Coords points="1247,2738 1247,2798 1290,2798 1290,2738"/>
                    <TextEquiv>
                        <Unicode>die</Unicode>
                    </TextEquiv>
                </Word>
                <Word id="tr_1_tl_61_w7" custom="readingOrder {index:6;}">
                    <Coords points="1318,2740 1318,2800 1431,2800 1431,2740"/>
                    <TextEquiv>
                        <Unicode>Nacht.</Unicode>
                    </TextEquiv>
                </Word>
                <Word id="tr_1_tl_61_w8" custom="readingOrder {index:7;}">
                    <Coords points="1448,2741 1448,2801 1491,2801 1491,2741"/>
                    <TextEquiv>
                        <Unicode>Er</Unicode>
                    </TextEquiv>
                </Word>
                <Word id="tr_1_tl_61_w9" custom="readingOrder {index:8;}">
                    <Coords points="1513,2741 1513,2801 1561,2801 1561,2741"/>
                    <TextEquiv>
                        <Unicode>sah</Unicode>
                    </TextEquiv>
                </Word>
                <Word id="tr_1_tl_61_w10" custom="readingOrder {index:9;}">
                    <Coords points="1594,2742 1594,2802 1653,2802 1653,2742"/>
                    <TextEquiv>
                        <Unicode>nur</Unicode>
                    </TextEquiv>
                </Word>
                <TextEquiv>
                    <Unicode>durch das gegenüberliegende Fenster in die Nacht. Er sah nur</Unicode>
                </TextEquiv>
            </TextLine>
            <TextLine id="tr_1_tl_62" custom="readingOrder {index:61;}">
                <Coords points="1702,2778 2895,2798 2895,2751 2766,2739 1702,2727"/>
                <Baseline points="1716,2767 1775,2767 1834,2767 1893,2769 1952,2769 2011,2769 2070,2772 2129,2772 2188,2774 2247,2775 2307,2776 2366,2778 2425,2778 2484,2778 2543,2778 2602,2778 2661,2778 2720,2781 2779,2781 2838,2781 2898,2784"/>
                <Word id="tr_1_tl_62_w1" custom="readingOrder {index:0;}">
                    <Coords points="1707,2727 1707,2787 1838,2787 1838,2727"/>
                    <TextEquiv>
                        <Unicode>Mitleid</Unicode>
                    </TextEquiv>
                </Word>
                <Word id="tr_1_tl_62_w2" custom="readingOrder {index:1;}">
                    <Coords points="1865,2729 1865,2789 1923,2789 1923,2729"/>
                    <TextEquiv>
                        <Unicode>und</Unicode>
                    </TextEquiv>
                </Word>
                <Word id="tr_1_tl_62_w3" custom="readingOrder {index:2;}">
                    <Coords points="1955,2729 1955,2789 2049,2789 2049,2729"/>
                    <TextEquiv>
                        <Unicode>Liebe</Unicode>
                    </TextEquiv>
                </Word>
                <Word id="tr_1_tl_62_w4" custom="readingOrder {index:3;}">
                    <Coords points="2076,2732 2076,2792 2160,2792 2160,2732"/>
                    <TextEquiv>
                        <Unicode>ohne</Unicode>
                    </TextEquiv>
                </Word>
                <Word id="tr_1_tl_62_w5" custom="readingOrder {index:4;}">
                    <Coords points="2182,2735 2182,2795 2329,2795 2329,2735"/>
                    <TextEquiv>
                        <Unicode>Maßen.</Unicode>
                    </TextEquiv>
                </Word>
                <Word id="tr_1_tl_62_w6" custom="readingOrder {index:5;}">
                    <Coords points="2356,2738 2356,2798 2439,2798 2439,2738"/>
                    <TextEquiv>
                        <Unicode>Doch</Unicode>
                    </TextEquiv>
                </Word>
                <Word id="tr_1_tl_62_w7" custom="readingOrder {index:6;}">
                    <Coords points="2466,2738 2466,2798 2518,2798 2518,2738"/>
                    <TextEquiv>
                        <Unicode>dem</Unicode>
                    </TextEquiv>
                </Word>
                <Word id="tr_1_tl_62_w8" custom="readingOrder {index:7;}">
                    <Coords points="2566,2738 2566,2798 2692,2798 2692,2738"/>
                    <TextEquiv>
                        <Unicode>Bruder</Unicode>
                    </TextEquiv>
                </Word>
                <Word id="tr_1_tl_62_w9" custom="readingOrder {index:8;}">
                    <Coords points="2719,2741 2719,2801 2882,2801 2882,2741"/>
                    <TextEquiv>
                        <Unicode>bedeutete</Unicode>
                    </TextEquiv>
                </Word>
                <TextEquiv>
                    <Unicode>Mitleid und Liebe ohne Maßen. Doch dem Bruder bedeutete</Unicode>
                </TextEquiv>
            </TextLine>
            <TextLine id="tr_1_tl_63" custom="readingOrder {index:62;}">
                <Coords points="457,2822 1650,2846 1650,2793 457,2773"/>
                <Baseline points="471,2811 530,2815 589,2817 648,2817 707,2817 766,2817 825,2820 884,2820 943,2822 1002,2823 1062,2825 1121,2825 1180,2826 1239,2826 1298,2829 1357,2829 1416,2829 1475,2829 1534,2829 1593,2829 1653,2832"/>
                <Word id="tr_1_tl_63_w1" custom="readingOrder {index:0;}">
                    <Coords points="462,2772 462,2832 520,2832 520,2772"/>
                    <TextEquiv>
                        <Unicode>den</Unicode>
                    </TextEquiv>
                </Word>
                <Word id="tr_1_tl_63_w2" custom="readingOrder {index:1;}">
                    <Coords points="547,2777 547,2837 695,2837 695,2777"/>
                    <TextEquiv>
                        <Unicode>Himmel</Unicode>
                    </TextEquiv>
                </Word>
                <Word id="tr_1_tl_63_w3" custom="readingOrder {index:2;}">
                    <Coords points="716,2777 716,2837 774,2837 774,2777"/>
                    <TextEquiv>
                        <Unicode>und</Unicode>
                    </TextEquiv>
                </Word>
                <Word id="tr_1_tl_63_w4" custom="readingOrder {index:3;}">
                    <Coords points="801,2780 801,2840 870,2840 870,2780"/>
                    <TextEquiv>
                        <Unicode>eine</Unicode>
                    </TextEquiv>
                </Word>
                <Word id="tr_1_tl_63_w5" custom="readingOrder {index:4;}">
                    <Coords points="897,2782 897,2842 1033,2842 1033,2782"/>
                    <TextEquiv>
                        <Unicode>einsame</Unicode>
                    </TextEquiv>
                </Word>
                <Word id="tr_1_tl_63_w6" custom="readingOrder {index:5;}">
                    <Coords points="1061,2785 1061,2845 1283,2845 1283,2785"/>
                    <TextEquiv>
                        <Unicode>Felsenspitze,</Unicode>
                    </TextEquiv>
                </Word>
                <Word id="tr_1_tl_63_w7" custom="readingOrder {index:6;}">
                    <Coords points="1299,2789 1299,2849 1372,2849 1372,2789"/>
                    <TextEquiv>
                        <Unicode>über</Unicode>
                    </TextEquiv>
                </Word>
                <Word id="tr_1_tl_63_w8" custom="readingOrder {index:7;}">
                    <Coords points="1399,2789 1399,2849 1446,2849 1446,2789"/>
                    <TextEquiv>
                        <Unicode>der</Unicode>
                    </TextEquiv>
                </Word>
                <Word id="tr_1_tl_63_w9" custom="readingOrder {index:8;}">
                    <Coords points="1474,2789 1474,2849 1516,2849 1516,2789"/>
                    <TextEquiv>
                        <Unicode>ein</Unicode>
                    </TextEquiv>
                </Word>
                <Word id="tr_1_tl_63_w10" custom="readingOrder {index:9;}">
                    <Coords points="1543,2789 1543,2849 1642,2849 1642,2789"/>
                    <TextEquiv>
                        <Unicode>Stern</Unicode>
                    </TextEquiv>
                </Word>
                <TextEquiv>
                    <Unicode>den Himmel und eine einsame Felsenspitze, über der ein Stern</Unicode>
                </TextEquiv>
            </TextLine>
            <TextLine id="tr_1_tl_64" custom="readingOrder {index:63;}">
                <Coords points="1706,2832 2895,2851 2873,2790 1706,2778"/>
                <Baseline points="1719,2817 1778,2817 1837,2817 1896,2817 1955,2818 2014,2820 2073,2820 2132,2820 2191,2822 2250,2823 2310,2823 2369,2825 2428,2826 2487,2829 2546,2829 2605,2829 2664,2829 2723,2829 2782,2829 2841,2829 2901,2832"/>
                <Word id="tr_1_tl_64_w1" custom="readingOrder {index:0;}">
                    <Coords points="1712,2777 1712,2837 1761,2837 1761,2777"/>
                    <TextEquiv>
                        <Unicode>der</Unicode>
                    </TextEquiv>
                </Word>
                <Word id="tr_1_tl_64_w2" custom="readingOrder {index:1;}">
                    <Coords points="1784,2777 1784,2837 1899,2837 1899,2777"/>
                    <TextEquiv>
                        <Unicode>feuchte</Unicode>
                    </TextEquiv>
                </Word>
                <Word id="tr_1_tl_64_w3" custom="readingOrder {index:2;}">
                    <Coords points="1922,2778 1922,2838 2026,2838 2026,2778"/>
                    <TextEquiv>
                        <Unicode>Glanz</Unicode>
                    </TextEquiv>
                </Word>
                <Word id="tr_1_tl_64_w4" custom="readingOrder {index:3;}">
                    <Coords points="2049,2780 2049,2840 2147,2840 2147,2780"/>
                    <TextEquiv>
                        <Unicode>dieses</Unicode>
                    </TextEquiv>
                </Word>
                <Word id="tr_1_tl_64_w5" custom="readingOrder {index:4;}">
                    <Coords points="2170,2782 2170,2842 2286,2842 2286,2782"/>
                    <TextEquiv>
                        <Unicode>Blickes</Unicode>
                    </TextEquiv>
                </Word>
                <Word id="tr_1_tl_64_w6" custom="readingOrder {index:5;}">
                    <Coords points="2314,2785 2314,2845 2424,2845 2424,2785"/>
                    <TextEquiv>
                        <Unicode>Tücke,</Unicode>
                    </TextEquiv>
                </Word>
                <Word id="tr_1_tl_64_w7" custom="readingOrder {index:6;}">
                    <Coords points="2441,2789 2441,2849 2595,2849 2595,2789"/>
                    <TextEquiv>
                        <Unicode>Drohung</Unicode>
                    </TextEquiv>
                </Word>
                <Word id="tr_1_tl_64_w8" custom="readingOrder {index:7;}">
                    <Coords points="2623,2789 2623,2849 2683,2849 2683,2789"/>
                    <TextEquiv>
                        <Unicode>und</Unicode>
                    </TextEquiv>
                </Word>
                <Word id="tr_1_tl_64_w9" custom="readingOrder {index:8;}">
                    <Coords points="2706,2789 2706,2849 2793,2849 2793,2789"/>
                    <TextEquiv>
                        <Unicode>Tod.</Unicode>
                    </TextEquiv>
                </Word>
                <Word id="tr_1_tl_64_w10" custom="readingOrder {index:9;}">
                    <Coords points="2811,2789 2811,2849 2882,2849 2882,2789"/>
                    <TextEquiv>
                        <Unicode>Otto</Unicode>
                    </TextEquiv>
                </Word>
                <TextEquiv>
                    <Unicode>der feuchte Glanz dieses Blickes Tücke, Drohung und Tod. Otto</Unicode>
                </TextEquiv>
            </TextLine>
            <TextLine id="tr_1_tl_65" custom="readingOrder {index:64;}">
                <Coords points="1699,2873 2778,2898 2886,2893 2886,2839 1697,2837"/>
                <Baseline points="1713,2862 1775,2865 1837,2865 1899,2865 1961,2867 2023,2868 2085,2868 2147,2868 2209,2871 2271,2871 2333,2871 2395,2874 2457,2876 2519,2877 2581,2877 2643,2877 2705,2877 2767,2877 2829,2880 2892,2874"/>
                <Word id="tr_1_tl_65_w1" custom="readingOrder {index:0;}">
                    <Coords points="1707,2825 1707,2885 1847,2885 1847,2825"/>
                    <TextEquiv>
                        <Unicode>wieder,</Unicode>
                    </TextEquiv>
                </Word>
                <Word id="tr_1_tl_65_w2" custom="readingOrder {index:1;}">
                    <Coords points="1867,2825 1867,2885 1918,2885 1918,2825"/>
                    <TextEquiv>
                        <Unicode>von</Unicode>
                    </TextEquiv>
                </Word>
                <Word id="tr_1_tl_65_w3" custom="readingOrder {index:2;}">
                    <Coords points="1953,2827 1953,2887 2003,2887 2003,2827"/>
                    <TextEquiv>
                        <Unicode>dem</Unicode>
                    </TextEquiv>
                </Word>
                <Word id="tr_1_tl_65_w4" custom="readingOrder {index:3;}">
                    <Coords points="2049,2828 2049,2888 2209,2888 2209,2828"/>
                    <TextEquiv>
                        <Unicode>Ausdruck</Unicode>
                    </TextEquiv>
                </Word>
                <Word id="tr_1_tl_65_w5" custom="readingOrder {index:4;}">
                    <Coords points="2235,2831 2235,2891 2285,2891 2285,2831"/>
                    <TextEquiv>
                        <Unicode>des</Unicode>
                    </TextEquiv>
                </Word>
                <Word id="tr_1_tl_65_w6" custom="readingOrder {index:5;}">
                    <Coords points="2316,2833 2316,2893 2471,2893 2471,2833"/>
                    <TextEquiv>
                        <Unicode>Grauens</Unicode>
                    </TextEquiv>
                </Word>
                <Word id="tr_1_tl_65_w7" custom="readingOrder {index:6;}">
                    <Coords points="2498,2836 2498,2896 2522,2896 2522,2836"/>
                    <TextEquiv>
                        <Unicode>in</Unicode>
                    </TextEquiv>
                </Word>
                <Word id="tr_1_tl_65_w8" custom="readingOrder {index:7;}">
                    <Coords points="2553,2837 2553,2897 2602,2897 2602,2837"/>
                    <TextEquiv>
                        <Unicode>des</Unicode>
                    </TextEquiv>
                </Word>
                <Word id="tr_1_tl_65_w9" custom="readingOrder {index:8;}">
                    <Coords points="2633,2837 2633,2897 2779,2897 2779,2837"/>
                    <TextEquiv>
                        <Unicode>Bruders</Unicode>
                    </TextEquiv>
                </Word>
                <Word id="tr_1_tl_65_w10" custom="readingOrder {index:9;}">
                    <Coords points="2804,2838 2804,2898 2889,2898 2889,2838"/>
                    <TextEquiv>
                        <Unicode>Ant¬</Unicode>
                    </TextEquiv>
                </Word>
                <TextEquiv>
                    <Unicode>wieder, von dem Ausdruck des Grauens in des Bruders Ant¬</Unicode>
                </TextEquiv>
            </TextLine>
            <TextLine id="tr_1_tl_66" custom="readingOrder {index:65;}">
                <Coords points="469,2876 1650,2903 1650,2844 469,2825"/>
                <Baseline points="483,2862 541,2865 600,2865 658,2865 717,2868 776,2868 834,2868 893,2871 952,2871 1010,2873 1069,2874 1128,2874 1186,2876 1245,2874 1304,2877 1362,2877 1421,2877 1480,2877 1538,2879 1597,2880 1656,2880"/>
                <Word id="tr_1_tl_66_w1" custom="readingOrder {index:0;}">
                    <Coords points="469,2825 469,2885 679,2885 679,2825"/>
                    <TextEquiv>
                        <Unicode>schimmerte.</Unicode>
                    </TextEquiv>
                </Word>
                <Word id="tr_1_tl_66_w2" custom="readingOrder {index:1;}">
                    <Coords points="696,2828 696,2888 765,2888 765,2828"/>
                    <TextEquiv>
                        <Unicode>Vom</Unicode>
                    </TextEquiv>
                </Word>
                <Word id="tr_1_tl_66_w3" custom="readingOrder {index:2;}">
                    <Coords points="802,2830 802,2890 960,2890 960,2830"/>
                    <TextEquiv>
                        <Unicode>Kirchturm</Unicode>
                    </TextEquiv>
                </Word>
                <Word id="tr_1_tl_66_w4" custom="readingOrder {index:3;}">
                    <Coords points="998,2833 998,2893 1098,2893 1098,2833"/>
                    <TextEquiv>
                        <Unicode>schlug</Unicode>
                    </TextEquiv>
                </Word>
                <Word id="tr_1_tl_66_w5" custom="readingOrder {index:4;}">
                    <Coords points="1119,2834 1119,2894 1150,2894 1150,2834"/>
                    <TextEquiv>
                        <Unicode>es</Unicode>
                    </TextEquiv>
                </Word>
                <Word id="tr_1_tl_66_w6" custom="readingOrder {index:5;}">
                    <Coords points="1177,2835 1177,2895 1246,2895 1246,2835"/>
                    <TextEquiv>
                        <Unicode>halb</Unicode>
                    </TextEquiv>
                </Word>
                <Word id="tr_1_tl_66_w7" custom="readingOrder {index:6;}">
                    <Coords points="1273,2837 1273,2897 1357,2897 1357,2837"/>
                    <TextEquiv>
                        <Unicode>eins,</Unicode>
                    </TextEquiv>
                </Word>
                <Word id="tr_1_tl_66_w8" custom="readingOrder {index:7;}">
                    <Coords points="1373,2837 1373,2897 1431,2897 1431,2837"/>
                    <TextEquiv>
                        <Unicode>und</Unicode>
                    </TextEquiv>
                </Word>
                <Word id="tr_1_tl_66_w9" custom="readingOrder {index:8;}">
                    <Coords points="1458,2837 1458,2897 1500,2897 1500,2837"/>
                    <TextEquiv>
                        <Unicode>die</Unicode>
                    </TextEquiv>
                </Word>
                <Word id="tr_1_tl_66_w10" custom="readingOrder {index:9;}">
                    <Coords points="1522,2839 1522,2899 1648,2899 1648,2839"/>
                    <TextEquiv>
                        <Unicode>Klänge</Unicode>
                    </TextEquiv>
                </Word>
                <TextEquiv>
                    <Unicode>schimmerte. Vom Kirchturm schlug es halb eins, und die Klänge</Unicode>
                </TextEquiv>
            </TextLine>
            <TextLine id="tr_1_tl_67" custom="readingOrder {index:66;}">
                <Coords points="452,2917 1650,2944 1650,2903 1592,2890 452,2868"/>
                <Baseline points="465,2910 524,2913 584,2913 643,2916 703,2916 762,2916 822,2919 881,2919 941,2919 1000,2919 1060,2922 1120,2924 1179,2925 1239,2923 1298,2925 1358,2925 1417,2925 1477,2925 1536,2928 1596,2928 1656,2925"/>
                <Word id="tr_1_tl_67_w1" custom="readingOrder {index:0;}">
                    <Coords points="463,2872 463,2932 568,2932 568,2872"/>
                    <TextEquiv>
                        <Unicode>tönten</Unicode>
                    </TextEquiv>
                </Word>
                <Word id="tr_1_tl_67_w2" custom="readingOrder {index:1;}">
                    <Coords points="600,2876 600,2936 695,2936 695,2876"/>
                    <TextEquiv>
                        <Unicode>lange</Unicode>
                    </TextEquiv>
                </Word>
                <Word id="tr_1_tl_67_w3" custom="readingOrder {index:2;}">
                    <Coords points="717,2876 717,2936 795,2936 795,2876"/>
                    <TextEquiv>
                        <Unicode>fort,</Unicode>
                    </TextEquiv>
                </Word>
                <Word id="tr_1_tl_67_w4" custom="readingOrder {index:3;}">
                    <Coords points="812,2879 812,2939 859,2939 859,2879"/>
                    <TextEquiv>
                        <Unicode>als</Unicode>
                    </TextEquiv>
                </Word>
                <Word id="tr_1_tl_67_w5" custom="readingOrder {index:4;}">
                    <Coords points="886,2879 886,2939 991,2939 991,2879"/>
                    <TextEquiv>
                        <Unicode>wollte</Unicode>
                    </TextEquiv>
                </Word>
                <Word id="tr_1_tl_67_w6" custom="readingOrder {index:5;}">
                    <Coords points="1018,2880 1018,2940 1060,2940 1060,2880"/>
                    <TextEquiv>
                        <Unicode>die</Unicode>
                    </TextEquiv>
                </Word>
                <Word id="tr_1_tl_67_w7" custom="readingOrder {index:6;}">
                    <Coords points="1087,2884 1087,2944 1187,2944 1187,2884"/>
                    <TextEquiv>
                        <Unicode>Nacht</Unicode>
                    </TextEquiv>
                </Word>
                <Word id="tr_1_tl_67_w8" custom="readingOrder {index:7;}">
                    <Coords points="1209,2883 1209,2943 1245,2943 1245,2883"/>
                    <TextEquiv>
                        <Unicode>sie</Unicode>
                    </TextEquiv>
                </Word>
                <Word id="tr_1_tl_67_w9" custom="readingOrder {index:8;}">
                    <Coords points="1268,2885 1268,2945 1346,2945 1346,2885"/>
                    <TextEquiv>
                        <Unicode>nicht</Unicode>
                    </TextEquiv>
                </Word>
                <Word id="tr_1_tl_67_w10" custom="readingOrder {index:9;}">
                    <Coords points="1368,2885 1368,2945 1489,2945 1489,2885"/>
                    <TextEquiv>
                        <Unicode>wieder</Unicode>
                    </TextEquiv>
                </Word>
                <Word id="tr_1_tl_67_w11" custom="readingOrder {index:10;}">
                    <Coords points="1511,2888 1511,2948 1648,2948 1648,2888"/>
                    <TextEquiv>
                        <Unicode>heraus¬</Unicode>
                    </TextEquiv>
                </Word>
                <TextEquiv>
                    <Unicode>tönten lange fort, als wollte die Nacht sie nicht wieder heraus¬</Unicode>
                </TextEquiv>
            </TextLine>
            <TextLine id="tr_1_tl_68" custom="readingOrder {index:67;}">
                <Coords points="1699,2922 2888,2937 2888,2893 2803,2886 1699,2873"/>
                <Baseline points="1713,2916 1772,2911 1831,2913 1890,2913 1949,2916 2008,2916 2067,2919 2126,2919 2185,2919 2244,2922 2304,2922 2363,2924 2422,2922 2481,2925 2540,2925 2599,2925 2658,2925 2717,2928 2776,2928 2835,2928 2895,2928"/>
                <Word id="tr_1_tl_68_w1" custom="readingOrder {index:0;}">
                    <Coords points="1706,2874 1706,2934 1751,2934 1751,2874"/>
                    <TextEquiv>
                        <Unicode>litz</Unicode>
                    </TextEquiv>
                </Word>
                <Word id="tr_1_tl_68_w2" custom="readingOrder {index:1;}">
                    <Coords points="1781,2871 1781,2931 1809,2931 1809,2871"/>
                    <TextEquiv>
                        <Unicode>im</Unicode>
                    </TextEquiv>
                </Word>
                <Word id="tr_1_tl_68_w3" custom="readingOrder {index:2;}">
                    <Coords points="1856,2874 1856,2934 1977,2934 1977,2874"/>
                    <TextEquiv>
                        <Unicode>tiefsten</Unicode>
                    </TextEquiv>
                </Word>
                <Word id="tr_1_tl_68_w4" custom="readingOrder {index:3;}">
                    <Coords points="2012,2879 2012,2939 2214,2939 2214,2879"/>
                    <TextEquiv>
                        <Unicode>erschüttert,</Unicode>
                    </TextEquiv>
                </Word>
                <Word id="tr_1_tl_68_w5" custom="readingOrder {index:4;}">
                    <Coords points="2237,2883 2237,2943 2434,2943 2434,2883"/>
                    <TextEquiv>
                        <Unicode>beherrschte</Unicode>
                    </TextEquiv>
                </Word>
                <Word id="tr_1_tl_68_w6" custom="readingOrder {index:5;}">
                    <Coords points="2463,2885 2463,2945 2515,2945 2515,2885"/>
                    <TextEquiv>
                        <Unicode>sich</Unicode>
                    </TextEquiv>
                </Word>
                <Word id="tr_1_tl_68_w7" custom="readingOrder {index:6;}">
                    <Coords points="2550,2885 2550,2945 2630,2945 2630,2885"/>
                    <TextEquiv>
                        <Unicode>nicht</Unicode>
                    </TextEquiv>
                </Word>
                <Word id="tr_1_tl_68_w8" custom="readingOrder {index:7;}">
                    <Coords points="2660,2888 2660,2948 2792,2948 2792,2888"/>
                    <TextEquiv>
                        <Unicode>länger,</Unicode>
                    </TextEquiv>
                </Word>
                <Word id="tr_1_tl_68_w9" custom="readingOrder {index:8;}">
                    <Coords points="2822,2888 2822,2948 2885,2948 2885,2888"/>
                    <TextEquiv>
                        <Unicode>trat</Unicode>
                    </TextEquiv>
                </Word>
                <TextEquiv>
                    <Unicode>litz im tiefsten erschüttert, beherrschte sich nicht länger, trat</Unicode>
                </TextEquiv>
            </TextLine>
            <TextLine id="tr_1_tl_69" custom="readingOrder {index:68;}">
                <Coords points="461,2976 1648,2991 1619,2937 461,2925"/>
                <Baseline points="474,2967 536,2961 598,2964 660,2964 722,2964 784,2967 846,2965 908,2967 970,2969 1032,2969 1094,2969 1156,2969 1218,2971 1280,2972 1342,2972 1404,2975 1466,2975 1528,2975 1590,2975 1653,2975"/>
                <Word id="tr_1_tl_69_w1" custom="readingOrder {index:0;}">
                    <Coords points="461,2922 461,2982 586,2982 586,2922"/>
                    <TextEquiv>
                        <Unicode>geben;</Unicode>
                    </TextEquiv>
                </Word>
                <Word id="tr_1_tl_69_w2" custom="readingOrder {index:1;}">
                    <Coords points="611,2924 611,2984 651,2984 651,2924"/>
                    <TextEquiv>
                        <Unicode>sie</Unicode>
                    </TextEquiv>
                </Word>
                <Word id="tr_1_tl_69_w3" custom="readingOrder {index:2;}">
                    <Coords points="682,2925 682,2985 812,2985 812,2925"/>
                    <TextEquiv>
                        <Unicode>wurden</Unicode>
                    </TextEquiv>
                </Word>
                <Word id="tr_1_tl_69_w4" custom="readingOrder {index:3;}">
                    <Coords points="852,2927 852,2987 972,2987 972,2927"/>
                    <TextEquiv>
                        <Unicode>lauter,</Unicode>
                    </TextEquiv>
                </Word>
                <Word id="tr_1_tl_69_w5" custom="readingOrder {index:4;}">
                    <Coords points="998,2929 998,2989 1104,2989 1104,2929"/>
                    <TextEquiv>
                        <Unicode>voller</Unicode>
                    </TextEquiv>
                </Word>
                <Word id="tr_1_tl_69_w6" custom="readingOrder {index:5;}">
                    <Coords points="1134,2929 1134,2989 1194,2989 1194,2929"/>
                    <TextEquiv>
                        <Unicode>und</Unicode>
                    </TextEquiv>
                </Word>
                <Word id="tr_1_tl_69_w7" custom="readingOrder {index:6;}">
                    <Coords points="1230,2932 1230,2992 1345,2992 1345,2932"/>
                    <TextEquiv>
                        <Unicode>endlich</Unicode>
                    </TextEquiv>
                </Word>
                <Word id="tr_1_tl_69_w8" custom="readingOrder {index:7;}">
                    <Coords points="1381,2935 1381,2995 1546,2995 1546,2935"/>
                    <TextEquiv>
                        <Unicode>dröhnend</Unicode>
                    </TextEquiv>
                </Word>
                <Word id="tr_1_tl_69_w9" custom="readingOrder {index:8;}">
                    <Coords points="1582,2935 1582,2995 1641,2995 1641,2935"/>
                    <TextEquiv>
                        <Unicode>wie</Unicode>
                    </TextEquiv>
                </Word>
                <TextEquiv>
                    <Unicode>geben; sie wurden lauter, voller und endlich dröhnend wie</Unicode>
                </TextEquiv>
            </TextLine>
            <TextLine id="tr_1_tl_70" custom="readingOrder {index:69;}">
                <Coords points="1709,2978 2890,3000 2890,2939 2810,2927 1709,2927"/>
                <Baseline points="1722,2967 1780,2964 1839,2964 1897,2964 1956,2964 2015,2964 2073,2967 2132,2967 2191,2967 2249,2969 2308,2969 2367,2971 2425,2971 2484,2972 2543,2972 2601,2972 2660,2975 2719,2975 2777,2977 2836,2975 2895,2978"/>
                <Word id="tr_1_tl_70_w1" custom="readingOrder {index:0;}">
                    <Coords points="1709,2925 1709,2985 1790,2985 1790,2925"/>
                    <TextEquiv>
                        <Unicode>ganz</Unicode>
                    </TextEquiv>
                </Word>
                <Word id="tr_1_tl_70_w2" custom="readingOrder {index:1;}">
                    <Coords points="1817,2924 1817,2984 1893,2984 1893,2924"/>
                    <TextEquiv>
                        <Unicode>nahe</Unicode>
                    </TextEquiv>
                </Word>
                <Word id="tr_1_tl_70_w3" custom="readingOrder {index:2;}">
                    <Coords points="1925,2924 1925,2984 1955,2984 1955,2924"/>
                    <TextEquiv>
                        <Unicode>an</Unicode>
                    </TextEquiv>
                </Word>
                <Word id="tr_1_tl_70_w4" custom="readingOrder {index:3;}">
                    <Coords points="1992,2924 1992,2984 2033,2984 2033,2924"/>
                    <TextEquiv>
                        <Unicode>ihn</Unicode>
                    </TextEquiv>
                </Word>
                <Word id="tr_1_tl_70_w5" custom="readingOrder {index:4;}">
                    <Coords points="2069,2927 2069,2987 2187,2987 2187,2927"/>
                    <TextEquiv>
                        <Unicode>heran,</Unicode>
                    </TextEquiv>
                </Word>
                <Word id="tr_1_tl_70_w6" custom="readingOrder {index:5;}">
                    <Coords points="2203,2928 2203,2988 2239,2988 2239,2928"/>
                    <TextEquiv>
                        <Unicode>um</Unicode>
                    </TextEquiv>
                </Word>
                <Word id="tr_1_tl_70_w7" custom="readingOrder {index:6;}">
                    <Coords points="2285,2929 2285,2989 2332,2989 2332,2929"/>
                    <TextEquiv>
                        <Unicode>ihn</Unicode>
                    </TextEquiv>
                </Word>
                <Word id="tr_1_tl_70_w8" custom="readingOrder {index:7;}">
                    <Coords points="2363,2931 2363,2991 2394,2991 2394,2931"/>
                    <TextEquiv>
                        <Unicode>zu</Unicode>
                    </TextEquiv>
                </Word>
                <Word id="tr_1_tl_70_w9" custom="readingOrder {index:8;}">
                    <Coords points="2425,2932 2425,2992 2589,2992 2589,2932"/>
                    <TextEquiv>
                        <Unicode>umarmen</Unicode>
                    </TextEquiv>
                </Word>
                <Word id="tr_1_tl_70_w10" custom="readingOrder {index:9;}">
                    <Coords points="2626,2934 2626,2994 2682,2994 2682,2934"/>
                    <TextEquiv>
                        <Unicode>und</Unicode>
                    </TextEquiv>
                </Word>
                <Word id="tr_1_tl_70_w11" custom="readingOrder {index:10;}">
                    <Coords points="2714,2935 2714,2995 2759,2995 2759,2935"/>
                    <TextEquiv>
                        <Unicode>ihn</Unicode>
                    </TextEquiv>
                </Word>
                <Word id="tr_1_tl_70_w12" custom="readingOrder {index:11;}">
                    <Coords points="2791,2935 2791,2995 2878,2995 2878,2935"/>
                    <TextEquiv>
                        <Unicode>durch</Unicode>
                    </TextEquiv>
                </Word>
                <TextEquiv>
                    <Unicode>ganz nahe an ihn heran, um ihn zu umarmen und ihn durch</Unicode>
                </TextEquiv>
            </TextLine>
            <TextLine id="tr_1_tl_71" custom="readingOrder {index:70;}">
                <Coords points="1702,3020 2859,3047 2888,2998 1699,2973"/>
                <Baseline points="1716,3008 1778,3009 1840,3011 1902,3011 1964,3011 2026,3014 2088,3014 2150,3014 2212,3017 2274,3017 2336,3017 2398,3020 2460,3018 2522,3020 2584,3020 2646,3022 2708,3023 2770,3024 2832,3026 2895,3023"/>
                <Word id="tr_1_tl_71_w1" custom="readingOrder {index:0;}">
                    <Coords points="1705,2968 1705,3028 1753,3028 1753,2968"/>
                    <TextEquiv>
                        <Unicode>die</Unicode>
                    </TextEquiv>
                </Word>
                <Word id="tr_1_tl_71_w2" custom="readingOrder {index:1;}">
                    <Coords points="1780,2971 1780,3031 1969,3031 1969,2971"/>
                    <TextEquiv>
                        <Unicode>rückhaltlos</Unicode>
                    </TextEquiv>
                </Word>
                <Word id="tr_1_tl_71_w3" custom="readingOrder {index:2;}">
                    <Coords points="2003,2974 2003,3034 2137,3034 2137,2974"/>
                    <TextEquiv>
                        <Unicode>innigste</Unicode>
                    </TextEquiv>
                </Word>
                <Word id="tr_1_tl_71_w4" custom="readingOrder {index:3;}">
                    <Coords points="2165,2977 2165,3037 2317,3037 2317,2977"/>
                    <TextEquiv>
                        <Unicode>Gebärde</Unicode>
                    </TextEquiv>
                </Word>
                <Word id="tr_1_tl_71_w5" custom="readingOrder {index:4;}">
                    <Coords points="2350,2979 2350,3039 2452,3039 2452,2979"/>
                    <TextEquiv>
                        <Unicode>seiner</Unicode>
                    </TextEquiv>
                </Word>
                <Word id="tr_1_tl_71_w6" custom="readingOrder {index:5;}">
                    <Coords points="2480,2980 2480,3040 2696,3040 2696,2980"/>
                    <TextEquiv>
                        <Unicode>brüderlichen</Unicode>
                    </TextEquiv>
                </Word>
                <Word id="tr_1_tl_71_w7" custom="readingOrder {index:6;}">
                    <Coords points="2735,2985 2735,3045 2885,3045 2885,2985"/>
                    <TextEquiv>
                        <Unicode>Zärtlich¬</Unicode>
                    </TextEquiv>
                </Word>
                <TextEquiv>
                    <Unicode>die rückhaltlos innigste Gebärde seiner brüderlichen Zärtlich¬</Unicode>
                </TextEquiv>
            </TextLine>
            <TextLine id="tr_1_tl_72" custom="readingOrder {index:71;}">
                <Coords points="457,3015 1643,3037 1611,2986 457,2971"/>
                <Baseline points="471,3005 533,3009 595,3011 657,3011 719,3014 781,3014 843,3014 905,3016 967,3017 1029,3018 1091,3017 1153,3020 1215,3020 1277,3020 1339,3021 1401,3023 1463,3023 1525,3023 1587,3026 1650,3023"/>
                <Word id="tr_1_tl_72_w1" custom="readingOrder {index:0;}">
                    <Coords points="463,2970 463,3030 678,3030 678,2970"/>
                    <TextEquiv>
                        <Unicode>Orgelklang.</Unicode>
                    </TextEquiv>
                </Word>
                <Word id="tr_1_tl_72_w2" custom="readingOrder {index:1;}">
                    <Coords points="695,2973 695,3033 737,3033 737,2973"/>
                    <TextEquiv>
                        <Unicode>In</Unicode>
                    </TextEquiv>
                </Word>
                <Word id="tr_1_tl_72_w3" custom="readingOrder {index:2;}">
                    <Coords points="776,2974 776,3034 857,3034 857,2974"/>
                    <TextEquiv>
                        <Unicode>einer</Unicode>
                    </TextEquiv>
                </Word>
                <Word id="tr_1_tl_72_w4" custom="readingOrder {index:3;}">
                    <Coords points="884,2976 884,3036 1035,3036 1035,2976"/>
                    <TextEquiv>
                        <Unicode>riesigen,</Unicode>
                    </TextEquiv>
                </Word>
                <Word id="tr_1_tl_72_w5" custom="readingOrder {index:4;}">
                    <Coords points="1057,2977 1057,3037 1143,3037 1143,2977"/>
                    <TextEquiv>
                        <Unicode>sonst</Unicode>
                    </TextEquiv>
                </Word>
                <Word id="tr_1_tl_72_w6" custom="readingOrder {index:5;}">
                    <Coords points="1165,2980 1165,3040 1257,3040 1257,2980"/>
                    <TextEquiv>
                        <Unicode>völlig</Unicode>
                    </TextEquiv>
                </Word>
                <Word id="tr_1_tl_72_w7" custom="readingOrder {index:6;}">
                    <Coords points="1290,2980 1290,3040 1387,3040 1387,2980"/>
                    <TextEquiv>
                        <Unicode>leeren</Unicode>
                    </TextEquiv>
                </Word>
                <Word id="tr_1_tl_72_w8" custom="readingOrder {index:7;}">
                    <Coords points="1420,2983 1420,3043 1527,3043 1527,2983"/>
                    <TextEquiv>
                        <Unicode>Kirche</Unicode>
                    </TextEquiv>
                </Word>
                <Word id="tr_1_tl_72_w9" custom="readingOrder {index:8;}">
                    <Coords points="1555,2985 1555,3045 1646,3045 1646,2985"/>
                    <TextEquiv>
                        <Unicode>wan¬</Unicode>
                    </TextEquiv>
                </Word>
                <TextEquiv>
                    <Unicode>Orgelklang. In einer riesigen, sonst völlig leeren Kirche wan¬</Unicode>
                </TextEquiv>
            </TextLine>
            <TextLine id="tr_1_tl_73" custom="readingOrder {index:72;}">
                <Coords points="454,3074 1641,3086 1609,3032 454,3017"/>
                <Baseline points="468,3053 526,3056 585,3058 644,3059 703,3060 762,3062 820,3062 879,3063 938,3065 997,3065 1056,3065 1114,3068 1173,3070 1232,3071 1291,3068 1350,3070 1408,3071 1467,3072 1526,3074 1585,3074 1644,3071"/>
                <Word id="tr_1_tl_73_w1" custom="readingOrder {index:0;}">
                    <Coords points="459,3014 459,3074 541,3074 541,3014"/>
                    <TextEquiv>
                        <Unicode>delte</Unicode>
                    </TextEquiv>
                </Word>
                <Word id="tr_1_tl_73_w2" custom="readingOrder {index:1;}">
                    <Coords points="567,3018 567,3078 695,3078 695,3018"/>
                    <TextEquiv>
                        <Unicode>Robert</Unicode>
                    </TextEquiv>
                </Word>
                <Word id="tr_1_tl_73_w3" custom="readingOrder {index:2;}">
                    <Coords points="717,3021 717,3081 778,3081 778,3021"/>
                    <TextEquiv>
                        <Unicode>mit</Unicode>
                    </TextEquiv>
                </Word>
                <Word id="tr_1_tl_73_w4" custom="readingOrder {index:3;}">
                    <Coords points="799,3022 799,3082 860,3082 860,3022"/>
                    <TextEquiv>
                        <Unicode>Dr.</Unicode>
                    </TextEquiv>
                </Word>
                <Word id="tr_1_tl_73_w5" custom="readingOrder {index:4;}">
                    <Coords points="876,3025 876,3085 1041,3085 1041,3025"/>
                    <TextEquiv>
                        <Unicode>Leimbach</Unicode>
                    </TextEquiv>
                </Word>
                <Word id="tr_1_tl_73_w6" custom="readingOrder {index:5;}">
                    <Coords points="1073,3028 1073,3088 1206,3088 1206,3028"/>
                    <TextEquiv>
                        <Unicode>umher,</Unicode>
                    </TextEquiv>
                </Word>
                <Word id="tr_1_tl_73_w7" custom="readingOrder {index:6;}">
                    <Coords points="1222,3029 1222,3089 1283,3089 1283,3029"/>
                    <TextEquiv>
                        <Unicode>und</Unicode>
                    </TextEquiv>
                </Word>
                <Word id="tr_1_tl_73_w8" custom="readingOrder {index:7;}">
                    <Coords points="1310,3029 1310,3089 1345,3089 1345,3029"/>
                    <TextEquiv>
                        <Unicode>an</Unicode>
                    </TextEquiv>
                </Word>
                <Word id="tr_1_tl_73_w9" custom="readingOrder {index:8;}">
                    <Coords points="1377,3030 1377,3090 1428,3090 1428,3030"/>
                    <TextEquiv>
                        <Unicode>der</Unicode>
                    </TextEquiv>
                </Word>
                <Word id="tr_1_tl_73_w10" custom="readingOrder {index:9;}">
                    <Coords points="1454,3033 1454,3093 1567,3093 1567,3033"/>
                    <TextEquiv>
                        <Unicode>Orgel,</Unicode>
                    </TextEquiv>
                </Word>
                <Word id="tr_1_tl_73_w11" custom="readingOrder {index:10;}">
                    <Coords points="1583,3032 1583,3092 1644,3092 1644,3032"/>
                    <TextEquiv>
                        <Unicode>un¬</Unicode>
                    </TextEquiv>
                </Word>
                <TextEquiv>
                    <Unicode>delte Robert mit Dr. Leimbach umher, und an der Orgel, un¬</Unicode>
                </TextEquiv>
            </TextLine>
            <TextLine id="tr_1_tl_74" custom="readingOrder {index:73;}">
                <Coords points="1699,3066 2832,3096 2888,3083 2888,3037 1697,3017"/>
                <Baseline points="1713,3059 1772,3060 1831,3060 1890,3062 1949,3062 2008,3062 2067,3065 2126,3065 2185,3065 2244,3065 2304,3065 2363,3067 2422,3068 2481,3068 2540,3068 2599,3068 2658,3071 2717,3073 2776,3073 2835,3074 2895,3074"/>
                <Word id="tr_1_tl_74_w1" custom="readingOrder {index:0;}">
                    <Coords points="1703,3019 1703,3079 1761,3079 1761,3019"/>
                    <TextEquiv>
                        <Unicode>keit</Unicode>
                    </TextEquiv>
                </Word>
                <Word id="tr_1_tl_74_w2" custom="readingOrder {index:1;}">
                    <Coords points="1784,3020 1784,3080 1816,3080 1816,3020"/>
                    <TextEquiv>
                        <Unicode>zu</Unicode>
                    </TextEquiv>
                </Word>
                <Word id="tr_1_tl_74_w3" custom="readingOrder {index:2;}">
                    <Coords points="1849,3022 1849,3082 2037,3082 2037,3022"/>
                    <TextEquiv>
                        <Unicode>versichern.</Unicode>
                    </TextEquiv>
                </Word>
                <Word id="tr_1_tl_74_w4" custom="readingOrder {index:3;}">
                    <Coords points="2059,3025 2059,3085 2183,3085 2183,3025"/>
                    <TextEquiv>
                        <Unicode>Robert</Unicode>
                    </TextEquiv>
                </Word>
                <Word id="tr_1_tl_74_w5" custom="readingOrder {index:4;}">
                    <Coords points="2211,3025 2211,3085 2302,3085 2302,3025"/>
                    <TextEquiv>
                        <Unicode>aber,</Unicode>
                    </TextEquiv>
                </Word>
                <Word id="tr_1_tl_74_w6" custom="readingOrder {index:5;}">
                    <Coords points="2324,3026 2324,3086 2377,3086 2377,3026"/>
                    <TextEquiv>
                        <Unicode>des</Unicode>
                    </TextEquiv>
                </Word>
                <Word id="tr_1_tl_74_w7" custom="readingOrder {index:6;}">
                    <Coords points="2405,3028 2405,3088 2556,3088 2556,3028"/>
                    <TextEquiv>
                        <Unicode>Bruders</Unicode>
                    </TextEquiv>
                </Word>
                <Word id="tr_1_tl_74_w8" custom="readingOrder {index:7;}">
                    <Coords points="2583,3029 2583,3089 2669,3089 2669,3029"/>
                    <TextEquiv>
                        <Unicode>kühle</Unicode>
                    </TextEquiv>
                </Word>
                <Word id="tr_1_tl_74_w9" custom="readingOrder {index:8;}">
                    <Coords points="2697,3033 2697,3093 2810,3093 2810,3033"/>
                    <TextEquiv>
                        <Unicode>Hände</Unicode>
                    </TextEquiv>
                </Word>
                <Word id="tr_1_tl_74_w10" custom="readingOrder {index:9;}">
                    <Coords points="2837,3034 2837,3094 2875,3094 2875,3034"/>
                    <TextEquiv>
                        <Unicode>an</Unicode>
                    </TextEquiv>
                </Word>
                <TextEquiv>
                    <Unicode>keit zu versichern. Robert aber, des Bruders kühle Hände an</Unicode>
                </TextEquiv>
            </TextLine>
            <TextLine id="tr_1_tl_75" custom="readingOrder {index:74;}">
                <Coords points="1706,3120 2888,3137 2888,3083 1706,3069"/>
                <Baseline points="1719,3107 1777,3107 1836,3109 1894,3110 1953,3110 2012,3110 2070,3110 2129,3113 2188,3113 2246,3115 2305,3113 2364,3116 2422,3116 2481,3116 2540,3119 2598,3119 2657,3119 2716,3119 2774,3121 2833,3122 2892,3122"/>
                <Word id="tr_1_tl_75_w1" custom="readingOrder {index:0;}">
                    <Coords points="1707,3067 1707,3127 1805,3127 1805,3067"/>
                    <TextEquiv>
                        <Unicode>seinem</Unicode>
                    </TextEquiv>
                </Word>
                <Word id="tr_1_tl_75_w2" custom="readingOrder {index:1;}">
                    <Coords points="1850,3070 1850,3130 1944,3130 1944,3070"/>
                    <TextEquiv>
                        <Unicode>Halse</Unicode>
                    </TextEquiv>
                </Word>
                <Word id="tr_1_tl_75_w3" custom="readingOrder {index:2;}">
                    <Coords points="1972,3070 1972,3130 2121,3130 2121,3070"/>
                    <TextEquiv>
                        <Unicode>fühlend,</Unicode>
                    </TextEquiv>
                </Word>
                <Word id="tr_1_tl_75_w4" custom="readingOrder {index:3;}">
                    <Coords points="2144,3074 2144,3134 2299,3134 2299,3074"/>
                    <TextEquiv>
                        <Unicode>zweifelte</Unicode>
                    </TextEquiv>
                </Word>
                <Word id="tr_1_tl_75_w5" custom="readingOrder {index:4;}">
                    <Coords points="2327,3075 2327,3135 2392,3135 2392,3075"/>
                    <TextEquiv>
                        <Unicode>nun</Unicode>
                    </TextEquiv>
                </Word>
                <Word id="tr_1_tl_75_w6" custom="readingOrder {index:5;}">
                    <Coords points="2426,3076 2426,3136 2504,3136 2504,3076"/>
                    <TextEquiv>
                        <Unicode>nicht</Unicode>
                    </TextEquiv>
                </Word>
                <Word id="tr_1_tl_75_w7" custom="readingOrder {index:6;}">
                    <Coords points="2532,3079 2532,3139 2636,3139 2636,3079"/>
                    <TextEquiv>
                        <Unicode>mehr,</Unicode>
                    </TextEquiv>
                </Word>
                <Word id="tr_1_tl_75_w8" custom="readingOrder {index:7;}">
                    <Coords points="2659,3079 2659,3139 2719,3139 2719,3079"/>
                    <TextEquiv>
                        <Unicode>daß</Unicode>
                    </TextEquiv>
                </Word>
                <Word id="tr_1_tl_75_w9" custom="readingOrder {index:8;}">
                    <Coords points="2753,3081 2753,3141 2802,3141 2802,3081"/>
                    <TextEquiv>
                        <Unicode>der</Unicode>
                    </TextEquiv>
                </Word>
                <Word id="tr_1_tl_75_w10" custom="readingOrder {index:9;}">
                    <Coords points="2831,3082 2831,3142 2885,3142 2885,3082"/>
                    <TextEquiv>
                        <Unicode>ge¬</Unicode>
                    </TextEquiv>
                </Word>
                <TextEquiv>
                    <Unicode>seinem Halse fühlend, zweifelte nun nicht mehr, daß der ge¬</Unicode>
                </TextEquiv>
            </TextLine>
            <TextLine id="tr_1_tl_76" custom="readingOrder {index:75;}">
                <Coords points="461,3127 1601,3142 1648,3135 1648,3088 459,3066"/>
                <Baseline points="474,3110 536,3107 598,3109 660,3110 722,3110 784,3110 846,3111 908,3113 970,3113 1032,3114 1094,3116 1156,3119 1218,3119 1280,3119 1342,3119 1404,3119 1466,3119 1528,3121 1590,3122 1653,3125"/>
                <Word id="tr_1_tl_76_w1" custom="readingOrder {index:0;}">
                    <Coords points="460,3067 460,3127 614,3127 614,3067"/>
                    <TextEquiv>
                        <Unicode>gesehen,</Unicode>
                    </TextEquiv>
                </Word>
                <Word id="tr_1_tl_76_w2" custom="readingOrder {index:1;}">
                    <Coords points="637,3070 637,3130 714,3130 714,3070"/>
                    <TextEquiv>
                        <Unicode>aber</Unicode>
                    </TextEquiv>
                </Word>
                <Word id="tr_1_tl_76_w3" custom="readingOrder {index:2;}">
                    <Coords points="742,3070 742,3130 869,3130 869,3070"/>
                    <TextEquiv>
                        <Unicode>Robert</Unicode>
                    </TextEquiv>
                </Word>
                <Word id="tr_1_tl_76_w4" custom="readingOrder {index:3;}">
                    <Coords points="892,3073 892,3133 963,3133 963,3073"/>
                    <TextEquiv>
                        <Unicode>doch</Unicode>
                    </TextEquiv>
                </Word>
                <Word id="tr_1_tl_76_w5" custom="readingOrder {index:4;}">
                    <Coords points="992,3075 992,3135 1147,3135 1147,3075"/>
                    <TextEquiv>
                        <Unicode>bewußt,</Unicode>
                    </TextEquiv>
                </Word>
                <Word id="tr_1_tl_76_w6" custom="readingOrder {index:5;}">
                    <Coords points="1169,3079 1169,3139 1213,3139 1213,3079"/>
                    <TextEquiv>
                        <Unicode>saß</Unicode>
                    </TextEquiv>
                </Word>
                <Word id="tr_1_tl_76_w7" custom="readingOrder {index:6;}">
                    <Coords points="1247,3079 1247,3139 1301,3139 1301,3079"/>
                    <TextEquiv>
                        <Unicode>der</Unicode>
                    </TextEquiv>
                </Word>
                <Word id="tr_1_tl_76_w8" custom="readingOrder {index:7;}">
                    <Coords points="1330,3079 1330,3139 1457,3139 1457,3079"/>
                    <TextEquiv>
                        <Unicode>Pianist</Unicode>
                    </TextEquiv>
                </Word>
                <Word id="tr_1_tl_76_w9" custom="readingOrder {index:8;}">
                    <Coords points="1486,3080 1486,3140 1540,3140 1540,3080"/>
                    <TextEquiv>
                        <Unicode>aus</Unicode>
                    </TextEquiv>
                </Word>
                <Word id="tr_1_tl_76_w10" custom="readingOrder {index:9;}">
                    <Coords points="1574,3082 1574,3142 1623,3142 1623,3082"/>
                    <TextEquiv>
                        <Unicode>dem</Unicode>
                    </TextEquiv>
                </Word>
                <TextEquiv>
                    <Unicode>gesehen, aber Robert doch bewußt, saß der Pianist aus dem</Unicode>
                </TextEquiv>
            </TextLine>
            <TextLine id="tr_1_tl_77" custom="readingOrder {index:76;}">
                <Coords points="1699,3171 2888,3186 2888,3137 2817,3125 1699,3122"/>
                <Baseline points="1713,3155 1772,3156 1831,3156 1890,3155 1949,3158 2008,3158 2067,3158 2126,3161 2185,3161 2244,3161 2304,3161 2363,3163 2422,3164 2481,3164 2540,3166 2599,3166 2658,3166 2717,3169 2776,3169 2835,3169 2895,3172"/>
                <Word id="tr_1_tl_77_w1" custom="readingOrder {index:0;}">
                    <Coords points="1700,3116 1700,3176 1871,3176 1871,3116"/>
                    <TextEquiv>
                        <Unicode>fürchtete,</Unicode>
                    </TextEquiv>
                </Word>
                <Word id="tr_1_tl_77_w2" custom="readingOrder {index:1;}">
                    <Coords points="1894,3116 1894,3176 1948,3176 1948,3116"/>
                    <TextEquiv>
                        <Unicode>daß</Unicode>
                    </TextEquiv>
                </Word>
                <Word id="tr_1_tl_77_w3" custom="readingOrder {index:2;}">
                    <Coords points="1987,3118 1987,3178 2037,3178 2037,3118"/>
                    <TextEquiv>
                        <Unicode>der</Unicode>
                    </TextEquiv>
                </Word>
                <Word id="tr_1_tl_77_w4" custom="readingOrder {index:3;}">
                    <Coords points="2071,3121 2071,3181 2264,3181 2264,3121"/>
                    <TextEquiv>
                        <Unicode>Augenblick</Unicode>
                    </TextEquiv>
                </Word>
                <Word id="tr_1_tl_77_w5" custom="readingOrder {index:4;}">
                    <Coords points="2293,3121 2293,3181 2347,3181 2347,3121"/>
                    <TextEquiv>
                        <Unicode>der</Unicode>
                    </TextEquiv>
                </Word>
                <Word id="tr_1_tl_77_w6" custom="readingOrder {index:5;}">
                    <Coords points="2382,3124 2382,3184 2541,3184 2541,3124"/>
                    <TextEquiv>
                        <Unicode>höchsten,</Unicode>
                    </TextEquiv>
                </Word>
                <Word id="tr_1_tl_77_w7" custom="readingOrder {index:6;}">
                    <Coords points="2565,3126 2565,3186 2619,3186 2619,3126"/>
                    <TextEquiv>
                        <Unicode>der</Unicode>
                    </TextEquiv>
                </Word>
                <Word id="tr_1_tl_77_w8" custom="readingOrder {index:7;}">
                    <Coords points="2648,3129 2648,3189 2874,3189 2874,3129"/>
                    <TextEquiv>
                        <Unicode>entsetzlichsten</Unicode>
                    </TextEquiv>
                </Word>
                <TextEquiv>
                    <Unicode>fürchtete, daß der Augenblick der höchsten, der entsetzlichsten</Unicode>
                </TextEquiv>
            </TextLine>
            <TextLine id="tr_1_tl_78" custom="readingOrder {index:77;}">
                <Coords points="452,3179 1516,3196 1645,3181 1645,3132 449,3120"/>
                <Baseline points="465,3152 524,3155 583,3157 642,3158 702,3158 761,3158 820,3158 879,3161 939,3161 998,3164 1057,3164 1116,3164 1176,3166 1235,3166 1294,3166 1353,3166 1413,3167 1472,3169 1531,3169 1590,3169 1650,3169"/>
                <Word id="tr_1_tl_78_w1" custom="readingOrder {index:0;}">
                    <Coords points="455,3116 455,3176 660,3176 660,3116"/>
                    <TextEquiv>
                        <Unicode>Nachtlokal,</Unicode>
                    </TextEquiv>
                </Word>
                <Word id="tr_1_tl_78_w2" custom="readingOrder {index:1;}">
                    <Coords points="677,3118 677,3178 828,3178 828,3118"/>
                    <TextEquiv>
                        <Unicode>während</Unicode>
                    </TextEquiv>
                </Word>
                <Word id="tr_1_tl_78_w3" custom="readingOrder {index:2;}">
                    <Coords points="856,3121 856,3181 1035,3181 1035,3121"/>
                    <TextEquiv>
                        <Unicode>Höhnburg</Unicode>
                    </TextEquiv>
                </Word>
                <Word id="tr_1_tl_78_w4" custom="readingOrder {index:3;}">
                    <Coords points="1062,3124 1062,3184 1110,3184 1110,3124"/>
                    <TextEquiv>
                        <Unicode>die</Unicode>
                    </TextEquiv>
                </Word>
                <Word id="tr_1_tl_78_w5" custom="readingOrder {index:4;}">
                    <Coords points="1133,3126 1133,3186 1279,3186 1279,3126"/>
                    <TextEquiv>
                        <Unicode>Register</Unicode>
                    </TextEquiv>
                </Word>
                <Word id="tr_1_tl_78_w6" custom="readingOrder {index:5;}">
                    <Coords points="1296,3126 1296,3186 1360,3186 1360,3126"/>
                    <TextEquiv>
                        <Unicode>trat</Unicode>
                    </TextEquiv>
                </Word>
                <Word id="tr_1_tl_78_w7" custom="readingOrder {index:6;}">
                    <Coords points="1382,3126 1382,3186 1442,3186 1442,3126"/>
                    <TextEquiv>
                        <Unicode>und</Unicode>
                    </TextEquiv>
                </Word>
                <Word id="tr_1_tl_78_w8" custom="readingOrder {index:7;}">
                    <Coords points="1470,3129 1470,3189 1561,3189 1561,3129"/>
                    <TextEquiv>
                        <Unicode>dabei</Unicode>
                    </TextEquiv>
                </Word>
                <Word id="tr_1_tl_78_w9" custom="readingOrder {index:8;}">
                    <Coords points="1583,3129 1583,3189 1637,3189 1637,3129"/>
                    <TextEquiv>
                        <Unicode>wie</Unicode>
                    </TextEquiv>
                </Word>
                <TextEquiv>
                    <Unicode>Nachtlokal, während Höhnburg die Register trat und dabei wie</Unicode>
                </TextEquiv>
            </TextLine>
            <TextLine id="tr_1_tl_79" custom="readingOrder {index:78;}">
                <Coords points="1702,3213 2866,3237 2883,3186 1699,3169"/>
                <Baseline points="1713,3199 1775,3202 1837,3204 1899,3205 1961,3205 2023,3205 2085,3206 2147,3208 2209,3208 2271,3211 2333,3211 2395,3211 2457,3211 2519,3214 2581,3214 2643,3216 2705,3220 2767,3217 2829,3217 2892,3217"/>
                <Word id="tr_1_tl_79_w1" custom="readingOrder {index:0;}">
                    <Coords points="1699,3161 1699,3221 1828,3221 1828,3161"/>
                    <TextEquiv>
                        <Unicode>Gefahr</Unicode>
                    </TextEquiv>
                </Word>
                <Word id="tr_1_tl_79_w2" custom="readingOrder {index:1;}">
                    <Coords points="1851,3165 1851,3225 2034,3225 2034,3165"/>
                    <TextEquiv>
                        <Unicode>gekommen</Unicode>
                    </TextEquiv>
                </Word>
                <Word id="tr_1_tl_79_w3" custom="readingOrder {index:2;}">
                    <Coords points="2062,3166 2062,3226 2115,3226 2115,3166"/>
                    <TextEquiv>
                        <Unicode>sei,</Unicode>
                    </TextEquiv>
                </Word>
                <Word id="tr_1_tl_79_w4" custom="readingOrder {index:3;}">
                    <Coords points="2132,3168 2132,3228 2229,3228 2229,3168"/>
                    <TextEquiv>
                        <Unicode>gegen</Unicode>
                    </TextEquiv>
                </Word>
                <Word id="tr_1_tl_79_w5" custom="readingOrder {index:4;}">
                    <Coords points="2256,3171 2256,3231 2305,3231 2305,3171"/>
                    <TextEquiv>
                        <Unicode>die</Unicode>
                    </TextEquiv>
                </Word>
                <Word id="tr_1_tl_79_w6" custom="readingOrder {index:5;}">
                    <Coords points="2327,3171 2327,3231 2353,3231 2353,3171"/>
                    <TextEquiv>
                        <Unicode>in</Unicode>
                    </TextEquiv>
                </Word>
                <Word id="tr_1_tl_79_w7" custom="readingOrder {index:6;}">
                    <Coords points="2381,3171 2381,3231 2467,3231 2467,3171"/>
                    <TextEquiv>
                        <Unicode>jeder</Unicode>
                    </TextEquiv>
                </Word>
                <Word id="tr_1_tl_79_w8" custom="readingOrder {index:7;}">
                    <Coords points="2495,3174 2495,3234 2591,3234 2591,3174"/>
                    <TextEquiv>
                        <Unicode>Weise</Unicode>
                    </TextEquiv>
                </Word>
                <Word id="tr_1_tl_79_w9" custom="readingOrder {index:8;}">
                    <Coords points="2614,3175 2614,3235 2662,3235 2662,3175"/>
                    <TextEquiv>
                        <Unicode>sich</Unicode>
                    </TextEquiv>
                </Word>
                <Word id="tr_1_tl_79_w10" custom="readingOrder {index:9;}">
                    <Coords points="2690,3179 2690,3239 2721,3239 2721,3179"/>
                    <TextEquiv>
                        <Unicode>zu</Unicode>
                    </TextEquiv>
                </Word>
                <Word id="tr_1_tl_79_w11" custom="readingOrder {index:10;}">
                    <Coords points="2749,3177 2749,3237 2873,3237 2873,3177"/>
                    <TextEquiv>
                        <Unicode>wehren</Unicode>
                    </TextEquiv>
                </Word>
                <TextEquiv>
                    <Unicode>Gefahr gekommen sei, gegen die in jeder Weise sich zu wehren</Unicode>
                </TextEquiv>
            </TextLine>
            <TextLine id="tr_1_tl_80" custom="readingOrder {index:79;}">
                <Coords points="452,3213 1641,3232 1641,3186 1550,3174 452,3171"/>
                <Baseline points="465,3202 524,3203 583,3205 642,3205 701,3205 760,3205 819,3208 878,3209 937,3209 996,3211 1056,3211 1115,3213 1174,3214 1233,3214 1292,3214 1351,3216 1410,3217 1469,3217 1528,3217 1587,3217 1647,3214"/>
                <Word id="tr_1_tl_80_w1" custom="readingOrder {index:0;}">
                    <Coords points="458,3162 458,3222 500,3222 500,3162"/>
                    <TextEquiv>
                        <Unicode>ein</Unicode>
                    </TextEquiv>
                </Word>
                <Word id="tr_1_tl_80_w2" custom="readingOrder {index:1;}">
                    <Coords points="539,3165 539,3225 738,3225 738,3165"/>
                    <TextEquiv>
                        <Unicode>Hanswurst</Unicode>
                    </TextEquiv>
                </Word>
                <Word id="tr_1_tl_80_w3" custom="readingOrder {index:2;}">
                    <Coords points="760,3166 760,3226 813,3226 813,3166"/>
                    <TextEquiv>
                        <Unicode>den</Unicode>
                    </TextEquiv>
                </Word>
                <Word id="tr_1_tl_80_w4" custom="readingOrder {index:3;}">
                    <Coords points="851,3169 851,3229 937,3229 937,3169"/>
                    <TextEquiv>
                        <Unicode>Kopf</Unicode>
                    </TextEquiv>
                </Word>
                <Word id="tr_1_tl_80_w5" custom="readingOrder {index:4;}">
                    <Coords points="959,3171 959,3231 1040,3231 1040,3171"/>
                    <TextEquiv>
                        <Unicode>weit</Unicode>
                    </TextEquiv>
                </Word>
                <Word id="tr_1_tl_80_w6" custom="readingOrder {index:5;}">
                    <Coords points="1062,3172 1062,3232 1142,3232 1142,3172"/>
                    <TextEquiv>
                        <Unicode>über</Unicode>
                    </TextEquiv>
                </Word>
                <Word id="tr_1_tl_80_w7" custom="readingOrder {index:6;}">
                    <Coords points="1170,3174 1170,3234 1218,3234 1218,3174"/>
                    <TextEquiv>
                        <Unicode>die</Unicode>
                    </TextEquiv>
                </Word>
                <Word id="tr_1_tl_80_w8" custom="readingOrder {index:7;}">
                    <Coords points="1251,3175 1251,3235 1412,3235 1412,3175"/>
                    <TextEquiv>
                        <Unicode>Brüstung</Unicode>
                    </TextEquiv>
                </Word>
                <Word id="tr_1_tl_80_w9" custom="readingOrder {index:8;}">
                    <Coords points="1445,3177 1445,3237 1498,3237 1498,3177"/>
                    <TextEquiv>
                        <Unicode>des</Unicode>
                    </TextEquiv>
                </Word>
                <Word id="tr_1_tl_80_w10" custom="readingOrder {index:9;}">
                    <Coords points="1526,3177 1526,3237 1633,3237 1633,3177"/>
                    <TextEquiv>
                        <Unicode>Chors</Unicode>
                    </TextEquiv>
                </Word>
                <TextEquiv>
                    <Unicode>ein Hanswurst den Kopf weit über die Brüstung des Chors</Unicode>
                </TextEquiv>
            </TextLine>
            <TextLine id="tr_1_tl_81" custom="readingOrder {index:80;}">
                <Coords points="1692,3259 2881,3281 2881,3230 1692,3215"/>
                <Baseline points="1704,3253 1763,3253 1822,3253 1881,3253 1940,3253 1999,3253 2058,3253 2117,3254 2176,3256 2235,3256 2295,3257 2354,3259 2413,3262 2472,3262 2531,3262 2590,3264 2649,3265 2708,3265 2767,3265 2826,3268 2886,3268"/>
                <Word id="tr_1_tl_81_w1" custom="readingOrder {index:0;}">
                    <Coords points="1698,3213 1698,3273 1784,3273 1784,3213"/>
                    <TextEquiv>
                        <Unicode>durch</Unicode>
                    </TextEquiv>
                </Word>
                <Word id="tr_1_tl_81_w2" custom="readingOrder {index:1;}">
                    <Coords points="1811,3213 1811,3273 2006,3273 2006,3213"/>
                    <TextEquiv>
                        <Unicode>menschliche</Unicode>
                    </TextEquiv>
                </Word>
                <Word id="tr_1_tl_81_w3" custom="readingOrder {index:2;}">
                    <Coords points="2034,3213 2034,3273 2087,3273 2087,3213"/>
                    <TextEquiv>
                        <Unicode>und</Unicode>
                    </TextEquiv>
                </Word>
                <Word id="tr_1_tl_81_w4" custom="readingOrder {index:3;}">
                    <Coords points="2115,3216 2115,3276 2260,3276 2260,3216"/>
                    <TextEquiv>
                        <Unicode>göttliche</Unicode>
                    </TextEquiv>
                </Word>
                <Word id="tr_1_tl_81_w5" custom="readingOrder {index:4;}">
                    <Coords points="2283,3218 2283,3278 2407,3278 2407,3218"/>
                    <TextEquiv>
                        <Unicode>Gesetze</Unicode>
                    </TextEquiv>
                </Word>
                <Word id="tr_1_tl_81_w6" custom="readingOrder {index:5;}">
                    <Coords points="2429,3222 2429,3282 2575,3282 2575,3222"/>
                    <TextEquiv>
                        <Unicode>erlaubt,</Unicode>
                    </TextEquiv>
                </Word>
                <Word id="tr_1_tl_81_w7" custom="readingOrder {index:6;}">
                    <Coords points="2586,3224 2586,3284 2613,3284 2613,3224"/>
                    <TextEquiv>
                        <Unicode>ja</Unicode>
                    </TextEquiv>
                </Word>
                <Word id="tr_1_tl_81_w8" custom="readingOrder {index:7;}">
                    <Coords points="2641,3225 2641,3285 2770,3285 2770,3225"/>
                    <TextEquiv>
                        <Unicode>geboten</Unicode>
                    </TextEquiv>
                </Word>
                <Word id="tr_1_tl_81_w9" custom="readingOrder {index:8;}">
                    <Coords points="2798,3228 2798,3288 2884,3288 2884,3228"/>
                    <TextEquiv>
                        <Unicode>war.</Unicode>
                    </TextEquiv>
                </Word>
                <TextEquiv>
                    <Unicode>durch menschliche und göttliche Gesetze erlaubt, ja geboten war.</Unicode>
                </TextEquiv>
            </TextLine>
            <TextLine id="tr_1_tl_82" custom="readingOrder {index:81;}">
                <Coords points="452,3264 1587,3283 1636,3279 1636,3230 449,3215"/>
                <Baseline points="465,3250 523,3253 582,3253 641,3253 700,3254 759,3256 817,3256 876,3256 935,3257 994,3259 1053,3259 1111,3262 1170,3262 1229,3265 1288,3265 1347,3265 1405,3265 1464,3265 1523,3265 1582,3268 1641,3271"/>
                <Word id="tr_1_tl_82_w1" custom="readingOrder {index:0;}">
                    <Coords points="454,3212 454,3272 572,3272 572,3212"/>
                    <TextEquiv>
                        <Unicode>streckte</Unicode>
                    </TextEquiv>
                </Word>
                <Word id="tr_1_tl_82_w2" custom="readingOrder {index:1;}">
                    <Coords points="598,3213 598,3273 660,3273 660,3213"/>
                    <TextEquiv>
                        <Unicode>und</Unicode>
                    </TextEquiv>
                </Word>
                <Word id="tr_1_tl_82_w3" custom="readingOrder {index:2;}">
                    <Coords points="691,3215 691,3275 809,3275 809,3215"/>
                    <TextEquiv>
                        <Unicode>immer</Unicode>
                    </TextEquiv>
                </Word>
                <Word id="tr_1_tl_82_w4" custom="readingOrder {index:3;}">
                    <Coords points="835,3216 835,3276 953,3276 953,3216"/>
                    <TextEquiv>
                        <Unicode>wieder</Unicode>
                    </TextEquiv>
                </Word>
                <Word id="tr_1_tl_82_w5" custom="readingOrder {index:4;}">
                    <Coords points="985,3220 985,3280 1170,3280 1170,3220"/>
                    <TextEquiv>
                        <Unicode>zurückzog.</Unicode>
                    </TextEquiv>
                </Word>
                <Word id="tr_1_tl_82_w6" custom="readingOrder {index:5;}">
                    <Coords points="1191,3225 1191,3285 1356,3285 1356,3225"/>
                    <TextEquiv>
                        <Unicode>Leimbach</Unicode>
                    </TextEquiv>
                </Word>
                <Word id="tr_1_tl_82_w7" custom="readingOrder {index:6;}">
                    <Coords points="1392,3225 1392,3285 1464,3285 1464,3225"/>
                    <TextEquiv>
                        <Unicode>aber</Unicode>
                    </TextEquiv>
                </Word>
                <Word id="tr_1_tl_82_w8" custom="readingOrder {index:7;}">
                    <Coords points="1495,3227 1495,3287 1639,3287 1639,3227"/>
                    <TextEquiv>
                        <Unicode>erklärte,</Unicode>
                    </TextEquiv>
                </Word>
                <TextEquiv>
                    <Unicode>streckte und immer wieder zurückzog. Leimbach aber erklärte,</Unicode>
                </TextEquiv>
            </TextLine>
            <TextLine id="tr_1_tl_83" custom="readingOrder {index:82;}">
                <Coords points="449,3313 1633,3325 1616,3276 449,3264"/>
                <Baseline points="462,3301 520,3301 579,3301 638,3301 697,3301 756,3303 814,3304 873,3305 932,3307 991,3307 1050,3307 1108,3308 1167,3310 1226,3310 1285,3310 1344,3310 1402,3310 1461,3312 1520,3312 1579,3313 1638,3316"/>
                <Word id="tr_1_tl_83_w1" custom="readingOrder {index:0;}">
                    <Coords points="454,3261 454,3321 513,3321 513,3261"/>
                    <TextEquiv>
                        <Unicode>daß</Unicode>
                    </TextEquiv>
                </Word>
                <Word id="tr_1_tl_83_w2" custom="readingOrder {index:1;}">
                    <Coords points="539,3261 539,3321 589,3321 589,3261"/>
                    <TextEquiv>
                        <Unicode>der</Unicode>
                    </TextEquiv>
                </Word>
                <Word id="tr_1_tl_83_w3" custom="readingOrder {index:2;}">
                    <Coords points="614,3261 614,3321 715,3321 715,3261"/>
                    <TextEquiv>
                        <Unicode>Mann</Unicode>
                    </TextEquiv>
                </Word>
                <Word id="tr_1_tl_83_w4" custom="readingOrder {index:3;}">
                    <Coords points="745,3263 745,3323 815,3323 815,3263"/>
                    <TextEquiv>
                        <Unicode>dort</Unicode>
                    </TextEquiv>
                </Word>
                <Word id="tr_1_tl_83_w5" custom="readingOrder {index:4;}">
                    <Coords points="836,3265 836,3325 911,3325 911,3265"/>
                    <TextEquiv>
                        <Unicode>oben</Unicode>
                    </TextEquiv>
                </Word>
                <Word id="tr_1_tl_83_w6" custom="readingOrder {index:5;}">
                    <Coords points="942,3267 942,3327 1017,3327 1017,3267"/>
                    <TextEquiv>
                        <Unicode>nicht</Unicode>
                    </TextEquiv>
                </Word>
                <Word id="tr_1_tl_83_w7" custom="readingOrder {index:6;}">
                    <Coords points="1037,3267 1037,3327 1118,3327 1118,3267"/>
                    <TextEquiv>
                        <Unicode>etwa</Unicode>
                    </TextEquiv>
                </Word>
                <Word id="tr_1_tl_83_w8" custom="readingOrder {index:7;}">
                    <Coords points="1148,3270 1148,3330 1208,3330 1208,3270"/>
                    <TextEquiv>
                        <Unicode>eine</Unicode>
                    </TextEquiv>
                </Word>
                <Word id="tr_1_tl_83_w9" custom="readingOrder {index:8;}">
                    <Coords points="1234,3270 1234,3330 1324,3330 1324,3270"/>
                    <TextEquiv>
                        <Unicode>Fuge</Unicode>
                    </TextEquiv>
                </Word>
                <Word id="tr_1_tl_83_w10" custom="readingOrder {index:9;}">
                    <Coords points="1350,3270 1350,3330 1405,3330 1405,3270"/>
                    <TextEquiv>
                        <Unicode>von</Unicode>
                    </TextEquiv>
                </Word>
                <Word id="tr_1_tl_83_w11" custom="readingOrder {index:10;}">
                    <Coords points="1430,3272 1430,3332 1511,3332 1511,3272"/>
                    <TextEquiv>
                        <Unicode>Bach</Unicode>
                    </TextEquiv>
                </Word>
                <Word id="tr_1_tl_83_w12" custom="readingOrder {index:11;}">
                    <Coords points="1536,3273 1536,3333 1626,3333 1626,3273"/>
                    <TextEquiv>
                        <Unicode>spiele</Unicode>
                    </TextEquiv>
                </Word>
                <TextEquiv>
                    <Unicode>daß der Mann dort oben nicht etwa eine Fuge von Bach spiele</Unicode>
                </TextEquiv>
            </TextLine>
            <TextLine id="tr_1_tl_84" custom="readingOrder {index:83;}">
                <Coords points="1697,3315 2886,3332 2886,3281 2788,3269 1697,3262"/>
                <Baseline points="1710,3307 1769,3300 1828,3300 1887,3301 1946,3301 2005,3301 2064,3304 2123,3304 2182,3304 2241,3307 2301,3307 2360,3307 2419,3310 2478,3310 2537,3310 2596,3310 2655,3313 2714,3313 2773,3315 2832,3319 2892,3322"/>
                <Word id="tr_1_tl_84_w1" custom="readingOrder {index:0;}">
                    <Coords points="1698,3265 1698,3325 1741,3325 1741,3265"/>
                    <TextEquiv>
                        <Unicode>In</Unicode>
                    </TextEquiv>
                </Word>
                <Word id="tr_1_tl_84_w2" custom="readingOrder {index:1;}">
                    <Coords points="1769,3260 1769,3320 1824,3320 1824,3260"/>
                    <TextEquiv>
                        <Unicode>der</Unicode>
                    </TextEquiv>
                </Word>
                <Word id="tr_1_tl_84_w3" custom="readingOrder {index:2;}">
                    <Coords points="1847,3261 1847,3321 2023,3321 2023,3261"/>
                    <TextEquiv>
                        <Unicode>Rocktasche</Unicode>
                    </TextEquiv>
                </Word>
                <Word id="tr_1_tl_84_w4" custom="readingOrder {index:3;}">
                    <Coords points="2045,3264 2045,3324 2177,3324 2177,3264"/>
                    <TextEquiv>
                        <Unicode>spannte</Unicode>
                    </TextEquiv>
                </Word>
                <Word id="tr_1_tl_84_w5" custom="readingOrder {index:4;}">
                    <Coords points="2200,3265 2200,3325 2227,3325 2227,3265"/>
                    <TextEquiv>
                        <Unicode>er</Unicode>
                    </TextEquiv>
                </Word>
                <Word id="tr_1_tl_84_w6" custom="readingOrder {index:5;}">
                    <Coords points="2255,3267 2255,3327 2409,3327 2409,3267"/>
                    <TextEquiv>
                        <Unicode>vorsichtig</Unicode>
                    </TextEquiv>
                </Word>
                <Word id="tr_1_tl_84_w7" custom="readingOrder {index:6;}">
                    <Coords points="2437,3270 2437,3330 2492,3330 2492,3270"/>
                    <TextEquiv>
                        <Unicode>den</Unicode>
                    </TextEquiv>
                </Word>
                <Word id="tr_1_tl_84_w8" custom="readingOrder {index:7;}">
                    <Coords points="2520,3270 2520,3330 2608,3330 2608,3270"/>
                    <TextEquiv>
                        <Unicode>Hahn</Unicode>
                    </TextEquiv>
                </Word>
                <Word id="tr_1_tl_84_w9" custom="readingOrder {index:8;}">
                    <Coords points="2636,3273 2636,3333 2735,3333 2735,3273"/>
                    <TextEquiv>
                        <Unicode>seiner</Unicode>
                    </TextEquiv>
                </Word>
                <Word id="tr_1_tl_84_w10" custom="readingOrder {index:9;}">
                    <Coords points="2757,3278 2757,3338 2884,3338 2884,3278"/>
                    <TextEquiv>
                        <Unicode>Waffe,</Unicode>
                    </TextEquiv>
                </Word>
                <TextEquiv>
                    <Unicode>In der Rocktasche spannte er vorsichtig den Hahn seiner Waffe,</Unicode>
                </TextEquiv>
            </TextLine>
            <TextLine id="tr_1_tl_85" custom="readingOrder {index:84;}">
                <Coords points="1694,3357 2881,3374 2881,3335 2810,3323 1694,3320"/>
                <Baseline points="1707,3343 1769,3346 1831,3348 1893,3349 1955,3349 2017,3349 2079,3350 2141,3352 2203,3352 2265,3355 2327,3355 2389,3358 2451,3356 2513,3358 2575,3361 2637,3361 2699,3361 2761,3361 2823,3363 2886,3366"/>
                <Word id="tr_1_tl_85_w1" custom="readingOrder {index:0;}">
                    <Coords points="1700,3304 1700,3364 1758,3364 1758,3304"/>
                    <TextEquiv>
                        <Unicode>und</Unicode>
                    </TextEquiv>
                </Word>
                <Word id="tr_1_tl_85_w2" custom="readingOrder {index:1;}">
                    <Coords points="1791,3308 1791,3368 1948,3368 1948,3308"/>
                    <TextEquiv>
                        <Unicode>während</Unicode>
                    </TextEquiv>
                </Word>
                <Word id="tr_1_tl_85_w3" custom="readingOrder {index:2;}">
                    <Coords points="1981,3309 1981,3369 2034,3369 2034,3309"/>
                    <TextEquiv>
                        <Unicode>der</Unicode>
                    </TextEquiv>
                </Word>
                <Word id="tr_1_tl_85_w4" custom="readingOrder {index:3;}">
                    <Coords points="2062,3311 2062,3371 2191,3371 2191,3311"/>
                    <TextEquiv>
                        <Unicode>Bruder</Unicode>
                    </TextEquiv>
                </Word>
                <Word id="tr_1_tl_85_w5" custom="readingOrder {index:4;}">
                    <Coords points="2224,3314 2224,3374 2272,3374 2272,3314"/>
                    <TextEquiv>
                        <Unicode>ihm</Unicode>
                    </TextEquiv>
                </Word>
                <Word id="tr_1_tl_85_w6" custom="readingOrder {index:5;}">
                    <Coords points="2317,3315 2317,3375 2354,3375 2354,3315"/>
                    <TextEquiv>
                        <Unicode>am</Unicode>
                    </TextEquiv>
                </Word>
                <Word id="tr_1_tl_85_w7" custom="readingOrder {index:6;}">
                    <Coords points="2403,3316 2403,3376 2495,3376 2495,3316"/>
                    <TextEquiv>
                        <Unicode>Halse</Unicode>
                    </TextEquiv>
                </Word>
                <Word id="tr_1_tl_85_w8" custom="readingOrder {index:7;}">
                    <Coords points="2522,3320 2522,3380 2613,3380 2613,3320"/>
                    <TextEquiv>
                        <Unicode>hing,</Unicode>
                    </TextEquiv>
                </Word>
                <Word id="tr_1_tl_85_w9" custom="readingOrder {index:8;}">
                    <Coords points="2636,3321 2636,3381 2722,3381 2722,3321"/>
                    <TextEquiv>
                        <Unicode>setzte</Unicode>
                    </TextEquiv>
                </Word>
                <Word id="tr_1_tl_85_w10" custom="readingOrder {index:9;}">
                    <Coords points="2750,3321 2750,3381 2781,3381 2781,3321"/>
                    <TextEquiv>
                        <Unicode>er</Unicode>
                    </TextEquiv>
                </Word>
                <Word id="tr_1_tl_85_w11" custom="readingOrder {index:10;}">
                    <Coords points="2809,3323 2809,3383 2878,3383 2878,3323"/>
                    <TextEquiv>
                        <Unicode>ihre</Unicode>
                    </TextEquiv>
                </Word>
                <TextEquiv>
                    <Unicode>und während der Bruder ihm am Halse hing, setzte er ihre</Unicode>
                </TextEquiv>
            </TextLine>
            <TextLine id="tr_1_tl_86" custom="readingOrder {index:85;}">
                <Coords points="449,3362 1643,3369 1597,3318 449,3310"/>
                <Baseline points="462,3352 521,3349 580,3349 639,3352 699,3350 758,3352 817,3352 876,3353 936,3355 995,3355 1054,3355 1113,3357 1173,3358 1232,3358 1291,3360 1350,3359 1410,3358 1469,3358 1528,3360 1587,3361 1647,3358"/>
                <Word id="tr_1_tl_86_w1" custom="readingOrder {index:0;}">
                    <Coords points="454,3309 454,3369 586,3369 586,3309"/>
                    <TextEquiv>
                        <Unicode>sondern</Unicode>
                    </TextEquiv>
                </Word>
                <Word id="tr_1_tl_86_w2" custom="readingOrder {index:1;}">
                    <Coords points="623,3311 623,3371 675,3371 675,3311"/>
                    <TextEquiv>
                        <Unicode>daß</Unicode>
                    </TextEquiv>
                </Word>
                <Word id="tr_1_tl_86_w3" custom="readingOrder {index:2;}">
                    <Coords points="708,3310 708,3370 739,3370 739,3310"/>
                    <TextEquiv>
                        <Unicode>er</Unicode>
                    </TextEquiv>
                </Word>
                <Word id="tr_1_tl_86_w4" custom="readingOrder {index:3;}">
                    <Coords points="766,3314 766,3374 1081,3374 1081,3314"/>
                    <TextEquiv>
                        <Unicode>Lebensgeschichten</Unicode>
                    </TextEquiv>
                </Word>
                <Word id="tr_1_tl_86_w5" custom="readingOrder {index:4;}">
                    <Coords points="1119,3317 1119,3377 1139,3377 1139,3317"/>
                    <TextEquiv>
                        <Unicode>in</Unicode>
                    </TextEquiv>
                </Word>
                <Word id="tr_1_tl_86_w6" custom="readingOrder {index:5;}">
                    <Coords points="1172,3318 1172,3378 1282,3378 1282,3318"/>
                    <TextEquiv>
                        <Unicode>Musik</Unicode>
                    </TextEquiv>
                </Word>
                <Word id="tr_1_tl_86_w7" custom="readingOrder {index:6;}">
                    <Coords points="1304,3319 1304,3379 1393,3379 1393,3319"/>
                    <TextEquiv>
                        <Unicode>setze,</Unicode>
                    </TextEquiv>
                </Word>
                <Word id="tr_1_tl_86_w8" custom="readingOrder {index:7;}">
                    <Coords points="1414,3318 1414,3378 1472,3378 1472,3318"/>
                    <TextEquiv>
                        <Unicode>wie</Unicode>
                    </TextEquiv>
                </Word>
                <Word id="tr_1_tl_86_w9" custom="readingOrder {index:8;}">
                    <Coords points="1499,3319 1499,3379 1556,3379 1556,3319"/>
                    <TextEquiv>
                        <Unicode>das</Unicode>
                    </TextEquiv>
                </Word>
                <Word id="tr_1_tl_86_w10" custom="readingOrder {index:9;}">
                    <Coords points="1583,3319 1583,3379 1635,3379 1635,3319"/>
                    <TextEquiv>
                        <Unicode>be¬</Unicode>
                    </TextEquiv>
                </Word>
                <TextEquiv>
                    <Unicode>sondern daß er Lebensgeschichten in Musik setze, wie das be¬</Unicode>
                </TextEquiv>
            </TextLine>
            <TextLine id="tr_1_tl_87" custom="readingOrder {index:86;}">
                <Coords points="1687,3403 2876,3415 2876,3371 2742,3359 1687,3354"/>
                <Baseline points="1701,3390 1760,3393 1819,3395 1878,3396 1937,3396 1996,3396 2055,3396 2114,3399 2173,3401 2232,3402 2292,3402 2351,3402 2410,3405 2469,3405 2528,3405 2587,3407 2646,3408 2705,3408 2764,3408 2823,3411 2883,3408"/>
                <Word id="tr_1_tl_87_w1" custom="readingOrder {index:0;}">
                    <Coords points="1693,3353 1693,3413 1871,3413 1871,3353"/>
                    <TextEquiv>
                        <Unicode>Mündung</Unicode>
                    </TextEquiv>
                </Word>
                <Word id="tr_1_tl_87_w2" custom="readingOrder {index:1;}">
                    <Coords points="1904,3356 1904,3416 1936,3416 1936,3356"/>
                    <TextEquiv>
                        <Unicode>an</Unicode>
                    </TextEquiv>
                </Word>
                <Word id="tr_1_tl_87_w3" custom="readingOrder {index:2;}">
                    <Coords points="1969,3356 1969,3416 2061,3416 2061,3356"/>
                    <TextEquiv>
                        <Unicode>Ottos</Unicode>
                    </TextEquiv>
                </Word>
                <Word id="tr_1_tl_87_w4" custom="readingOrder {index:3;}">
                    <Coords points="2094,3360 2094,3420 2207,3420 2207,3360"/>
                    <TextEquiv>
                        <Unicode>Brust,</Unicode>
                    </TextEquiv>
                </Word>
                <Word id="tr_1_tl_87_w5" custom="readingOrder {index:4;}">
                    <Coords points="2229,3362 2229,3422 2277,3422 2277,3362"/>
                    <TextEquiv>
                        <Unicode>der</Unicode>
                    </TextEquiv>
                </Word>
                <Word id="tr_1_tl_87_w6" custom="readingOrder {index:5;}">
                    <Coords points="2305,3362 2305,3422 2369,3422 2369,3362"/>
                    <TextEquiv>
                        <Unicode>jetzt</Unicode>
                    </TextEquiv>
                </Word>
                <Word id="tr_1_tl_87_w7" custom="readingOrder {index:6;}">
                    <Coords points="2397,3365 2397,3425 2456,3425 2456,3365"/>
                    <TextEquiv>
                        <Unicode>erst</Unicode>
                    </TextEquiv>
                </Word>
                <Word id="tr_1_tl_87_w8" custom="readingOrder {index:7;}">
                    <Coords points="2478,3365 2478,3425 2608,3425 2608,3365"/>
                    <TextEquiv>
                        <Unicode>merkte,</Unicode>
                    </TextEquiv>
                </Word>
                <Word id="tr_1_tl_87_w9" custom="readingOrder {index:8;}">
                    <Coords points="2630,3368 2630,3428 2694,3428 2694,3368"/>
                    <TextEquiv>
                        <Unicode>was</Unicode>
                    </TextEquiv>
                </Word>
                <Word id="tr_1_tl_87_w10" custom="readingOrder {index:9;}">
                    <Coords points="2722,3368 2722,3428 2770,3428 2770,3368"/>
                    <TextEquiv>
                        <Unicode>sich</Unicode>
                    </TextEquiv>
                </Word>
                <Word id="tr_1_tl_87_w11" custom="readingOrder {index:10;}">
                    <Coords points="2804,3370 2804,3430 2873,3430 2873,3370"/>
                    <TextEquiv>
                        <Unicode>vor¬</Unicode>
                    </TextEquiv>
                </Word>
                <TextEquiv>
                    <Unicode>Mündung an Ottos Brust, der jetzt erst merkte, was sich vor¬</Unicode>
                </TextEquiv>
            </TextLine>
            <TextLine id="tr_1_tl_88" custom="readingOrder {index:87;}">
                <Coords points="439,3403 1619,3428 1636,3376 437,3352"/>
                <Baseline points="453,3396 512,3396 571,3398 631,3399 690,3399 750,3399 809,3399 868,3400 928,3402 987,3402 1047,3403 1106,3405 1165,3405 1225,3405 1284,3405 1344,3405 1403,3407 1462,3405 1522,3408 1581,3408 1641,3408"/>
                <Word id="tr_1_tl_88_w1" custom="readingOrder {index:0;}">
                    <Coords points="442,3356 442,3416 597,3416 597,3356"/>
                    <TextEquiv>
                        <Unicode>kanntlich</Unicode>
                    </TextEquiv>
                </Word>
                <Word id="tr_1_tl_88_w2" custom="readingOrder {index:1;}">
                    <Coords points="623,3359 623,3419 680,3419 680,3359"/>
                    <TextEquiv>
                        <Unicode>alle</Unicode>
                    </TextEquiv>
                </Word>
                <Word id="tr_1_tl_88_w3" custom="readingOrder {index:2;}">
                    <Coords points="706,3359 706,3419 861,3419 861,3359"/>
                    <TextEquiv>
                        <Unicode>begabten</Unicode>
                    </TextEquiv>
                </Word>
                <Word id="tr_1_tl_88_w4" custom="readingOrder {index:3;}">
                    <Coords points="898,3362 898,3422 1059,3422 1059,3362"/>
                    <TextEquiv>
                        <Unicode>Pianisten</Unicode>
                    </TextEquiv>
                </Word>
                <Word id="tr_1_tl_88_w5" custom="readingOrder {index:4;}">
                    <Coords points="1090,3365 1090,3425 1167,3425 1167,3365"/>
                    <TextEquiv>
                        <Unicode>tun.</Unicode>
                    </TextEquiv>
                </Word>
                <Word id="tr_1_tl_88_w6" custom="readingOrder {index:5;}">
                    <Coords points="1194,3365 1194,3425 1297,3425 1297,3365"/>
                    <TextEquiv>
                        <Unicode>Gleich</Unicode>
                    </TextEquiv>
                </Word>
                <Word id="tr_1_tl_88_w7" custom="readingOrder {index:6;}">
                    <Coords points="1324,3366 1324,3426 1447,3426 1447,3366"/>
                    <TextEquiv>
                        <Unicode>darauf</Unicode>
                    </TextEquiv>
                </Word>
                <Word id="tr_1_tl_88_w8" custom="readingOrder {index:7;}">
                    <Coords points="1469,3368 1469,3428 1634,3428 1634,3368"/>
                    <TextEquiv>
                        <Unicode>wanderte</Unicode>
                    </TextEquiv>
                </Word>
                <TextEquiv>
                    <Unicode>kanntlich alle begabten Pianisten tun. Gleich darauf wanderte</Unicode>
                </TextEquiv>
            </TextLine>
            <TextLine id="tr_1_tl_89" custom="readingOrder {index:88;}">
                <Coords points="1694,3457 2876,3469 2859,3420 1694,3406"/>
                <Baseline points="1707,3444 1765,3441 1824,3443 1883,3444 1942,3444 2001,3446 2059,3447 2118,3448 2177,3450 2236,3450 2295,3450 2353,3453 2412,3453 2471,3453 2530,3454 2589,3456 2647,3456 2706,3456 2765,3458 2824,3459 2883,3462"/>
                <Word id="tr_1_tl_89_w1" custom="readingOrder {index:0;}">
                    <Coords points="1699,3401 1699,3461 1868,3461 1868,3401"/>
                    <TextEquiv>
                        <Unicode>bereitete.</Unicode>
                    </TextEquiv>
                </Word>
                <Word id="tr_1_tl_89_w2" custom="readingOrder {index:1;}">
                    <Coords points="1889,3404 1889,3464 1971,3464 1971,3404"/>
                    <TextEquiv>
                        <Unicode>Aber</Unicode>
                    </TextEquiv>
                </Word>
                <Word id="tr_1_tl_89_w3" custom="readingOrder {index:2;}">
                    <Coords points="1998,3406 1998,3466 2023,3466 2023,3406"/>
                    <TextEquiv>
                        <Unicode>im</Unicode>
                    </TextEquiv>
                </Word>
                <Word id="tr_1_tl_89_w4" custom="readingOrder {index:3;}">
                    <Coords points="2065,3409 2065,3469 2275,3469 2275,3409"/>
                    <TextEquiv>
                        <Unicode>Augenblick,</Unicode>
                    </TextEquiv>
                </Word>
                <Word id="tr_1_tl_89_w5" custom="readingOrder {index:4;}">
                    <Coords points="2297,3410 2297,3470 2328,3470 2328,3410"/>
                    <TextEquiv>
                        <Unicode>da</Unicode>
                    </TextEquiv>
                </Word>
                <Word id="tr_1_tl_89_w6" custom="readingOrder {index:5;}">
                    <Coords points="2359,3413 2359,3473 2389,3473 2389,3413"/>
                    <TextEquiv>
                        <Unicode>er</Unicode>
                    </TextEquiv>
                </Word>
                <Word id="tr_1_tl_89_w7" custom="readingOrder {index:6;}">
                    <Coords points="2416,3413 2416,3473 2580,3473 2580,3413"/>
                    <TextEquiv>
                        <Unicode>erkannte,</Unicode>
                    </TextEquiv>
                </Word>
                <Word id="tr_1_tl_89_w8" custom="readingOrder {index:7;}">
                    <Coords points="2602,3416 2602,3476 2668,3476 2668,3416"/>
                    <TextEquiv>
                        <Unicode>was</Unicode>
                    </TextEquiv>
                </Word>
                <Word id="tr_1_tl_89_w9" custom="readingOrder {index:8;}">
                    <Coords points="2694,3416 2694,3476 2719,3476 2719,3416"/>
                    <TextEquiv>
                        <Unicode>im</Unicode>
                    </TextEquiv>
                </Word>
                <Word id="tr_1_tl_89_w10" custom="readingOrder {index:9;}">
                    <Coords points="2761,3418 2761,3478 2874,3478 2874,3418"/>
                    <TextEquiv>
                        <Unicode>Werke</Unicode>
                    </TextEquiv>
                </Word>
                <TextEquiv>
                    <Unicode>bereitete. Aber im Augenblick, da er erkannte, was im Werke</Unicode>
                </TextEquiv>
            </TextLine>
            <TextLine id="tr_1_tl_90" custom="readingOrder {index:89;}">
                <Coords points="449,3464 1636,3474 1636,3425 1550,3415 449,3408"/>
                <Baseline points="462,3444 524,3445 586,3447 648,3447 710,3447 772,3447 834,3448 896,3450 958,3450 1020,3450 1082,3453 1144,3453 1206,3453 1268,3453 1330,3453 1392,3453 1454,3453 1516,3456 1578,3456 1641,3462"/>
                <Word id="tr_1_tl_90_w1" custom="readingOrder {index:0;}">
                    <Coords points="455,3404 455,3464 583,3464 583,3404"/>
                    <TextEquiv>
                        <Unicode>Robert</Unicode>
                    </TextEquiv>
                </Word>
                <Word id="tr_1_tl_90_w2" custom="readingOrder {index:1;}">
                    <Coords points="606,3407 606,3467 746,3467 746,3407"/>
                    <TextEquiv>
                        <Unicode>zwischen</Unicode>
                    </TextEquiv>
                </Word>
                <Word id="tr_1_tl_90_w3" custom="readingOrder {index:2;}">
                    <Coords points="779,3409 779,3469 995,3469 995,3409"/>
                    <TextEquiv>
                        <Unicode>Bahngleisen</Unicode>
                    </TextEquiv>
                </Word>
                <Word id="tr_1_tl_90_w4" custom="readingOrder {index:3;}">
                    <Coords points="1022,3411 1022,3471 1098,3471 1098,3411"/>
                    <TextEquiv>
                        <Unicode>hin,</Unicode>
                    </TextEquiv>
                </Word>
                <Word id="tr_1_tl_90_w5" custom="readingOrder {index:4;}">
                    <Coords points="1115,3413 1115,3473 1200,3473 1200,3413"/>
                    <TextEquiv>
                        <Unicode>einer</Unicode>
                    </TextEquiv>
                </Word>
                <Word id="tr_1_tl_90_w6" custom="readingOrder {index:5;}">
                    <Coords points="1228,3413 1228,3473 1347,3473 1347,3413"/>
                    <TextEquiv>
                        <Unicode>offenen</Unicode>
                    </TextEquiv>
                </Word>
                <Word id="tr_1_tl_90_w7" custom="readingOrder {index:6;}">
                    <Coords points="1380,3413 1380,3473 1569,3473 1569,3413"/>
                    <TextEquiv>
                        <Unicode>Landschaft</Unicode>
                    </TextEquiv>
                </Word>
                <Word id="tr_1_tl_90_w8" custom="readingOrder {index:7;}">
                    <Coords points="1591,3419 1591,3479 1639,3479 1639,3419"/>
                    <TextEquiv>
                        <Unicode>zu,</Unicode>
                    </TextEquiv>
                </Word>
                <TextEquiv>
                    <Unicode>Robert zwischen Bahngleisen hin, einer offenen Landschaft zu,</Unicode>
                </TextEquiv>
            </TextLine>
            <TextLine id="tr_1_tl_91" custom="readingOrder {index:90;}">
                <Coords points="449,3506 1638,3515 1638,3474 1579,3464 449,3464"/>
                <Baseline points="462,3495 521,3492 580,3494 639,3495 698,3495 757,3495 816,3498 875,3498 934,3498 993,3498 1053,3499 1112,3501 1171,3501 1230,3501 1289,3503 1348,3501 1407,3504 1466,3504 1525,3504 1584,3504 1644,3507"/>
                <Word id="tr_1_tl_91_w1" custom="readingOrder {index:0;}">
                    <Coords points="453,3453 453,3513 511,3513 511,3453"/>
                    <TextEquiv>
                        <Unicode>mit</Unicode>
                    </TextEquiv>
                </Word>
                <Word id="tr_1_tl_91_w2" custom="readingOrder {index:1;}">
                    <Coords points="541,3454 541,3514 629,3514 629,3454"/>
                    <TextEquiv>
                        <Unicode>einer</Unicode>
                    </TextEquiv>
                </Word>
                <Word id="tr_1_tl_91_w3" custom="readingOrder {index:2;}">
                    <Coords points="660,3455 660,3515 742,3515 742,3455"/>
                    <TextEquiv>
                        <Unicode>roten</Unicode>
                    </TextEquiv>
                </Word>
                <Word id="tr_1_tl_91_w4" custom="readingOrder {index:3;}">
                    <Coords points="777,3458 777,3518 895,3518 895,3458"/>
                    <TextEquiv>
                        <Unicode>Fahne</Unicode>
                    </TextEquiv>
                </Word>
                <Word id="tr_1_tl_91_w5" custom="readingOrder {index:4;}">
                    <Coords points="925,3458 925,3518 949,3518 949,3458"/>
                    <TextEquiv>
                        <Unicode>in</Unicode>
                    </TextEquiv>
                </Word>
                <Word id="tr_1_tl_91_w6" custom="readingOrder {index:5;}">
                    <Coords points="988,3458 988,3518 1042,3518 1042,3458"/>
                    <TextEquiv>
                        <Unicode>der</Unicode>
                    </TextEquiv>
                </Word>
                <Word id="tr_1_tl_91_w7" custom="readingOrder {index:6;}">
                    <Coords points="1072,3461 1072,3521 1184,3521 1184,3461"/>
                    <TextEquiv>
                        <Unicode>Hand,</Unicode>
                    </TextEquiv>
                </Word>
                <Word id="tr_1_tl_91_w8" custom="readingOrder {index:7;}">
                    <Coords points="1214,3461 1214,3521 1259,3521 1259,3461"/>
                    <TextEquiv>
                        <Unicode>die</Unicode>
                    </TextEquiv>
                </Word>
                <Word id="tr_1_tl_91_w9" custom="readingOrder {index:8;}">
                    <Coords points="1293,3462 1293,3522 1322,3522 1322,3462"/>
                    <TextEquiv>
                        <Unicode>er</Unicode>
                    </TextEquiv>
                </Word>
                <Word id="tr_1_tl_91_w10" custom="readingOrder {index:9;}">
                    <Coords points="1352,3464 1352,3524 1627,3524 1627,3464"/>
                    <TextEquiv>
                        <Unicode>ununterbrochen</Unicode>
                    </TextEquiv>
                </Word>
                <TextEquiv>
                    <Unicode>mit einer roten Fahne in der Hand, die er ununterbrochen</Unicode>
                </TextEquiv>
            </TextLine>
            <TextLine id="tr_1_tl_92" custom="readingOrder {index:91;}">
                <Coords points="1687,3501 2881,3518 2859,3467 1687,3454"/>
                <Baseline points="1701,3489 1760,3492 1819,3492 1878,3492 1938,3492 1997,3492 2056,3495 2115,3495 2175,3497 2234,3498 2293,3501 2352,3503 2412,3501 2471,3502 2530,3505 2589,3504 2649,3504 2708,3505 2767,3507 2826,3510 2886,3513"/>
                <Word id="tr_1_tl_92_w1" custom="readingOrder {index:0;}">
                    <Coords points="1692,3450 1692,3510 1781,3510 1781,3450"/>
                    <TextEquiv>
                        <Unicode>war,</Unicode>
                    </TextEquiv>
                </Word>
                <Word id="tr_1_tl_92_w2" custom="readingOrder {index:1;}">
                    <Coords points="1803,3452 1803,3512 1872,3512 1872,3452"/>
                    <TextEquiv>
                        <Unicode>nach</Unicode>
                    </TextEquiv>
                </Word>
                <Word id="tr_1_tl_92_w3" custom="readingOrder {index:2;}">
                    <Coords points="1904,3452 1904,3512 1956,3512 1956,3452"/>
                    <TextEquiv>
                        <Unicode>dem</Unicode>
                    </TextEquiv>
                </Word>
                <Word id="tr_1_tl_92_w4" custom="readingOrder {index:3;}">
                    <Coords points="2005,3454 2005,3514 2105,3514 2105,3454"/>
                    <TextEquiv>
                        <Unicode>Laufe</Unicode>
                    </TextEquiv>
                </Word>
                <Word id="tr_1_tl_92_w5" custom="readingOrder {index:4;}">
                    <Coords points="2137,3456 2137,3516 2184,3516 2184,3456"/>
                    <TextEquiv>
                        <Unicode>der</Unicode>
                    </TextEquiv>
                </Word>
                <Word id="tr_1_tl_92_w6" custom="readingOrder {index:5;}">
                    <Coords points="2217,3459 2217,3519 2322,3519 2322,3459"/>
                    <TextEquiv>
                        <Unicode>Waffe</Unicode>
                    </TextEquiv>
                </Word>
                <Word id="tr_1_tl_92_w7" custom="readingOrder {index:6;}">
                    <Coords points="2349,3461 2349,3521 2513,3521 2513,3461"/>
                    <TextEquiv>
                        <Unicode>greifend,</Unicode>
                    </TextEquiv>
                </Word>
                <Word id="tr_1_tl_92_w8" custom="readingOrder {index:7;}">
                    <Coords points="2535,3464 2535,3524 2773,3524 2773,3464"/>
                    <TextEquiv>
                        <Unicode>zurückweichen</Unicode>
                    </TextEquiv>
                </Word>
                <Word id="tr_1_tl_92_w9" custom="readingOrder {index:8;}">
                    <Coords points="2811,3470 2811,3530 2868,3530 2868,3470"/>
                    <TextEquiv>
                        <Unicode>und</Unicode>
                    </TextEquiv>
                </Word>
                <TextEquiv>
                    <Unicode>war, nach dem Laufe der Waffe greifend, zurückweichen und</Unicode>
                </TextEquiv>
            </TextLine>
            <TextLine id="tr_1_tl_93" custom="readingOrder {index:92;}">
                <Coords points="1687,3547 2876,3574 2876,3518 1687,3501"/>
                <Baseline points="1701,3540 1760,3540 1819,3540 1878,3540 1937,3541 1996,3543 2055,3543 2114,3544 2173,3546 2232,3549 2292,3549 2351,3551 2410,3549 2469,3549 2528,3552 2587,3552 2646,3555 2705,3555 2764,3555 2823,3555 2883,3560"/>
                <Word id="tr_1_tl_93_w1" custom="readingOrder {index:0;}">
                    <Coords points="1693,3500 1693,3560 1779,3560 1779,3500"/>
                    <TextEquiv>
                        <Unicode>rufen</Unicode>
                    </TextEquiv>
                </Word>
                <Word id="tr_1_tl_93_w2" custom="readingOrder {index:1;}">
                    <Coords points="1812,3500 1812,3560 1936,3560 1936,3500"/>
                    <TextEquiv>
                        <Unicode>wollte,</Unicode>
                    </TextEquiv>
                </Word>
                <Word id="tr_1_tl_93_w3" custom="readingOrder {index:2;}">
                    <Coords points="1958,3502 1958,3562 2028,3562 2028,3502"/>
                    <TextEquiv>
                        <Unicode>war</Unicode>
                    </TextEquiv>
                </Word>
                <Word id="tr_1_tl_93_w4" custom="readingOrder {index:3;}">
                    <Coords points="2050,3503 2050,3563 2099,3563 2099,3503"/>
                    <TextEquiv>
                        <Unicode>ihm</Unicode>
                    </TextEquiv>
                </Word>
                <Word id="tr_1_tl_93_w5" custom="readingOrder {index:4;}">
                    <Coords points="2143,3505 2143,3565 2191,3565 2191,3505"/>
                    <TextEquiv>
                        <Unicode>die</Unicode>
                    </TextEquiv>
                </Word>
                <Word id="tr_1_tl_93_w6" custom="readingOrder {index:5;}">
                    <Coords points="2218,3509 2218,3569 2326,3569 2326,3509"/>
                    <TextEquiv>
                        <Unicode>Kugel</Unicode>
                    </TextEquiv>
                </Word>
                <Word id="tr_1_tl_93_w7" custom="readingOrder {index:6;}">
                    <Coords points="2348,3509 2348,3569 2456,3569 2456,3509"/>
                    <TextEquiv>
                        <Unicode>mitten</Unicode>
                    </TextEquiv>
                </Word>
                <Word id="tr_1_tl_93_w8" custom="readingOrder {index:7;}">
                    <Coords points="2484,3511 2484,3571 2538,3571 2538,3511"/>
                    <TextEquiv>
                        <Unicode>ins</Unicode>
                    </TextEquiv>
                </Word>
                <Word id="tr_1_tl_93_w9" custom="readingOrder {index:8;}">
                    <Coords points="2565,3512 2565,3572 2646,3572 2646,3512"/>
                    <TextEquiv>
                        <Unicode>Herz</Unicode>
                    </TextEquiv>
                </Word>
                <Word id="tr_1_tl_93_w10" custom="readingOrder {index:9;}">
                    <Coords points="2668,3515 2668,3575 2879,3575 2879,3515"/>
                    <TextEquiv>
                        <Unicode>gedrungen,</Unicode>
                    </TextEquiv>
                </Word>
                <TextEquiv>
                    <Unicode>rufen wollte, war ihm die Kugel mitten ins Herz gedrungen,</Unicode>
                </TextEquiv>
            </TextLine>
            <TextLine id="tr_1_tl_94" custom="readingOrder {index:93;}">
                <Coords points="452,3554 1633,3562 1633,3523 1565,3513 452,3506"/>
                <Baseline points="465,3543 523,3543 582,3543 640,3543 699,3543 758,3545 816,3546 875,3546 934,3546 992,3548 1051,3549 1110,3549 1168,3549 1227,3552 1286,3552 1344,3552 1403,3555 1462,3552 1520,3552 1579,3555 1638,3555"/>
                <Word id="tr_1_tl_94_w1" custom="readingOrder {index:0;}">
                    <Coords points="452,3503 452,3563 616,3563 616,3503"/>
                    <TextEquiv>
                        <Unicode>schwenkte</Unicode>
                    </TextEquiv>
                </Word>
                <Word id="tr_1_tl_94_w2" custom="readingOrder {index:1;}">
                    <Coords points="643,3503 643,3563 700,3563 700,3503"/>
                    <TextEquiv>
                        <Unicode>und</Unicode>
                    </TextEquiv>
                </Word>
                <Word id="tr_1_tl_94_w3" custom="readingOrder {index:2;}">
                    <Coords points="731,3505 731,3565 845,3565 845,3505"/>
                    <TextEquiv>
                        <Unicode>endlich</Unicode>
                    </TextEquiv>
                </Word>
                <Word id="tr_1_tl_94_w4" custom="readingOrder {index:3;}">
                    <Coords points="876,3506 876,3566 932,3566 932,3506"/>
                    <TextEquiv>
                        <Unicode>auf</Unicode>
                    </TextEquiv>
                </Word>
                <Word id="tr_1_tl_94_w5" custom="readingOrder {index:4;}">
                    <Coords points="954,3508 954,3568 1041,3568 1041,3508"/>
                    <TextEquiv>
                        <Unicode>einen</Unicode>
                    </TextEquiv>
                </Word>
                <Word id="tr_1_tl_94_w6" custom="readingOrder {index:5;}">
                    <Coords points="1073,3509 1073,3569 1248,3569 1248,3509"/>
                    <TextEquiv>
                        <Unicode>Erdhügel</Unicode>
                    </TextEquiv>
                </Word>
                <Word id="tr_1_tl_94_w7" custom="readingOrder {index:6;}">
                    <Coords points="1270,3512 1270,3572 1424,3572 1424,3512"/>
                    <TextEquiv>
                        <Unicode>pflanzte,</Unicode>
                    </TextEquiv>
                </Word>
                <Word id="tr_1_tl_94_w8" custom="readingOrder {index:7;}">
                    <Coords points="1446,3512 1446,3572 1538,3572 1538,3512"/>
                    <TextEquiv>
                        <Unicode>unter</Unicode>
                    </TextEquiv>
                </Word>
                <Word id="tr_1_tl_94_w9" custom="readingOrder {index:8;}">
                    <Coords points="1564,3515 1564,3575 1615,3575 1615,3515"/>
                    <TextEquiv>
                        <Unicode>dem</Unicode>
                    </TextEquiv>
                </Word>
                <TextEquiv>
                    <Unicode>schwenkte und endlich auf einen Erdhügel pflanzte, unter dem</Unicode>
                </TextEquiv>
            </TextLine>
            <TextLine id="tr_1_tl_95" custom="readingOrder {index:94;}">
                <Coords points="1694,3601 2510,3611 2510,3564 2458,3557 1694,3552"/>
                <Baseline points="1707,3587 1747,3587 1787,3587 1828,3587 1868,3587 1909,3589 1949,3590 1990,3590 2030,3590 2071,3590 2111,3593 2151,3593 2192,3593 2232,3595 2273,3596 2313,3596 2354,3596 2394,3596 2435,3596 2475,3596 2516,3596"/>
                <Word id="tr_1_tl_95_w1" custom="readingOrder {index:0;}">
                    <Coords points="1699,3547 1699,3607 1755,3607 1755,3547"/>
                    <TextEquiv>
                        <Unicode>und</Unicode>
                    </TextEquiv>
                </Word>
                <Word id="tr_1_tl_95_w2" custom="readingOrder {index:1;}">
                    <Coords points="1787,3547 1787,3607 1817,3607 1817,3547"/>
                    <TextEquiv>
                        <Unicode>er</Unicode>
                    </TextEquiv>
                </Word>
                <Word id="tr_1_tl_95_w3" custom="readingOrder {index:2;}">
                    <Coords points="1838,3547 1838,3607 1910,3607 1910,3547"/>
                    <TextEquiv>
                        <Unicode>sank</Unicode>
                    </TextEquiv>
                </Word>
                <Word id="tr_1_tl_95_w4" custom="readingOrder {index:3;}">
                    <Coords points="1931,3550 1931,3610 2054,3610 2054,3550"/>
                    <TextEquiv>
                        <Unicode>lautlos</Unicode>
                    </TextEquiv>
                </Word>
                <Word id="tr_1_tl_95_w5" custom="readingOrder {index:4;}">
                    <Coords points="2081,3552 2081,3612 2137,3612 2137,3552"/>
                    <TextEquiv>
                        <Unicode>auf</Unicode>
                    </TextEquiv>
                </Word>
                <Word id="tr_1_tl_95_w6" custom="readingOrder {index:5;}">
                    <Coords points="2158,3553 2158,3613 2209,3613 2209,3553"/>
                    <TextEquiv>
                        <Unicode>den</Unicode>
                    </TextEquiv>
                </Word>
                <Word id="tr_1_tl_95_w7" custom="readingOrder {index:6;}">
                    <Coords points="2246,3556 2246,3616 2353,3616 2353,3556"/>
                    <TextEquiv>
                        <Unicode>Boden</Unicode>
                    </TextEquiv>
                </Word>
                <Word id="tr_1_tl_95_w8" custom="readingOrder {index:7;}">
                    <Coords points="2385,3556 2385,3616 2513,3616 2513,3556"/>
                    <TextEquiv>
                        <Unicode>nieder.</Unicode>
                    </TextEquiv>
                </Word>
                <TextEquiv>
                    <Unicode>und er sank lautlos auf den Boden nieder.</Unicode>
                </TextEquiv>
            </TextLine>
            <TextLine id="tr_1_tl_96" custom="readingOrder {index:95;}">
                <Coords points="439,3596 1633,3618 1633,3564 437,3554"/>
                <Baseline points="453,3587 512,3590 571,3590 630,3590 690,3593 749,3593 808,3593 867,3594 927,3596 986,3596 1045,3596 1104,3596 1164,3599 1223,3597 1282,3599 1341,3599 1401,3602 1460,3601 1519,3601 1578,3602 1638,3599"/>
                <Word id="tr_1_tl_96_w1" custom="readingOrder {index:0;}">
                    <Coords points="442,3549 442,3609 576,3609 576,3549"/>
                    <TextEquiv>
                        <Unicode>Alberta</Unicode>
                    </TextEquiv>
                </Word>
                <Word id="tr_1_tl_96_w2" custom="readingOrder {index:1;}">
                    <Coords points="607,3552 607,3612 762,3612 762,3552"/>
                    <TextEquiv>
                        <Unicode>begraben</Unicode>
                    </TextEquiv>
                </Word>
                <Word id="tr_1_tl_96_w3" custom="readingOrder {index:2;}">
                    <Coords points="793,3553 793,3613 860,3613 860,3553"/>
                    <TextEquiv>
                        <Unicode>lag.</Unicode>
                    </TextEquiv>
                </Word>
                <Word id="tr_1_tl_96_w4" custom="readingOrder {index:3;}">
                    <Coords points="887,3556 887,3616 984,3616 984,3556"/>
                    <TextEquiv>
                        <Unicode>Dann</Unicode>
                    </TextEquiv>
                </Word>
                <Word id="tr_1_tl_96_w5" custom="readingOrder {index:4;}">
                    <Coords points="1011,3556 1011,3616 1114,3616 1114,3556"/>
                    <TextEquiv>
                        <Unicode>schritt</Unicode>
                    </TextEquiv>
                </Word>
                <Word id="tr_1_tl_96_w6" custom="readingOrder {index:5;}">
                    <Coords points="1135,3558 1135,3618 1166,3618 1166,3558"/>
                    <TextEquiv>
                        <Unicode>er</Unicode>
                    </TextEquiv>
                </Word>
                <Word id="tr_1_tl_96_w7" custom="readingOrder {index:6;}">
                    <Coords points="1187,3557 1187,3617 1243,3617 1243,3557"/>
                    <TextEquiv>
                        <Unicode>auf</Unicode>
                    </TextEquiv>
                </Word>
                <Word id="tr_1_tl_96_w8" custom="readingOrder {index:7;}">
                    <Coords points="1265,3559 1265,3619 1352,3619 1352,3559"/>
                    <TextEquiv>
                        <Unicode>einem</Unicode>
                    </TextEquiv>
                </Word>
                <Word id="tr_1_tl_96_w9" custom="readingOrder {index:8;}">
                    <Coords points="1394,3561 1394,3621 1538,3621 1538,3561"/>
                    <TextEquiv>
                        <Unicode>schmalen</Unicode>
                    </TextEquiv>
                </Word>
                <Word id="tr_1_tl_96_w10" custom="readingOrder {index:9;}">
                    <Coords points="1569,3560 1569,3620 1631,3620 1631,3560"/>
                    <TextEquiv>
                        <Unicode>Ge¬</Unicode>
                    </TextEquiv>
                </Word>
                <TextEquiv>
                    <Unicode>Alberta begraben lag. Dann schritt er auf einem schmalen Ge¬</Unicode>
                </TextEquiv>
            </TextLine>
            <TextLine id="tr_1_tl_97" custom="readingOrder {index:96;}">
                <Coords points="439,3659 1528,3669 1633,3664 1633,3618 437,3608"/>
                <Baseline points="453,3638 512,3641 571,3641 630,3641 690,3641 749,3641 808,3644 867,3644 927,3644 986,3644 1045,3645 1104,3645 1164,3644 1223,3647 1282,3649 1341,3650 1401,3649 1460,3648 1519,3652 1578,3650 1638,3650"/>
                <Word id="tr_1_tl_97_w1" custom="readingOrder {index:0;}">
                    <Coords points="442,3601 442,3661 616,3661 616,3601"/>
                    <TextEquiv>
                        <Unicode>birgspfad</Unicode>
                    </TextEquiv>
                </Word>
                <Word id="tr_1_tl_97_w2" custom="readingOrder {index:1;}">
                    <Coords points="648,3601 648,3661 716,3661 716,3601"/>
                    <TextEquiv>
                        <Unicode>hin,</Unicode>
                    </TextEquiv>
                </Word>
                <Word id="tr_1_tl_97_w3" custom="readingOrder {index:2;}">
                    <Coords points="738,3604 738,3664 917,3664 917,3604"/>
                    <TextEquiv>
                        <Unicode>Abgründe</Unicode>
                    </TextEquiv>
                </Word>
                <Word id="tr_1_tl_97_w4" custom="readingOrder {index:3;}">
                    <Coords points="944,3604 944,3664 975,3664 975,3604"/>
                    <TextEquiv>
                        <Unicode>zu</Unicode>
                    </TextEquiv>
                </Word>
                <Word id="tr_1_tl_97_w5" custom="readingOrder {index:4;}">
                    <Coords points="1007,3605 1007,3665 1118,3665 1118,3605"/>
                    <TextEquiv>
                        <Unicode>beiden</Unicode>
                    </TextEquiv>
                </Word>
                <Word id="tr_1_tl_97_w6" custom="readingOrder {index:5;}">
                    <Coords points="1151,3606 1151,3666 1287,3666 1287,3606"/>
                    <TextEquiv>
                        <Unicode>Seiten,</Unicode>
                    </TextEquiv>
                </Word>
                <Word id="tr_1_tl_97_w7" custom="readingOrder {index:6;}">
                    <Coords points="1304,3609 1304,3669 1409,3669 1409,3609"/>
                    <TextEquiv>
                        <Unicode>mitten</Unicode>
                    </TextEquiv>
                </Word>
                <Word id="tr_1_tl_97_w8" custom="readingOrder {index:7;}">
                    <Coords points="1441,3609 1441,3669 1530,3669 1530,3609"/>
                    <TextEquiv>
                        <Unicode>durch</Unicode>
                    </TextEquiv>
                </Word>
                <Word id="tr_1_tl_97_w9" custom="readingOrder {index:8;}">
                    <Coords points="1563,3610 1563,3670 1625,3670 1625,3610"/>
                    <TextEquiv>
                        <Unicode>eine</Unicode>
                    </TextEquiv>
                </Word>
                <TextEquiv>
                    <Unicode>birgspfad hin, Abgründe zu beiden Seiten, mitten durch eine</Unicode>
                </TextEquiv>
            </TextLine>
            <TextLine id="tr_1_tl_98" custom="readingOrder {index:97;}">
                <Coords points="1724,3662 2871,3681 2871,3594 2795,3628 1724,3598"/>
                <Baseline points="1737,3644 1794,3645 1851,3647 1908,3647 1965,3647 2022,3649 2079,3649 2136,3653 2193,3653 2250,3653 2307,3653 2364,3653 2421,3656 2478,3656 2535,3658 2592,3656 2649,3659 2706,3661 2763,3662 2820,3663 2877,3665"/>
                <Word id="tr_1_tl_98_w1" custom="readingOrder {index:0;}">
                    <Coords points="1731,3605 1731,3665 1860,3665 1860,3605"/>
                    <TextEquiv>
                        <Unicode>Robert</Unicode>
                    </TextEquiv>
                </Word>
                <Word id="tr_1_tl_98_w2" custom="readingOrder {index:1;}">
                    <Coords points="1884,3607 1884,3667 1974,3667 1974,3607"/>
                    <TextEquiv>
                        <Unicode>aber,</Unicode>
                    </TextEquiv>
                </Word>
                <Word id="tr_1_tl_98_w3" custom="readingOrder {index:2;}">
                    <Coords points="1992,3609 1992,3669 2060,3669 2060,3609"/>
                    <TextEquiv>
                        <Unicode>noch</Unicode>
                    </TextEquiv>
                </Word>
                <Word id="tr_1_tl_98_w4" custom="readingOrder {index:3;}">
                    <Coords points="2089,3612 2089,3672 2168,3672 2168,3612"/>
                    <TextEquiv>
                        <Unicode>nicht</Unicode>
                    </TextEquiv>
                </Word>
                <Word id="tr_1_tl_98_w5" custom="readingOrder {index:4;}">
                    <Coords points="2185,3613 2185,3673 2242,3673 2242,3613"/>
                    <TextEquiv>
                        <Unicode>zum</Unicode>
                    </TextEquiv>
                </Word>
                <Word id="tr_1_tl_98_w6" custom="readingOrder {index:5;}">
                    <Coords points="2288,3614 2288,3674 2492,3674 2492,3614"/>
                    <TextEquiv>
                        <Unicode>Bewußtsein</Unicode>
                    </TextEquiv>
                </Word>
                <Word id="tr_1_tl_98_w7" custom="readingOrder {index:6;}">
                    <Coords points="2521,3616 2521,3676 2618,3676 2618,3616"/>
                    <TextEquiv>
                        <Unicode>seiner</Unicode>
                    </TextEquiv>
                </Word>
                <Word id="tr_1_tl_98_w8" custom="readingOrder {index:7;}">
                    <Coords points="2641,3619 2641,3679 2708,3679 2708,3619"/>
                    <TextEquiv>
                        <Unicode>Tat</Unicode>
                    </TextEquiv>
                </Word>
                <Word id="tr_1_tl_98_w9" custom="readingOrder {index:8;}">
                    <Coords points="2727,3622 2727,3682 2873,3682 2873,3622"/>
                    <TextEquiv>
                        <Unicode>gelangt,</Unicode>
                    </TextEquiv>
                </Word>
                <TextEquiv>
                    <Unicode>Robert aber, noch nicht zum Bewußtsein seiner Tat gelangt,</Unicode>
                </TextEquiv>
            </TextLine>
            <TextLine id="tr_1_tl_99" custom="readingOrder {index:98;}">
                <Coords points="437,3701 1594,3720 1638,3711 1636,3659 435,3655"/>
                <Baseline points="447,3686 506,3689 566,3689 626,3689 686,3689 746,3691 806,3692 865,3692 925,3692 985,3695 1045,3695 1105,3695 1165,3695 1225,3697 1284,3699 1344,3698 1404,3699 1464,3701 1524,3701 1584,3701 1644,3704"/>
                <Word id="tr_1_tl_99_w1" custom="readingOrder {index:0;}">
                    <Coords points="441,3649 441,3709 690,3709 690,3649"/>
                    <TextEquiv>
                        <Unicode>wundervolle,</Unicode>
                    </TextEquiv>
                </Word>
                <Word id="tr_1_tl_99_w2" custom="readingOrder {index:1;}">
                    <Coords points="713,3651 713,3711 807,3711 807,3651"/>
                    <TextEquiv>
                        <Unicode>blaue</Unicode>
                    </TextEquiv>
                </Word>
                <Word id="tr_1_tl_99_w3" custom="readingOrder {index:2;}">
                    <Coords points="836,3653 836,3713 1074,3713 1074,3653"/>
                    <TextEquiv>
                        <Unicode>Winternacht.</Unicode>
                    </TextEquiv>
                </Word>
                <Word id="tr_1_tl_99_w4" custom="readingOrder {index:3;}">
                    <Coords points="1102,3655 1102,3715 1229,3715 1229,3655"/>
                    <TextEquiv>
                        <Unicode>Endlich</Unicode>
                    </TextEquiv>
                </Word>
                <Word id="tr_1_tl_99_w5" custom="readingOrder {index:4;}">
                    <Coords points="1263,3658 1263,3718 1308,3718 1308,3658"/>
                    <TextEquiv>
                        <Unicode>saß</Unicode>
                    </TextEquiv>
                </Word>
                <Word id="tr_1_tl_99_w6" custom="readingOrder {index:5;}">
                    <Coords points="1342,3658 1342,3718 1391,3718 1391,3658"/>
                    <TextEquiv>
                        <Unicode>er,</Unicode>
                    </TextEquiv>
                </Word>
                <Word id="tr_1_tl_99_w7" custom="readingOrder {index:6;}">
                    <Coords points="1408,3661 1408,3721 1558,3721 1558,3661"/>
                    <TextEquiv>
                        <Unicode>erfrischt,</Unicode>
                    </TextEquiv>
                </Word>
                <Word id="tr_1_tl_99_w8" custom="readingOrder {index:7;}">
                    <Coords points="1580,3662 1580,3722 1635,3722 1635,3662"/>
                    <TextEquiv>
                        <Unicode>mit</Unicode>
                    </TextEquiv>
                </Word>
                <TextEquiv>
                    <Unicode>wundervolle, blaue Winternacht. Endlich saß er, erfrischt, mit</Unicode>
                </TextEquiv>
            </TextLine>
            <TextLine id="tr_1_tl_100" custom="readingOrder {index:99;}">
                <Coords points="1684,3706 2873,3728 2873,3684 2783,3669 1684,3657"/>
                <Baseline points="1698,3695 1757,3694 1816,3694 1875,3695 1934,3695 1993,3697 2052,3698 2111,3699 2170,3701 2229,3701 2289,3702 2348,3704 2407,3704 2466,3704 2525,3707 2584,3707 2643,3707 2702,3708 2761,3710 2820,3710 2880,3716"/>
                <Word id="tr_1_tl_100_w1" custom="readingOrder {index:0;}">
                    <Coords points="1689,3654 1689,3714 1750,3714 1750,3654"/>
                    <TextEquiv>
                        <Unicode>nur</Unicode>
                    </TextEquiv>
                </Word>
                <Word id="tr_1_tl_100_w2" custom="readingOrder {index:1;}">
                    <Coords points="1782,3654 1782,3714 1838,3714 1838,3654"/>
                    <TextEquiv>
                        <Unicode>erst</Unicode>
                    </TextEquiv>
                </Word>
                <Word id="tr_1_tl_100_w3" custom="readingOrder {index:2;}">
                    <Coords points="1864,3654 1864,3714 1884,3714 1884,3654"/>
                    <TextEquiv>
                        <Unicode>in</Unicode>
                    </TextEquiv>
                </Word>
                <Word id="tr_1_tl_100_w4" custom="readingOrder {index:3;}">
                    <Coords points="1921,3655 1921,3715 1972,3715 1972,3655"/>
                    <TextEquiv>
                        <Unicode>der</Unicode>
                    </TextEquiv>
                </Word>
                <Word id="tr_1_tl_100_w5" custom="readingOrder {index:4;}">
                    <Coords points="1999,3658 1999,3718 2143,3718 2143,3658"/>
                    <TextEquiv>
                        <Unicode>Ahnung</Unicode>
                    </TextEquiv>
                </Word>
                <Word id="tr_1_tl_100_w6" custom="readingOrder {index:5;}">
                    <Coords points="2174,3661 2174,3721 2225,3721 2225,3661"/>
                    <TextEquiv>
                        <Unicode>des</Unicode>
                    </TextEquiv>
                </Word>
                <Word id="tr_1_tl_100_w7" custom="readingOrder {index:6;}">
                    <Coords points="2257,3664 2257,3724 2530,3724 2530,3664"/>
                    <TextEquiv>
                        <Unicode>Grauenhaften,</Unicode>
                    </TextEquiv>
                </Word>
                <Word id="tr_1_tl_100_w8" custom="readingOrder {index:7;}">
                    <Coords points="2551,3668 2551,3728 2876,3728 2876,3668"/>
                    <TextEquiv>
                        <Unicode>Unwiderruflichen,</Unicode>
                    </TextEquiv>
                </Word>
                <TextEquiv>
                    <Unicode>nur erst in der Ahnung des Grauenhaften, Unwiderruflichen,</Unicode>
                </TextEquiv>
            </TextLine>
            <TextLine id="tr_1_tl_101" custom="readingOrder {index:100;}">
                <Coords points="435,3752 1638,3760 1616,3708 435,3703"/>
                <Baseline points="447,3734 506,3737 566,3737 626,3737 685,3739 745,3739 805,3740 864,3740 924,3740 984,3740 1044,3743 1103,3743 1163,3746 1223,3746 1282,3746 1342,3746 1402,3749 1461,3749 1521,3749 1581,3749 1641,3752"/>
                <Word id="tr_1_tl_101_w1" custom="readingOrder {index:0;}">
                    <Coords points="446,3696 446,3756 553,3756 553,3696"/>
                    <TextEquiv>
                        <Unicode>kühlen</Unicode>
                    </TextEquiv>
                </Word>
                <Word id="tr_1_tl_101_w2" custom="readingOrder {index:1;}">
                    <Coords points="586,3698 586,3758 732,3758 732,3698"/>
                    <TextEquiv>
                        <Unicode>Wangen</Unicode>
                    </TextEquiv>
                </Word>
                <Word id="tr_1_tl_101_w3" custom="readingOrder {index:2;}">
                    <Coords points="760,3699 760,3759 818,3759 818,3699"/>
                    <TextEquiv>
                        <Unicode>und</Unicode>
                    </TextEquiv>
                </Word>
                <Word id="tr_1_tl_101_w4" custom="readingOrder {index:3;}">
                    <Coords points="846,3700 846,3760 889,3760 889,3700"/>
                    <TextEquiv>
                        <Unicode>sich</Unicode>
                    </TextEquiv>
                </Word>
                <Word id="tr_1_tl_101_w5" custom="readingOrder {index:4;}">
                    <Coords points="922,3700 922,3760 970,3760 970,3700"/>
                    <TextEquiv>
                        <Unicode>der</Unicode>
                    </TextEquiv>
                </Word>
                <Word id="tr_1_tl_101_w6" custom="readingOrder {index:5;}">
                    <Coords points="992,3703 992,3763 1111,3763 1111,3703"/>
                    <TextEquiv>
                        <Unicode>Arbeit</Unicode>
                    </TextEquiv>
                </Word>
                <Word id="tr_1_tl_101_w7" custom="readingOrder {index:6;}">
                    <Coords points="1133,3706 1133,3766 1446,3766 1446,3706"/>
                    <TextEquiv>
                        <Unicode>entgegenfreuend,</Unicode>
                    </TextEquiv>
                </Word>
                <Word id="tr_1_tl_101_w8" custom="readingOrder {index:7;}">
                    <Coords points="1463,3709 1463,3769 1484,3769 1484,3709"/>
                    <TextEquiv>
                        <Unicode>in</Unicode>
                    </TextEquiv>
                </Word>
                <Word id="tr_1_tl_101_w9" custom="readingOrder {index:8;}">
                    <Coords points="1512,3709 1512,3769 1614,3769 1614,3709"/>
                    <TextEquiv>
                        <Unicode>seinem</Unicode>
                    </TextEquiv>
                </Word>
                <TextEquiv>
                    <Unicode>kühlen Wangen und sich der Arbeit entgegenfreuend, in seinem</Unicode>
                </TextEquiv>
            </TextLine>
            <TextLine id="tr_1_tl_102" custom="readingOrder {index:101;}">
                <Coords points="1682,3760 2876,3772 2851,3720 1682,3701"/>
                <Baseline points="1695,3743 1754,3743 1813,3743 1872,3743 1932,3743 1991,3745 2050,3746 2109,3749 2169,3749 2228,3749 2287,3751 2346,3751 2406,3755 2465,3755 2524,3755 2583,3755 2643,3758 2702,3758 2761,3758 2820,3758 2880,3758"/>
                <Word id="tr_1_tl_102_w1" custom="readingOrder {index:0;}">
                    <Coords points="1688,3703 1688,3763 1747,3763 1747,3703"/>
                    <TextEquiv>
                        <Unicode>das</Unicode>
                    </TextEquiv>
                </Word>
                <Word id="tr_1_tl_102_w2" custom="readingOrder {index:1;}">
                    <Coords points="1774,3703 1774,3763 1931,3763 1931,3703"/>
                    <TextEquiv>
                        <Unicode>geschehen</Unicode>
                    </TextEquiv>
                </Word>
                <Word id="tr_1_tl_102_w3" custom="readingOrder {index:2;}">
                    <Coords points="1964,3705 1964,3765 2050,3765 2050,3705"/>
                    <TextEquiv>
                        <Unicode>war,</Unicode>
                    </TextEquiv>
                </Word>
                <Word id="tr_1_tl_102_w4" custom="readingOrder {index:3;}">
                    <Coords points="2067,3708 2067,3768 2131,3768 2131,3708"/>
                    <TextEquiv>
                        <Unicode>und</Unicode>
                    </TextEquiv>
                </Word>
                <Word id="tr_1_tl_102_w5" custom="readingOrder {index:4;}">
                    <Coords points="2154,3709 2154,3769 2180,3769 2180,3709"/>
                    <TextEquiv>
                        <Unicode>in</Unicode>
                    </TextEquiv>
                </Word>
                <Word id="tr_1_tl_102_w6" custom="readingOrder {index:5;}">
                    <Coords points="2213,3709 2213,3769 2299,3769 2299,3709"/>
                    <TextEquiv>
                        <Unicode>einer</Unicode>
                    </TextEquiv>
                </Word>
                <Word id="tr_1_tl_102_w7" custom="readingOrder {index:6;}">
                    <Coords points="2321,3714 2321,3774 2472,3774 2472,3714"/>
                    <TextEquiv>
                        <Unicode>dumpfen</Unicode>
                    </TextEquiv>
                </Word>
                <Word id="tr_1_tl_102_w8" custom="readingOrder {index:7;}">
                    <Coords points="2506,3715 2506,3775 2619,3775 2619,3715"/>
                    <TextEquiv>
                        <Unicode>Angst,</Unicode>
                    </TextEquiv>
                </Word>
                <Word id="tr_1_tl_102_w9" custom="readingOrder {index:8;}">
                    <Coords points="2636,3718 2636,3778 2705,3778 2705,3718"/>
                    <TextEquiv>
                        <Unicode>noch</Unicode>
                    </TextEquiv>
                </Word>
                <Word id="tr_1_tl_102_w10" custom="readingOrder {index:9;}">
                    <Coords points="2733,3718 2733,3778 2797,3778 2797,3718"/>
                    <TextEquiv>
                        <Unicode>hier</Unicode>
                    </TextEquiv>
                </Word>
                <Word id="tr_1_tl_102_w11" custom="readingOrder {index:10;}">
                    <Coords points="2825,3718 2825,3778 2857,3778 2857,3718"/>
                    <TextEquiv>
                        <Unicode>an</Unicode>
                    </TextEquiv>
                </Word>
                <TextEquiv>
                    <Unicode>das geschehen war, und in einer dumpfen Angst, noch hier an</Unicode>
                </TextEquiv>
            </TextLine>
            <TextLine id="tr_1_tl_103" custom="readingOrder {index:102;}">
                <Coords points="439,3794 1626,3811 1592,3760 439,3750"/>
                <Baseline points="453,3781 515,3784 577,3784 639,3787 701,3787 763,3787 825,3787 887,3787 949,3790 1011,3791 1073,3793 1135,3791 1197,3793 1259,3796 1321,3795 1383,3795 1445,3796 1507,3796 1569,3796 1632,3799"/>
                <Word id="tr_1_tl_103_w1" custom="readingOrder {index:0;}">
                    <Coords points="445,3743 445,3803 558,3803 558,3743"/>
                    <TextEquiv>
                        <Unicode>Büro,</Unicode>
                    </TextEquiv>
                </Word>
                <Word id="tr_1_tl_103_w2" custom="readingOrder {index:1;}">
                    <Coords points="587,3745 587,3805 632,3805 632,3745"/>
                    <TextEquiv>
                        <Unicode>als</Unicode>
                    </TextEquiv>
                </Word>
                <Word id="tr_1_tl_103_w3" custom="readingOrder {index:2;}">
                    <Coords points="661,3747 661,3807 796,3807 796,3747"/>
                    <TextEquiv>
                        <Unicode>plötzlich</Unicode>
                    </TextEquiv>
                </Word>
                <Word id="tr_1_tl_103_w4" custom="readingOrder {index:3;}">
                    <Coords points="831,3747 831,3807 898,3807 898,3747"/>
                    <TextEquiv>
                        <Unicode>sehr</Unicode>
                    </TextEquiv>
                </Word>
                <Word id="tr_1_tl_103_w5" custom="readingOrder {index:4;}">
                    <Coords points="932,3750 932,3810 1028,3810 1028,3750"/>
                    <TextEquiv>
                        <Unicode>heftig</Unicode>
                    </TextEquiv>
                </Word>
                <Word id="tr_1_tl_103_w6" custom="readingOrder {index:5;}">
                    <Coords points="1063,3752 1063,3812 1102,3812 1102,3752"/>
                    <TextEquiv>
                        <Unicode>an</Unicode>
                    </TextEquiv>
                </Word>
                <Word id="tr_1_tl_103_w7" custom="readingOrder {index:6;}">
                    <Coords points="1136,3751 1136,3811 1187,3811 1187,3751"/>
                    <TextEquiv>
                        <Unicode>die</Unicode>
                    </TextEquiv>
                </Word>
                <Word id="tr_1_tl_103_w8" custom="readingOrder {index:7;}">
                    <Coords points="1216,3755 1216,3815 1306,3815 1306,3755"/>
                    <TextEquiv>
                        <Unicode>Türe</Unicode>
                    </TextEquiv>
                </Word>
                <Word id="tr_1_tl_103_w9" custom="readingOrder {index:8;}">
                    <Coords points="1340,3755 1340,3815 1476,3815 1476,3755"/>
                    <TextEquiv>
                        <Unicode>geklopft</Unicode>
                    </TextEquiv>
                </Word>
                <Word id="tr_1_tl_103_w10" custom="readingOrder {index:9;}">
                    <Coords points="1505,3756 1505,3816 1617,3816 1617,3756"/>
                    <TextEquiv>
                        <Unicode>wurde</Unicode>
                    </TextEquiv>
                </Word>
                <TextEquiv>
                    <Unicode>Büro, als plötzlich sehr heftig an die Türe geklopft wurde</Unicode>
                </TextEquiv>
            </TextLine>
            <TextLine id="tr_1_tl_104" custom="readingOrder {index:103;}">
                <Coords points="1682,3799 2868,3818 2868,3772 2820,3764 1682,3755"/>
                <Baseline points="1695,3793 1757,3790 1819,3790 1881,3793 1943,3793 2005,3793 2067,3794 2129,3796 2191,3796 2253,3799 2315,3799 2377,3802 2439,3802 2501,3802 2563,3802 2625,3802 2687,3802 2749,3805 2811,3808 2874,3805"/>
                <Word id="tr_1_tl_104_w1" custom="readingOrder {index:0;}">
                    <Coords points="1688,3751 1688,3811 1746,3811 1746,3751"/>
                    <TextEquiv>
                        <Unicode>Ort</Unicode>
                    </TextEquiv>
                </Word>
                <Word id="tr_1_tl_104_w2" custom="readingOrder {index:1;}">
                    <Coords points="1769,3750 1769,3810 1828,3810 1828,3750"/>
                    <TextEquiv>
                        <Unicode>und</Unicode>
                    </TextEquiv>
                </Word>
                <Word id="tr_1_tl_104_w3" custom="readingOrder {index:2;}">
                    <Coords points="1855,3753 1855,3813 1963,3813 1963,3753"/>
                    <TextEquiv>
                        <Unicode>Stelle</Unicode>
                    </TextEquiv>
                </Word>
                <Word id="tr_1_tl_104_w4" custom="readingOrder {index:3;}">
                    <Coords points="1985,3753 1985,3813 2011,3813 2011,3753"/>
                    <TextEquiv>
                        <Unicode>zu</Unicode>
                    </TextEquiv>
                </Word>
                <Word id="tr_1_tl_104_w5" custom="readingOrder {index:4;}">
                    <Coords points="2044,3755 2044,3815 2190,3815 2190,3755"/>
                    <TextEquiv>
                        <Unicode>erfassen,</Unicode>
                    </TextEquiv>
                </Word>
                <Word id="tr_1_tl_104_w6" custom="readingOrder {index:5;}">
                    <Coords points="2207,3758 2207,3818 2276,3818 2276,3758"/>
                    <TextEquiv>
                        <Unicode>was</Unicode>
                    </TextEquiv>
                </Word>
                <Word id="tr_1_tl_104_w7" custom="readingOrder {index:6;}">
                    <Coords points="2304,3759 2304,3819 2330,3819 2330,3759"/>
                    <TextEquiv>
                        <Unicode>er</Unicode>
                    </TextEquiv>
                </Word>
                <Word id="tr_1_tl_104_w8" custom="readingOrder {index:7;}">
                    <Coords points="2358,3762 2358,3822 2471,3822 2471,3762"/>
                    <TextEquiv>
                        <Unicode>getan,</Unicode>
                    </TextEquiv>
                </Word>
                <Word id="tr_1_tl_104_w9" custom="readingOrder {index:8;}">
                    <Coords points="2488,3762 2488,3822 2595,3822 2595,3762"/>
                    <TextEquiv>
                        <Unicode>stürzte</Unicode>
                    </TextEquiv>
                </Word>
                <Word id="tr_1_tl_104_w10" custom="readingOrder {index:9;}">
                    <Coords points="2617,3762 2617,3822 2655,3822 2655,3762"/>
                    <TextEquiv>
                        <Unicode>an</Unicode>
                    </TextEquiv>
                </Word>
                <Word id="tr_1_tl_104_w11" custom="readingOrder {index:10;}">
                    <Coords points="2682,3763 2682,3823 2736,3823 2736,3763"/>
                    <TextEquiv>
                        <Unicode>der</Unicode>
                    </TextEquiv>
                </Word>
                <Word id="tr_1_tl_104_w12" custom="readingOrder {index:11;}">
                    <Coords points="2758,3767 2758,3827 2860,3827 2860,3767"/>
                    <TextEquiv>
                        <Unicode>Leiche</Unicode>
                    </TextEquiv>
                </Word>
                <TextEquiv>
                    <Unicode>Ort und Stelle zu erfassen, was er getan, stürzte an der Leiche</Unicode>
                </TextEquiv>
            </TextLine>
            <TextLine id="tr_1_tl_105" custom="readingOrder {index:104;}">
                <Coords points="447,3840 1631,3862 1601,3806 447,3794"/>
                <Baseline points="459,3826 521,3830 583,3834 645,3835 707,3835 769,3838 831,3836 893,3838 955,3838 1017,3838 1079,3841 1141,3841 1203,3841 1265,3841 1327,3844 1389,3844 1451,3844 1513,3846 1575,3847 1638,3853"/>
                <Word id="tr_1_tl_105_w1" custom="readingOrder {index:0;}">
                    <Coords points="448,3786 448,3846 491,3846 491,3786"/>
                    <TextEquiv>
                        <Unicode>Er</Unicode>
                    </TextEquiv>
                </Word>
                <Word id="tr_1_tl_105_w2" custom="readingOrder {index:1;}">
                    <Coords points="519,3793 519,3853 629,3853 629,3793"/>
                    <TextEquiv>
                        <Unicode>wußte</Unicode>
                    </TextEquiv>
                </Word>
                <Word id="tr_1_tl_105_w3" custom="readingOrder {index:2;}">
                    <Coords points="657,3795 657,3855 772,3855 772,3795"/>
                    <TextEquiv>
                        <Unicode>sofort,</Unicode>
                    </TextEquiv>
                </Word>
                <Word id="tr_1_tl_105_w4" custom="readingOrder {index:3;}">
                    <Coords points="795,3796 795,3856 850,3856 850,3796"/>
                    <TextEquiv>
                        <Unicode>daß</Unicode>
                    </TextEquiv>
                </Word>
                <Word id="tr_1_tl_105_w5" custom="readingOrder {index:4;}">
                    <Coords points="884,3798 884,3858 949,3858 949,3798"/>
                    <TextEquiv>
                        <Unicode>dies</Unicode>
                    </TextEquiv>
                </Word>
                <Word id="tr_1_tl_105_w6" custom="readingOrder {index:5;}">
                    <Coords points="983,3798 983,3858 1043,3858 1043,3798"/>
                    <TextEquiv>
                        <Unicode>nur</Unicode>
                    </TextEquiv>
                </Word>
                <Word id="tr_1_tl_105_w7" custom="readingOrder {index:6;}">
                    <Coords points="1071,3801 1071,3861 1248,3861 1248,3801"/>
                    <TextEquiv>
                        <Unicode>Albertens</Unicode>
                    </TextEquiv>
                </Word>
                <Word id="tr_1_tl_105_w8" custom="readingOrder {index:7;}">
                    <Coords points="1281,3804 1281,3864 1380,3864 1380,3804"/>
                    <TextEquiv>
                        <Unicode>Gatte</Unicode>
                    </TextEquiv>
                </Word>
                <Word id="tr_1_tl_105_w9" custom="readingOrder {index:8;}">
                    <Coords points="1408,3804 1408,3864 1468,3864 1468,3804"/>
                    <TextEquiv>
                        <Unicode>sein</Unicode>
                    </TextEquiv>
                </Word>
                <Word id="tr_1_tl_105_w10" custom="readingOrder {index:9;}">
                    <Coords points="1502,3806 1502,3866 1634,3866 1634,3806"/>
                    <TextEquiv>
                        <Unicode>konnte,</Unicode>
                    </TextEquiv>
                </Word>
                <TextEquiv>
                    <Unicode>Er wußte sofort, daß dies nur Albertens Gatte sein konnte,</Unicode>
                </TextEquiv>
            </TextLine>
            <TextLine id="tr_1_tl_106" custom="readingOrder {index:105;}">
                <Coords points="1692,3850 2866,3867 2849,3816 1692,3801"/>
                <Baseline points="1704,3838 1762,3839 1820,3841 1879,3841 1937,3841 1995,3842 2054,3844 2112,3844 2170,3847 2229,3847 2287,3847 2345,3848 2404,3850 2462,3850 2520,3850 2579,3850 2637,3853 2695,3853 2754,3854 2812,3856 2871,3859"/>
                <Word id="tr_1_tl_106_w1" custom="readingOrder {index:0;}">
                    <Coords points="1692,3798 1692,3858 1746,3858 1746,3798"/>
                    <TextEquiv>
                        <Unicode>des</Unicode>
                    </TextEquiv>
                </Word>
                <Word id="tr_1_tl_106_w2" custom="readingOrder {index:1;}">
                    <Coords points="1768,3801 1768,3861 1913,3861 1913,3801"/>
                    <TextEquiv>
                        <Unicode>Bruders</Unicode>
                    </TextEquiv>
                </Word>
                <Word id="tr_1_tl_106_w3" custom="readingOrder {index:2;}">
                    <Coords points="1940,3802 1940,3862 2053,3862 2053,3802"/>
                    <TextEquiv>
                        <Unicode>vorbei</Unicode>
                    </TextEquiv>
                </Word>
                <Word id="tr_1_tl_106_w4" custom="readingOrder {index:3;}">
                    <Coords points="2070,3804 2070,3864 2156,3864 2156,3804"/>
                    <TextEquiv>
                        <Unicode>durch</Unicode>
                    </TextEquiv>
                </Word>
                <Word id="tr_1_tl_106_w5" custom="readingOrder {index:4;}">
                    <Coords points="2178,3807 2178,3867 2231,3867 2231,3807"/>
                    <TextEquiv>
                        <Unicode>den</Unicode>
                    </TextEquiv>
                </Word>
                <Word id="tr_1_tl_106_w6" custom="readingOrder {index:5;}">
                    <Coords points="2259,3807 2259,3867 2388,3867 2388,3807"/>
                    <TextEquiv>
                        <Unicode>dunklen</Unicode>
                    </TextEquiv>
                </Word>
                <Word id="tr_1_tl_106_w7" custom="readingOrder {index:6;}">
                    <Coords points="2416,3810 2416,3870 2528,3870 2528,3810"/>
                    <TextEquiv>
                        <Unicode>Gang,</Unicode>
                    </TextEquiv>
                </Word>
                <Word id="tr_1_tl_106_w8" custom="readingOrder {index:7;}">
                    <Coords points="2545,3810 2545,3870 2588,3870 2588,3810"/>
                    <TextEquiv>
                        <Unicode>die</Unicode>
                    </TextEquiv>
                </Word>
                <Word id="tr_1_tl_106_w9" custom="readingOrder {index:8;}">
                    <Coords points="2611,3813 2611,3873 2734,3873 2734,3813"/>
                    <TextEquiv>
                        <Unicode>Treppe</Unicode>
                    </TextEquiv>
                </Word>
                <Word id="tr_1_tl_106_w10" custom="readingOrder {index:9;}">
                    <Coords points="2756,3816 2756,3876 2869,3876 2869,3816"/>
                    <TextEquiv>
                        <Unicode>hinab,</Unicode>
                    </TextEquiv>
                </Word>
                <TextEquiv>
                    <Unicode>des Bruders vorbei durch den dunklen Gang, die Treppe hinab,</Unicode>
                </TextEquiv>
            </TextLine>
            <TextLine id="tr_1_tl_107" custom="readingOrder {index:106;}">
                <Coords points="437,3891 1555,3918 1636,3906 1636,3862 435,3835"/>
                <Baseline points="450,3880 509,3883 569,3883 628,3883 688,3883 747,3885 807,3886 866,3886 926,3888 985,3889 1045,3889 1105,3891 1164,3892 1224,3892 1283,3894 1343,3892 1402,3895 1462,3895 1521,3895 1581,3897 1641,3895"/>
                <Word id="tr_1_tl_107_w1" custom="readingOrder {index:0;}">
                    <Coords points="441,3841 441,3901 501,3901 501,3841"/>
                    <TextEquiv>
                        <Unicode>der</Unicode>
                    </TextEquiv>
                </Word>
                <Word id="tr_1_tl_107_w2" custom="readingOrder {index:1;}">
                    <Coords points="524,3843 524,3903 705,3903 705,3843"/>
                    <TextEquiv>
                        <Unicode>gekommen</Unicode>
                    </TextEquiv>
                </Word>
                <Word id="tr_1_tl_107_w3" custom="readingOrder {index:2;}">
                    <Coords points="734,3845 734,3905 821,3905 821,3845"/>
                    <TextEquiv>
                        <Unicode>war,</Unicode>
                    </TextEquiv>
                </Word>
                <Word id="tr_1_tl_107_w4" custom="readingOrder {index:3;}">
                    <Coords points="838,3848 838,3908 1059,3908 1059,3848"/>
                    <TextEquiv>
                        <Unicode>Rechenschaft</Unicode>
                    </TextEquiv>
                </Word>
                <Word id="tr_1_tl_107_w5" custom="readingOrder {index:4;}">
                    <Coords points="1082,3851 1082,3911 1136,3911 1136,3851"/>
                    <TextEquiv>
                        <Unicode>von</Unicode>
                    </TextEquiv>
                </Word>
                <Word id="tr_1_tl_107_w6" custom="readingOrder {index:5;}">
                    <Coords points="1165,3852 1165,3912 1214,3912 1214,3852"/>
                    <TextEquiv>
                        <Unicode>ihm</Unicode>
                    </TextEquiv>
                </Word>
                <Word id="tr_1_tl_107_w7" custom="readingOrder {index:6;}">
                    <Coords points="1259,3853 1259,3913 1285,3913 1285,3853"/>
                    <TextEquiv>
                        <Unicode>zu</Unicode>
                    </TextEquiv>
                </Word>
                <Word id="tr_1_tl_107_w8" custom="readingOrder {index:7;}">
                    <Coords points="1314,3854 1314,3914 1462,3914 1462,3854"/>
                    <TextEquiv>
                        <Unicode>fordern.</Unicode>
                    </TextEquiv>
                </Word>
                <Word id="tr_1_tl_107_w9" custom="readingOrder {index:8;}">
                    <Coords points="1485,3855 1485,3915 1567,3915 1567,3855"/>
                    <TextEquiv>
                        <Unicode>Doch</Unicode>
                    </TextEquiv>
                </Word>
                <Word id="tr_1_tl_107_w10" custom="readingOrder {index:9;}">
                    <Coords points="1595,3856 1595,3916 1622,3916 1622,3856"/>
                    <TextEquiv>
                        <Unicode>er</Unicode>
                    </TextEquiv>
                </Word>
                <TextEquiv>
                    <Unicode>der gekommen war, Rechenschaft von ihm zu fordern. Doch er</Unicode>
                </TextEquiv>
            </TextLine>
            <TextLine id="tr_1_tl_108" custom="readingOrder {index:107;}">
                <Coords points="1682,3904 2871,3918 2871,3869 2829,3862 1682,3847"/>
                <Baseline points="1695,3889 1754,3889 1813,3891 1872,3892 1931,3892 1990,3892 2049,3892 2108,3895 2167,3893 2226,3895 2286,3897 2345,3895 2404,3898 2463,3898 2522,3899 2581,3899 2640,3901 2699,3901 2758,3901 2817,3904 2877,3907"/>
                <Word id="tr_1_tl_108_w1" custom="readingOrder {index:0;}">
                    <Coords points="1688,3849 1688,3909 1767,3909 1767,3849"/>
                    <TextEquiv>
                        <Unicode>über</Unicode>
                    </TextEquiv>
                </Word>
                <Word id="tr_1_tl_108_w2" custom="readingOrder {index:1;}">
                    <Coords points="1790,3851 1790,3911 1840,3911 1840,3851"/>
                    <TextEquiv>
                        <Unicode>den</Unicode>
                    </TextEquiv>
                </Word>
                <Word id="tr_1_tl_108_w3" custom="readingOrder {index:2;}">
                    <Coords points="1876,3852 1876,3912 1971,3912 1971,3852"/>
                    <TextEquiv>
                        <Unicode>Flur,</Unicode>
                    </TextEquiv>
                </Word>
                <Word id="tr_1_tl_108_w4" custom="readingOrder {index:3;}">
                    <Coords points="1989,3852 1989,3912 2074,3912 2074,3852"/>
                    <TextEquiv>
                        <Unicode>durch</Unicode>
                    </TextEquiv>
                </Word>
                <Word id="tr_1_tl_108_w5" custom="readingOrder {index:4;}">
                    <Coords points="2103,3854 2103,3914 2158,3914 2158,3854"/>
                    <TextEquiv>
                        <Unicode>das</Unicode>
                    </TextEquiv>
                </Word>
                <Word id="tr_1_tl_108_w6" custom="readingOrder {index:5;}">
                    <Coords points="2187,3854 2187,3914 2238,3914 2238,3854"/>
                    <TextEquiv>
                        <Unicode>seit</Unicode>
                    </TextEquiv>
                </Word>
                <Word id="tr_1_tl_108_w7" custom="readingOrder {index:6;}">
                    <Coords points="2262,3856 2262,3916 2357,3916 2357,3856"/>
                    <TextEquiv>
                        <Unicode>Ottos</Unicode>
                    </TextEquiv>
                </Word>
                <Word id="tr_1_tl_108_w8" custom="readingOrder {index:7;}">
                    <Coords points="2381,3858 2381,3918 2527,3918 2527,3858"/>
                    <TextEquiv>
                        <Unicode>Ankunft</Unicode>
                    </TextEquiv>
                </Word>
                <Word id="tr_1_tl_108_w9" custom="readingOrder {index:8;}">
                    <Coords points="2551,3859 2551,3919 2618,3919 2618,3859"/>
                    <TextEquiv>
                        <Unicode>noch</Unicode>
                    </TextEquiv>
                </Word>
                <Word id="tr_1_tl_108_w10" custom="readingOrder {index:9;}">
                    <Coords points="2647,3861 2647,3921 2726,3921 2726,3861"/>
                    <TextEquiv>
                        <Unicode>nicht</Unicode>
                    </TextEquiv>
                </Word>
                <Word id="tr_1_tl_108_w11" custom="readingOrder {index:10;}">
                    <Coords points="2744,3863 2744,3923 2862,3923 2862,3863"/>
                    <TextEquiv>
                        <Unicode>wieder</Unicode>
                    </TextEquiv>
                </Word>
                <TextEquiv>
                    <Unicode>über den Flur, durch das seit Ottos Ankunft noch nicht wieder</Unicode>
                </TextEquiv>
            </TextLine>
            <TextLine id="tr_1_tl_109" custom="readingOrder {index:108;}">
                <Coords points="442,3940 1631,3960 1631,3913 1575,3906 442,3899"/>
                <Baseline points="456,3925 515,3929 574,3931 633,3931 692,3932 751,3934 810,3934 869,3934 928,3936 987,3937 1047,3938 1106,3940 1165,3940 1224,3940 1283,3943 1342,3943 1401,3940 1460,3943 1519,3943 1578,3943 1638,3943"/>
                <Word id="tr_1_tl_109_w1" custom="readingOrder {index:0;}">
                    <Coords points="448,3886 448,3946 514,3946 514,3886"/>
                    <TextEquiv>
                        <Unicode>war</Unicode>
                    </TextEquiv>
                </Word>
                <Word id="tr_1_tl_109_w2" custom="readingOrder {index:1;}">
                    <Coords points="536,3890 536,3950 597,3950 597,3890"/>
                    <TextEquiv>
                        <Unicode>fest</Unicode>
                    </TextEquiv>
                </Word>
                <Word id="tr_1_tl_109_w3" custom="readingOrder {index:2;}">
                    <Coords points="620,3893 620,3953 835,3953 835,3893"/>
                    <TextEquiv>
                        <Unicode>entschlossen,</Unicode>
                    </TextEquiv>
                </Word>
                <Word id="tr_1_tl_109_w4" custom="readingOrder {index:3;}">
                    <Coords points="853,3894 853,3954 935,3954 935,3894"/>
                    <TextEquiv>
                        <Unicode>nicht</Unicode>
                    </TextEquiv>
                </Word>
                <Word id="tr_1_tl_109_w5" custom="readingOrder {index:4;}">
                    <Coords points="958,3896 958,3956 985,3956 985,3896"/>
                    <TextEquiv>
                        <Unicode>zu</Unicode>
                    </TextEquiv>
                </Word>
                <Word id="tr_1_tl_109_w6" custom="readingOrder {index:5;}">
                    <Coords points="1019,3899 1019,3959 1146,3959 1146,3899"/>
                    <TextEquiv>
                        <Unicode>öffnen.</Unicode>
                    </TextEquiv>
                </Word>
                <Word id="tr_1_tl_109_w7" custom="readingOrder {index:6;}">
                    <Coords points="1169,3901 1169,3961 1340,3961 1340,3901"/>
                    <TextEquiv>
                        <Unicode>Vielmehr</Unicode>
                    </TextEquiv>
                </Word>
                <Word id="tr_1_tl_109_w8" custom="readingOrder {index:7;}">
                    <Coords points="1363,3901 1363,3961 1479,3961 1479,3901"/>
                    <TextEquiv>
                        <Unicode>verließ</Unicode>
                    </TextEquiv>
                </Word>
                <Word id="tr_1_tl_109_w9" custom="readingOrder {index:8;}">
                    <Coords points="1513,3903 1513,3963 1540,3963 1540,3903"/>
                    <TextEquiv>
                        <Unicode>er</Unicode>
                    </TextEquiv>
                </Word>
                <Word id="tr_1_tl_109_w10" custom="readingOrder {index:9;}">
                    <Coords points="1568,3903 1568,3963 1623,3963 1623,3903"/>
                    <TextEquiv>
                        <Unicode>den</Unicode>
                    </TextEquiv>
                </Word>
                <TextEquiv>
                    <Unicode>war fest entschlossen, nicht zu öffnen. Vielmehr verließ er den</Unicode>
                </TextEquiv>
            </TextLine>
            <TextLine id="tr_1_tl_110" custom="readingOrder {index:109;}">
                <Coords points="1687,3952 2861,3972 2861,3913 1687,3904"/>
                <Baseline points="1701,3943 1759,3939 1817,3937 1876,3940 1934,3940 1992,3940 2051,3942 2109,3943 2167,3943 2226,3943 2284,3943 2342,3946 2401,3946 2459,3946 2517,3949 2576,3949 2634,3949 2692,3952 2751,3952 2809,3954 2868,3957"/>
                <Word id="tr_1_tl_110_w1" custom="readingOrder {index:0;}">
                    <Coords points="1688,3897 1688,3957 1889,3957 1889,3897"/>
                    <TextEquiv>
                        <Unicode>geschlossene</Unicode>
                    </TextEquiv>
                </Word>
                <Word id="tr_1_tl_110_w2" custom="readingOrder {index:1;}">
                    <Coords points="1913,3900 1913,3960 2080,3960 2080,3900"/>
                    <TextEquiv>
                        <Unicode>Haustor,</Unicode>
                    </TextEquiv>
                </Word>
                <Word id="tr_1_tl_110_w3" custom="readingOrder {index:2;}">
                    <Coords points="2098,3903 2098,3963 2155,3963 2155,3903"/>
                    <TextEquiv>
                        <Unicode>lief</Unicode>
                    </TextEquiv>
                </Word>
                <Word id="tr_1_tl_110_w4" custom="readingOrder {index:3;}">
                    <Coords points="2173,3903 2173,3963 2253,3963 2253,3903"/>
                    <TextEquiv>
                        <Unicode>über</Unicode>
                    </TextEquiv>
                </Word>
                <Word id="tr_1_tl_110_w5" custom="readingOrder {index:4;}">
                    <Coords points="2276,3903 2276,3963 2328,3963 2328,3903"/>
                    <TextEquiv>
                        <Unicode>den</Unicode>
                    </TextEquiv>
                </Word>
                <Word id="tr_1_tl_110_w6" custom="readingOrder {index:5;}">
                    <Coords points="2363,3907 2363,3967 2628,3967 2628,3907"/>
                    <TextEquiv>
                        <Unicode>menschenleeren</Unicode>
                    </TextEquiv>
                </Word>
                <Word id="tr_1_tl_110_w7" custom="readingOrder {index:6;}">
                    <Coords points="2663,3912 2663,3972 2864,3972 2864,3912"/>
                    <TextEquiv>
                        <Unicode>Marktplatz,</Unicode>
                    </TextEquiv>
                </Word>
                <TextEquiv>
                    <Unicode>geschlossene Haustor, lief über den menschenleeren Marktplatz,</Unicode>
                </TextEquiv>
            </TextLine>
            <TextLine id="tr_1_tl_111" custom="readingOrder {index:110;}">
                <Coords points="439,3984 1626,4009 1604,3950 439,3940"/>
                <Baseline points="453,3975 515,3975 577,3975 639,3978 701,3978 763,3981 825,3981 887,3981 949,3981 1011,3984 1073,3987 1135,3987 1197,3987 1259,3987 1321,3988 1383,3990 1445,3990 1507,3992 1569,3993 1632,3996"/>
                <Word id="tr_1_tl_111_w1" custom="readingOrder {index:0;}">
                    <Coords points="444,3935 444,3995 539,3995 539,3935"/>
                    <TextEquiv>
                        <Unicode>Raum</Unicode>
                    </TextEquiv>
                </Word>
                <Word id="tr_1_tl_111_w2" custom="readingOrder {index:1;}">
                    <Coords points="587,3937 587,3997 676,3997 676,3937"/>
                    <TextEquiv>
                        <Unicode>durch</Unicode>
                    </TextEquiv>
                </Word>
                <Word id="tr_1_tl_111_w3" custom="readingOrder {index:2;}">
                    <Coords points="709,3939 709,3999 756,3999 756,3939"/>
                    <TextEquiv>
                        <Unicode>die</Unicode>
                    </TextEquiv>
                </Word>
                <Word id="tr_1_tl_111_w4" custom="readingOrder {index:3;}">
                    <Coords points="788,3941 788,4001 1126,4001 1126,3941"/>
                    <TextEquiv>
                        <Unicode>gegenüberliegende</Unicode>
                    </TextEquiv>
                </Word>
                <Word id="tr_1_tl_111_w5" custom="readingOrder {index:4;}">
                    <Coords points="1159,3947 1159,4007 1227,4007 1227,3947"/>
                    <TextEquiv>
                        <Unicode>Tür</Unicode>
                    </TextEquiv>
                </Word>
                <Word id="tr_1_tl_111_w6" custom="readingOrder {index:5;}">
                    <Coords points="1260,3947 1260,4007 1322,4007 1322,3947"/>
                    <TextEquiv>
                        <Unicode>und</Unicode>
                    </TextEquiv>
                </Word>
                <Word id="tr_1_tl_111_w7" custom="readingOrder {index:6;}">
                    <Coords points="1355,3950 1355,4010 1486,4010 1486,3950"/>
                    <TextEquiv>
                        <Unicode>stürmte</Unicode>
                    </TextEquiv>
                </Word>
                <Word id="tr_1_tl_111_w8" custom="readingOrder {index:7;}">
                    <Coords points="1513,3952 1513,4012 1624,4012 1624,3952"/>
                    <TextEquiv>
                        <Unicode>weiter</Unicode>
                    </TextEquiv>
                </Word>
                <TextEquiv>
                    <Unicode>Raum durch die gegenüberliegende Tür und stürmte weiter</Unicode>
                </TextEquiv>
            </TextLine>
            <TextLine id="tr_1_tl_112" custom="readingOrder {index:111;}">
                <Coords points="1675,3996 2859,4011 2859,3972 2744,3957 1675,3952"/>
                <Baseline points="1689,3984 1747,3987 1806,3987 1865,3987 1924,3988 1983,3988 2041,3987 2100,3990 2159,3990 2218,3990 2277,3993 2335,3991 2394,3993 2453,3993 2512,3994 2571,3996 2629,3996 2688,3999 2747,3999 2806,4002 2865,4002"/>
                <Word id="tr_1_tl_112_w1" custom="readingOrder {index:0;}">
                    <Coords points="1688,3946 1688,4006 1776,4006 1776,3946"/>
                    <TextEquiv>
                        <Unicode>durch</Unicode>
                    </TextEquiv>
                </Word>
                <Word id="tr_1_tl_112_w2" custom="readingOrder {index:1;}">
                    <Coords points="1812,3947 1812,4007 1858,4007 1858,3947"/>
                    <TextEquiv>
                        <Unicode>die</Unicode>
                    </TextEquiv>
                </Word>
                <Word id="tr_1_tl_112_w3" custom="readingOrder {index:2;}">
                    <Coords points="1894,3948 1894,4008 1988,4008 1988,3948"/>
                    <TextEquiv>
                        <Unicode>lange</Unicode>
                    </TextEquiv>
                </Word>
                <Word id="tr_1_tl_112_w4" custom="readingOrder {index:3;}">
                    <Coords points="2024,3950 2024,4010 2212,4010 2212,3950"/>
                    <TextEquiv>
                        <Unicode>Dorfstraße</Unicode>
                    </TextEquiv>
                </Word>
                <Word id="tr_1_tl_112_w5" custom="readingOrder {index:4;}">
                    <Coords points="2248,3952 2248,4012 2272,4012 2272,3952"/>
                    <TextEquiv>
                        <Unicode>in</Unicode>
                    </TextEquiv>
                </Word>
                <Word id="tr_1_tl_112_w6" custom="readingOrder {index:5;}">
                    <Coords points="2314,3951 2314,4011 2360,4011 2360,3951"/>
                    <TextEquiv>
                        <Unicode>die</Unicode>
                    </TextEquiv>
                </Word>
                <Word id="tr_1_tl_112_w7" custom="readingOrder {index:6;}">
                    <Coords points="2396,3953 2396,4013 2472,4013 2472,3953"/>
                    <TextEquiv>
                        <Unicode>freie</Unicode>
                    </TextEquiv>
                </Word>
                <Word id="tr_1_tl_112_w8" custom="readingOrder {index:7;}">
                    <Coords points="2508,3956 2508,4016 2696,4016 2696,3956"/>
                    <TextEquiv>
                        <Unicode>Landschaft</Unicode>
                    </TextEquiv>
                </Word>
                <Word id="tr_1_tl_112_w9" custom="readingOrder {index:8;}">
                    <Coords points="2726,3961 2726,4021 2861,4021 2861,3961"/>
                    <TextEquiv>
                        <Unicode>hinaus,</Unicode>
                    </TextEquiv>
                </Word>
                <TextEquiv>
                    <Unicode>durch die lange Dorfstraße in die freie Landschaft hinaus,</Unicode>
                </TextEquiv>
            </TextLine>
            <TextLine id="tr_1_tl_113" custom="readingOrder {index:112;}">
                <Coords points="435,4031 1540,4057 1621,4052 1621,4011 432,3979"/>
                <Baseline points="447,4023 509,4023 571,4023 633,4026 695,4026 757,4026 819,4026 881,4028 943,4029 1005,4030 1067,4032 1129,4035 1191,4035 1253,4035 1315,4036 1377,4038 1439,4038 1501,4040 1563,4041 1626,4044"/>
                <Word id="tr_1_tl_113_w1" custom="readingOrder {index:0;}">
                    <Coords points="443,3983 443,4043 532,4043 532,3983"/>
                    <TextEquiv>
                        <Unicode>durch</Unicode>
                    </TextEquiv>
                </Word>
                <Word id="tr_1_tl_113_w2" custom="readingOrder {index:1;}">
                    <Coords points="559,3983 559,4043 621,4043 621,3983"/>
                    <TextEquiv>
                        <Unicode>eine</Unicode>
                    </TextEquiv>
                </Word>
                <Word id="tr_1_tl_113_w3" custom="readingOrder {index:2;}">
                    <Coords points="648,3986 648,4046 743,4046 743,3986"/>
                    <TextEquiv>
                        <Unicode>ganze</Unicode>
                    </TextEquiv>
                </Word>
                <Word id="tr_1_tl_113_w4" custom="readingOrder {index:3;}">
                    <Coords points="770,3986 770,4046 869,4046 869,3986"/>
                    <TextEquiv>
                        <Unicode>Reihe</Unicode>
                    </TextEquiv>
                </Word>
                <Word id="tr_1_tl_113_w5" custom="readingOrder {index:4;}">
                    <Coords points="891,3988 891,4048 943,4048 943,3988"/>
                    <TextEquiv>
                        <Unicode>von</Unicode>
                    </TextEquiv>
                </Word>
                <Word id="tr_1_tl_113_w6" custom="readingOrder {index:5;}">
                    <Coords points="976,3992 976,4052 1165,4052 1165,3992"/>
                    <TextEquiv>
                        <Unicode>Zimmern;</Unicode>
                    </TextEquiv>
                </Word>
                <Word id="tr_1_tl_113_w7" custom="readingOrder {index:6;}">
                    <Coords points="1181,3995 1181,4055 1207,4055 1207,3995"/>
                    <TextEquiv>
                        <Unicode>in</Unicode>
                    </TextEquiv>
                </Word>
                <Word id="tr_1_tl_113_w8" custom="readingOrder {index:7;}">
                    <Coords points="1234,3995 1234,4055 1318,4055 1318,3995"/>
                    <TextEquiv>
                        <Unicode>jedem</Unicode>
                    </TextEquiv>
                </Word>
                <Word id="tr_1_tl_113_w9" custom="readingOrder {index:8;}">
                    <Coords points="1355,3998 1355,4058 1481,4058 1481,3998"/>
                    <TextEquiv>
                        <Unicode>standen</Unicode>
                    </TextEquiv>
                </Word>
                <Word id="tr_1_tl_113_w10" custom="readingOrder {index:9;}">
                    <Coords points="1508,4000 1508,4060 1608,4060 1608,4000"/>
                    <TextEquiv>
                        <Unicode>Tische</Unicode>
                    </TextEquiv>
                </Word>
                <TextEquiv>
                    <Unicode>durch eine ganze Reihe von Zimmern; in jedem standen Tische</Unicode>
                </TextEquiv>
            </TextLine>
            <TextLine id="tr_1_tl_114" custom="readingOrder {index:113;}">
                <Coords points="1692,4050 2829,4070 2866,4018 1689,3996"/>
                <Baseline points="1704,4035 1762,4035 1821,4035 1879,4035 1938,4037 1996,4037 2055,4038 2113,4041 2172,4039 2230,4041 2289,4041 2347,4041 2406,4043 2464,4044 2523,4045 2581,4047 2640,4047 2698,4047 2757,4049 2815,4050 2874,4050"/>
                <Word id="tr_1_tl_114_w1" custom="readingOrder {index:0;}">
                    <Coords points="1690,3995 1690,4055 1796,4055 1796,3995"/>
                    <TextEquiv>
                        <Unicode>stapfte</Unicode>
                    </TextEquiv>
                </Word>
                <Word id="tr_1_tl_114_w2" custom="readingOrder {index:1;}">
                    <Coords points="1825,3995 1825,4055 1909,4055 1909,3995"/>
                    <TextEquiv>
                        <Unicode>durch</Unicode>
                    </TextEquiv>
                </Word>
                <Word id="tr_1_tl_114_w3" custom="readingOrder {index:2;}">
                    <Coords points="1938,3997 1938,4057 1989,4057 1989,3997"/>
                    <TextEquiv>
                        <Unicode>den</Unicode>
                    </TextEquiv>
                </Word>
                <Word id="tr_1_tl_114_w4" custom="readingOrder {index:3;}">
                    <Coords points="2023,3998 2023,4058 2119,4058 2119,3998"/>
                    <TextEquiv>
                        <Unicode>hohen</Unicode>
                    </TextEquiv>
                </Word>
                <Word id="tr_1_tl_114_w5" custom="readingOrder {index:4;}">
                    <Coords points="2153,4000 2153,4060 2294,4060 2294,4000"/>
                    <TextEquiv>
                        <Unicode>Schnee,</Unicode>
                    </TextEquiv>
                </Word>
                <Word id="tr_1_tl_114_w6" custom="readingOrder {index:5;}">
                    <Coords points="2312,4001 2312,4061 2396,4061 2396,4001"/>
                    <TextEquiv>
                        <Unicode>warf</Unicode>
                    </TextEquiv>
                </Word>
                <Word id="tr_1_tl_114_w7" custom="readingOrder {index:6;}">
                    <Coords points="2419,4003 2419,4063 2469,4063 2469,4003"/>
                    <TextEquiv>
                        <Unicode>den</Unicode>
                    </TextEquiv>
                </Word>
                <Word id="tr_1_tl_114_w8" custom="readingOrder {index:7;}">
                    <Coords points="2504,4006 2504,4066 2633,4066 2633,4006"/>
                    <TextEquiv>
                        <Unicode>Mantel</Unicode>
                    </TextEquiv>
                </Word>
                <Word id="tr_1_tl_114_w9" custom="readingOrder {index:8;}">
                    <Coords points="2657,4007 2657,4067 2712,4067 2712,4007"/>
                    <TextEquiv>
                        <Unicode>ab,</Unicode>
                    </TextEquiv>
                </Word>
                <Word id="tr_1_tl_114_w10" custom="readingOrder {index:9;}">
                    <Coords points="2730,4008 2730,4068 2780,4068 2780,4008"/>
                    <TextEquiv>
                        <Unicode>der</Unicode>
                    </TextEquiv>
                </Word>
                <Word id="tr_1_tl_114_w11" custom="readingOrder {index:10;}">
                    <Coords points="2809,4010 2809,4070 2854,4070 2854,4010"/>
                    <TextEquiv>
                        <Unicode>ihn</Unicode>
                    </TextEquiv>
                </Word>
                <TextEquiv>
                    <Unicode>stapfte durch den hohen Schnee, warf den Mantel ab, der ihn</Unicode>
                </TextEquiv>
            </TextLine>
            <TextLine id="tr_1_tl_115" custom="readingOrder {index:114;}">
                <Coords points="439,4082 1623,4096 1621,4052 1575,4048 437,4031"/>
                <Baseline points="450,4074 512,4073 574,4073 636,4074 698,4074 760,4074 822,4074 884,4076 946,4077 1008,4080 1070,4080 1132,4080 1194,4082 1256,4086 1318,4084 1380,4086 1442,4086 1504,4086 1566,4089 1629,4092"/>
                <Word id="tr_1_tl_115_w1" custom="readingOrder {index:0;}">
                    <Coords points="442,4033 442,4093 479,4093 479,4033"/>
                    <TextEquiv>
                        <Unicode>an</Unicode>
                    </TextEquiv>
                </Word>
                <Word id="tr_1_tl_115_w2" custom="readingOrder {index:1;}">
                    <Coords points="506,4033 506,4093 589,4093 589,4033"/>
                    <TextEquiv>
                        <Unicode>jedem</Unicode>
                    </TextEquiv>
                </Word>
                <Word id="tr_1_tl_115_w3" custom="readingOrder {index:2;}">
                    <Coords points="632,4034 632,4094 674,4094 674,4034"/>
                    <TextEquiv>
                        <Unicode>saß</Unicode>
                    </TextEquiv>
                </Word>
                <Word id="tr_1_tl_115_w4" custom="readingOrder {index:3;}">
                    <Coords points="707,4034 707,4094 748,4094 748,4034"/>
                    <TextEquiv>
                        <Unicode>ein</Unicode>
                    </TextEquiv>
                </Word>
                <Word id="tr_1_tl_115_w5" custom="readingOrder {index:4;}">
                    <Coords points="775,4035 775,4095 965,4095 965,4035"/>
                    <TextEquiv>
                        <Unicode>Schreiber,</Unicode>
                    </TextEquiv>
                </Word>
                <Word id="tr_1_tl_115_w6" custom="readingOrder {index:5;}">
                    <Coords points="982,4040 982,4100 1071,4100 1071,4040"/>
                    <TextEquiv>
                        <Unicode>deren</Unicode>
                    </TextEquiv>
                </Word>
                <Word id="tr_1_tl_115_w7" custom="readingOrder {index:6;}">
                    <Coords points="1098,4040 1098,4100 1219,4100 1219,4040"/>
                    <TextEquiv>
                        <Unicode>Federn</Unicode>
                    </TextEquiv>
                </Word>
                <Word id="tr_1_tl_115_w8" custom="readingOrder {index:7;}">
                    <Coords points="1251,4045 1251,4105 1309,4105 1309,4045"/>
                    <TextEquiv>
                        <Unicode>mit</Unicode>
                    </TextEquiv>
                </Word>
                <Word id="tr_1_tl_115_w9" custom="readingOrder {index:8;}">
                    <Coords points="1325,4046 1325,4106 1531,4106 1531,4046"/>
                    <TextEquiv>
                        <Unicode>ungeheurer</Unicode>
                    </TextEquiv>
                </Word>
                <Word id="tr_1_tl_115_w10" custom="readingOrder {index:9;}">
                    <Coords points="1553,4050 1553,4110 1621,4110 1621,4050"/>
                    <TextEquiv>
                        <Unicode>Eile</Unicode>
                    </TextEquiv>
                </Word>
                <TextEquiv>
                    <Unicode>an jedem saß ein Schreiber, deren Federn mit ungeheurer Eile</Unicode>
                </TextEquiv>
            </TextLine>
            <TextLine id="tr_1_tl_116" custom="readingOrder {index:115;}">
                <Coords points="1675,4101 2868,4116 2854,4057 1675,4045"/>
                <Baseline points="1689,4083 1748,4084 1807,4086 1866,4086 1926,4086 1985,4086 2044,4086 2103,4086 2163,4086 2222,4089 2281,4089 2340,4089 2400,4092 2459,4092 2518,4092 2577,4092 2637,4093 2696,4095 2755,4095 2814,4095 2874,4098"/>
                <Word id="tr_1_tl_116_w1" custom="readingOrder {index:0;}">
                    <Coords points="1680,4043 1680,4103 1706,4103 1706,4043"/>
                    <TextEquiv>
                        <Unicode>im</Unicode>
                    </TextEquiv>
                </Word>
                <Word id="tr_1_tl_116_w2" custom="readingOrder {index:1;}">
                    <Coords points="1749,4046 1749,4106 1870,4106 1870,4046"/>
                    <TextEquiv>
                        <Unicode>Laufen</Unicode>
                    </TextEquiv>
                </Word>
                <Word id="tr_1_tl_116_w3" custom="readingOrder {index:2;}">
                    <Coords points="1902,4046 1902,4106 2066,4106 2066,4046"/>
                    <TextEquiv>
                        <Unicode>hinderte,</Unicode>
                    </TextEquiv>
                </Word>
                <Word id="tr_1_tl_116_w4" custom="readingOrder {index:3;}">
                    <Coords points="2083,4046 2083,4106 2214,4106 2214,4046"/>
                    <TextEquiv>
                        <Unicode>stürmte</Unicode>
                    </TextEquiv>
                </Word>
                <Word id="tr_1_tl_116_w5" custom="readingOrder {index:4;}">
                    <Coords points="2236,4049 2236,4109 2352,4109 2352,4049"/>
                    <TextEquiv>
                        <Unicode>immer</Unicode>
                    </TextEquiv>
                </Word>
                <Word id="tr_1_tl_116_w6" custom="readingOrder {index:5;}">
                    <Coords points="2379,4052 2379,4112 2458,4112 2458,4052"/>
                    <TextEquiv>
                        <Unicode>fort,</Unicode>
                    </TextEquiv>
                </Word>
                <Word id="tr_1_tl_116_w7" custom="readingOrder {index:6;}">
                    <Coords points="2475,4052 2475,4112 2591,4112 2591,4052"/>
                    <TextEquiv>
                        <Unicode>immer</Unicode>
                    </TextEquiv>
                </Word>
                <Word id="tr_1_tl_116_w8" custom="readingOrder {index:7;}">
                    <Coords points="2618,4054 2618,4114 2744,4114 2744,4054"/>
                    <TextEquiv>
                        <Unicode>weiter,</Unicode>
                    </TextEquiv>
                </Word>
                <Word id="tr_1_tl_116_w9" custom="readingOrder {index:8;}">
                    <Coords points="2760,4055 2760,4115 2855,4115 2855,4055"/>
                    <TextEquiv>
                        <Unicode>nichts</Unicode>
                    </TextEquiv>
                </Word>
                <TextEquiv>
                    <Unicode>im Laufen hinderte, stürmte immer fort, immer weiter, nichts</Unicode>
                </TextEquiv>
            </TextLine>
            <TextLine id="tr_1_tl_117" custom="readingOrder {index:116;}">
                <Coords points="435,4128 1621,4145 1621,4096 435,4084"/>
                <Baseline points="447,4119 509,4119 571,4121 633,4122 695,4122 757,4125 819,4125 881,4125 943,4128 1005,4128 1067,4131 1129,4131 1191,4133 1253,4134 1315,4132 1377,4134 1439,4134 1501,4137 1563,4137 1626,4137"/>
                <Word id="tr_1_tl_117_w1" custom="readingOrder {index:0;}">
                    <Coords points="441,4079 441,4139 520,4139 520,4079"/>
                    <TextEquiv>
                        <Unicode>über</Unicode>
                    </TextEquiv>
                </Word>
                <Word id="tr_1_tl_117_w2" custom="readingOrder {index:1;}">
                    <Coords points="549,4081 549,4141 604,4141 604,4081"/>
                    <TextEquiv>
                        <Unicode>das</Unicode>
                    </TextEquiv>
                </Word>
                <Word id="tr_1_tl_117_w3" custom="readingOrder {index:2;}">
                    <Coords points="634,4082 634,4142 752,4142 752,4082"/>
                    <TextEquiv>
                        <Unicode>Papier</Unicode>
                    </TextEquiv>
                </Word>
                <Word id="tr_1_tl_117_w4" custom="readingOrder {index:3;}">
                    <Coords points="781,4085 781,4145 910,4145 910,4085"/>
                    <TextEquiv>
                        <Unicode>fuhren,</Unicode>
                    </TextEquiv>
                </Word>
                <Word id="tr_1_tl_117_w5" custom="readingOrder {index:4;}">
                    <Coords points="934,4088 934,4148 989,4148 989,4088"/>
                    <TextEquiv>
                        <Unicode>mit</Unicode>
                    </TextEquiv>
                </Word>
                <Word id="tr_1_tl_117_w6" custom="readingOrder {index:5;}">
                    <Coords points="1013,4089 1013,4149 1063,4149 1063,4089"/>
                    <TextEquiv>
                        <Unicode>der</Unicode>
                    </TextEquiv>
                </Word>
                <Word id="tr_1_tl_117_w7" custom="readingOrder {index:6;}">
                    <Coords points="1087,4091 1087,4151 1182,4151 1182,4091"/>
                    <TextEquiv>
                        <Unicode>freien</Unicode>
                    </TextEquiv>
                </Word>
                <Word id="tr_1_tl_117_w8" custom="readingOrder {index:7;}">
                    <Coords points="1217,4093 1217,4153 1307,4153 1307,4093"/>
                    <TextEquiv>
                        <Unicode>Hand</Unicode>
                    </TextEquiv>
                </Word>
                <Word id="tr_1_tl_117_w9" custom="readingOrder {index:8;}">
                    <Coords points="1336,4093 1336,4153 1414,4153 1414,4093"/>
                    <TextEquiv>
                        <Unicode>aber</Unicode>
                    </TextEquiv>
                </Word>
                <Word id="tr_1_tl_117_w10" custom="readingOrder {index:9;}">
                    <Coords points="1438,4096 1438,4156 1556,4156 1556,4096"/>
                    <TextEquiv>
                        <Unicode>warfen</Unicode>
                    </TextEquiv>
                </Word>
                <Word id="tr_1_tl_117_w11" custom="readingOrder {index:10;}">
                    <Coords points="1585,4097 1585,4157 1623,4157 1623,4097"/>
                    <TextEquiv>
                        <Unicode>sie</Unicode>
                    </TextEquiv>
                </Word>
                <TextEquiv>
                    <Unicode>über das Papier fuhren, mit der freien Hand aber warfen sie</Unicode>
                </TextEquiv>
            </TextLine>
            <TextLine id="tr_1_tl_118" custom="readingOrder {index:117;}">
                <Coords points="1682,4145 2859,4153 2837,4111 2600,4096 1682,4094"/>
                <Baseline points="1695,4131 1753,4132 1812,4134 1870,4131 1929,4131 1987,4131 2046,4134 2104,4134 2163,4134 2221,4136 2280,4137 2338,4137 2397,4137 2455,4137 2514,4140 2572,4140 2631,4140 2689,4143 2748,4143 2806,4143 2865,4143"/>
                <Word id="tr_1_tl_118_w1" custom="readingOrder {index:0;}">
                    <Coords points="1687,4091 1687,4151 1708,4151 1708,4091"/>
                    <TextEquiv>
                        <Unicode>in</Unicode>
                    </TextEquiv>
                </Word>
                <Word id="tr_1_tl_118_w2" custom="readingOrder {index:1;}">
                    <Coords points="1740,4092 1740,4152 1808,4152 1808,4092"/>
                    <TextEquiv>
                        <Unicode>sich,</Unicode>
                    </TextEquiv>
                </Word>
                <Word id="tr_1_tl_118_w3" custom="readingOrder {index:2;}">
                    <Coords points="1829,4092 1829,4152 1871,4152 1871,4092"/>
                    <TextEquiv>
                        <Unicode>als</Unicode>
                    </TextEquiv>
                </Word>
                <Word id="tr_1_tl_118_w4" custom="readingOrder {index:3;}">
                    <Coords points="1898,4091 1898,4151 1950,4151 1950,4091"/>
                    <TextEquiv>
                        <Unicode>den</Unicode>
                    </TextEquiv>
                </Word>
                <Word id="tr_1_tl_118_w5" custom="readingOrder {index:4;}">
                    <Coords points="1982,4093 1982,4153 2071,4153 2071,4093"/>
                    <TextEquiv>
                        <Unicode>festen</Unicode>
                    </TextEquiv>
                </Word>
                <Word id="tr_1_tl_118_w6" custom="readingOrder {index:5;}">
                    <Coords points="2103,4094 2103,4154 2240,4154 2240,4094"/>
                    <TextEquiv>
                        <Unicode>Willen,</Unicode>
                    </TextEquiv>
                </Word>
                <Word id="tr_1_tl_118_w7" custom="readingOrder {index:6;}">
                    <Coords points="2257,4097 2257,4157 2399,4157 2399,4097"/>
                    <TextEquiv>
                        <Unicode>niemals</Unicode>
                    </TextEquiv>
                </Word>
                <Word id="tr_1_tl_118_w8" custom="readingOrder {index:7;}">
                    <Coords points="2425,4097 2425,4157 2477,4157 2477,4097"/>
                    <TextEquiv>
                        <Unicode>zur</Unicode>
                    </TextEquiv>
                </Word>
                <Word id="tr_1_tl_118_w9" custom="readingOrder {index:8;}">
                    <Coords points="2504,4100 2504,4160 2688,4160 2688,4100"/>
                    <TextEquiv>
                        <Unicode>Besinnung</Unicode>
                    </TextEquiv>
                </Word>
                <Word id="tr_1_tl_118_w10" custom="readingOrder {index:9;}">
                    <Coords points="2715,4103 2715,4163 2746,4163 2746,4103"/>
                    <TextEquiv>
                        <Unicode>zu</Unicode>
                    </TextEquiv>
                </Word>
                <Word id="tr_1_tl_118_w11" custom="readingOrder {index:10;}">
                    <Coords points="2773,4103 2773,4163 2857,4163 2857,4103"/>
                    <TextEquiv>
                        <Unicode>kom¬</Unicode>
                    </TextEquiv>
                </Word>
                <TextEquiv>
                    <Unicode>in sich, als den festen Willen, niemals zur Besinnung zu kom¬</Unicode>
                </TextEquiv>
            </TextLine>
            <TextLine id="tr_1_tl_119" custom="readingOrder {index:118;}">
                <Coords points="427,4179 1628,4199 1609,4145 427,4133"/>
                <Baseline points="441,4169 500,4169 560,4169 619,4172 679,4172 738,4172 798,4172 857,4175 917,4175 976,4178 1036,4178 1096,4178 1155,4178 1215,4181 1274,4181 1334,4184 1393,4182 1453,4182 1512,4184 1572,4183 1632,4181"/>
                <Word id="tr_1_tl_119_w1" custom="readingOrder {index:0;}">
                    <Coords points="440,4129 440,4189 485,4189 485,4129"/>
                    <TextEquiv>
                        <Unicode>die</Unicode>
                    </TextEquiv>
                </Word>
                <Word id="tr_1_tl_119_w2" custom="readingOrder {index:1;}">
                    <Coords points="509,4129 509,4189 618,4189 618,4129"/>
                    <TextEquiv>
                        <Unicode>Bogen</Unicode>
                    </TextEquiv>
                </Word>
                <Word id="tr_1_tl_119_w3" custom="readingOrder {index:2;}">
                    <Coords points="647,4132 647,4192 676,4192 676,4132"/>
                    <TextEquiv>
                        <Unicode>in</Unicode>
                    </TextEquiv>
                </Word>
                <Word id="tr_1_tl_119_w4" custom="readingOrder {index:3;}">
                    <Coords points="699,4132 699,4192 803,4192 803,4132"/>
                    <TextEquiv>
                        <Unicode>offene</Unicode>
                    </TextEquiv>
                </Word>
                <Word id="tr_1_tl_119_w5" custom="readingOrder {index:4;}">
                    <Coords points="827,4136 827,4196 1064,4196 1064,4136"/>
                    <TextEquiv>
                        <Unicode>Reisetaschen,</Unicode>
                    </TextEquiv>
                </Word>
                <Word id="tr_1_tl_119_w6" custom="readingOrder {index:5;}">
                    <Coords points="1082,4138 1082,4198 1127,4198 1127,4138"/>
                    <TextEquiv>
                        <Unicode>die</Unicode>
                    </TextEquiv>
                </Word>
                <Word id="tr_1_tl_119_w7" custom="readingOrder {index:6;}">
                    <Coords points="1151,4138 1151,4198 1197,4198 1197,4138"/>
                    <TextEquiv>
                        <Unicode>sich</Unicode>
                    </TextEquiv>
                </Word>
                <Word id="tr_1_tl_119_w8" custom="readingOrder {index:7;}">
                    <Coords points="1220,4141 1220,4201 1336,4201 1336,4141"/>
                    <TextEquiv>
                        <Unicode>immer</Unicode>
                    </TextEquiv>
                </Word>
                <Word id="tr_1_tl_119_w9" custom="readingOrder {index:8;}">
                    <Coords points="1360,4142 1360,4202 1526,4202 1526,4142"/>
                    <TextEquiv>
                        <Unicode>selbsttätig</Unicode>
                    </TextEquiv>
                </Word>
                <Word id="tr_1_tl_119_w10" custom="readingOrder {index:9;}">
                    <Coords points="1556,4142 1556,4202 1625,4202 1625,4142"/>
                    <TextEquiv>
                        <Unicode>auf¬</Unicode>
                    </TextEquiv>
                </Word>
                <TextEquiv>
                    <Unicode>die Bogen in offene Reisetaschen, die sich immer selbsttätig auf¬</Unicode>
                </TextEquiv>
            </TextLine>
            <TextLine id="tr_1_tl_120" custom="readingOrder {index:119;}">
                <Coords points="1680,4194 1699,4194 1706,4189 1728,4192 1738,4187 1753,4197 1767,4194 1787,4197 1787,4153 1763,4148 1731,4150 1726,4155 1711,4150 1704,4153 1694,4145 1680,4145"/>
                <Baseline points="1692,4178 1717,4178 1742,4178 1767,4177 1793,4175"/>
                <Word id="tr_1_tl_120_w1" custom="readingOrder {index:0;}">
                    <Coords points="1683,4138 1683,4198 1755,4198 1755,4138"/>
                    <TextEquiv>
                        <Unicode>men</Unicode>
                    </TextEquiv>
                </Word>
                <TextEquiv>
                    <Unicode>men</Unicode>
                </TextEquiv>
            </TextLine>
            <TextLine id="tr_1_tl_121" custom="readingOrder {index:120;}">
                <Coords points="1816,4189 2825,4211 2864,4204 2864,4148 1814,4145"/>
                <Baseline points="1829,4172 1883,4178 1938,4178 1993,4178 2047,4178 2102,4181 2157,4180 2211,4180 2266,4181 2321,4181 2375,4184 2430,4184 2485,4184 2539,4184 2594,4184 2649,4187 2703,4189 2758,4190 2813,4190 2868,4193"/>
                <Word id="tr_1_tl_121_w1" custom="readingOrder {index:0;}">
                    <Coords points="1814,4132 1814,4192 1819,4192 1819,4132"/>
                    <TextEquiv>
                        <Unicode>-</Unicode>
                    </TextEquiv>
                </Word>
                <Word id="tr_1_tl_121_w2" custom="readingOrder {index:1;}">
                    <Coords points="1841,4138 1841,4198 1927,4198 1927,4138"/>
                    <TextEquiv>
                        <Unicode>durch</Unicode>
                    </TextEquiv>
                </Word>
                <Word id="tr_1_tl_121_w3" custom="readingOrder {index:2;}">
                    <Coords points="1955,4138 1955,4198 2024,4198 2024,4138"/>
                    <TextEquiv>
                        <Unicode>eine</Unicode>
                    </TextEquiv>
                </Word>
                <Word id="tr_1_tl_121_w4" custom="readingOrder {index:3;}">
                    <Coords points="2047,4140 2047,4200 2214,4200 2214,4140"/>
                    <TextEquiv>
                        <Unicode>klingende</Unicode>
                    </TextEquiv>
                </Word>
                <Word id="tr_1_tl_121_w5" custom="readingOrder {index:4;}">
                    <Coords points="2241,4141 2241,4201 2332,4201 2332,4141"/>
                    <TextEquiv>
                        <Unicode>blaue</Unicode>
                    </TextEquiv>
                </Word>
                <Word id="tr_1_tl_121_w6" custom="readingOrder {index:5;}">
                    <Coords points="2360,4144 2360,4204 2473,4204 2473,4144"/>
                    <TextEquiv>
                        <Unicode>Nacht,</Unicode>
                    </TextEquiv>
                </Word>
                <Word id="tr_1_tl_121_w7" custom="readingOrder {index:6;}">
                    <Coords points="2495,4144 2495,4204 2538,4204 2538,4144"/>
                    <TextEquiv>
                        <Unicode>die</Unicode>
                    </TextEquiv>
                </Word>
                <Word id="tr_1_tl_121_w8" custom="readingOrder {index:7;}">
                    <Coords points="2565,4146 2565,4206 2700,4206 2700,4146"/>
                    <TextEquiv>
                        <Unicode>niemals</Unicode>
                    </TextEquiv>
                </Word>
                <Word id="tr_1_tl_121_w9" custom="readingOrder {index:8;}">
                    <Coords points="2728,4149 2728,4209 2776,4209 2776,4149"/>
                    <TextEquiv>
                        <Unicode>für</Unicode>
                    </TextEquiv>
                </Word>
                <Word id="tr_1_tl_121_w10" custom="readingOrder {index:9;}">
                    <Coords points="2798,4150 2798,4210 2846,4210 2846,4150"/>
                    <TextEquiv>
                        <Unicode>ihn</Unicode>
                    </TextEquiv>
                </Word>
                <TextEquiv>
                    <Unicode>- durch eine klingende blaue Nacht, die niemals für ihn</Unicode>
                </TextEquiv>
            </TextLine>
            <TextLine id="tr_1_tl_122" custom="readingOrder {index:121;}">
                <Coords points="427,4223 1623,4243 1594,4197 427,4179"/>
                <Baseline points="441,4217 500,4218 559,4220 618,4220 678,4220 737,4222 796,4223 855,4223 915,4225 974,4226 1033,4226 1092,4228 1152,4229 1211,4229 1270,4229 1329,4231 1389,4232 1448,4232 1507,4232 1566,4232 1626,4232"/>
                <Word id="tr_1_tl_122_w1" custom="readingOrder {index:0;}">
                    <Coords points="433,4177 433,4237 497,4237 497,4177"/>
                    <TextEquiv>
                        <Unicode>und</Unicode>
                    </TextEquiv>
                </Word>
                <Word id="tr_1_tl_122_w2" custom="readingOrder {index:1;}">
                    <Coords points="519,4180 519,4240 725,4240 725,4180"/>
                    <TextEquiv>
                        <Unicode>zuschlossen,</Unicode>
                    </TextEquiv>
                </Word>
                <Word id="tr_1_tl_122_w3" custom="readingOrder {index:2;}">
                    <Coords points="742,4183 742,4243 937,4243 937,4183"/>
                    <TextEquiv>
                        <Unicode>schnappend</Unicode>
                    </TextEquiv>
                </Word>
                <Word id="tr_1_tl_122_w4" custom="readingOrder {index:3;}">
                    <Coords points="959,4186 959,4246 1018,4246 1018,4186"/>
                    <TextEquiv>
                        <Unicode>wie</Unicode>
                    </TextEquiv>
                </Word>
                <Word id="tr_1_tl_122_w5" custom="readingOrder {index:4;}">
                    <Coords points="1040,4189 1040,4249 1344,4249 1344,4189"/>
                    <TextEquiv>
                        <Unicode>Krokodilmäuler.</Unicode>
                    </TextEquiv>
                </Word>
                <Word id="tr_1_tl_122_w6" custom="readingOrder {index:5;}">
                    <Coords points="1360,4192 1360,4252 1469,4252 1469,4192"/>
                    <TextEquiv>
                        <Unicode>Dabei</Unicode>
                    </TextEquiv>
                </Word>
                <Word id="tr_1_tl_122_w7" custom="readingOrder {index:6;}">
                    <Coords points="1486,4192 1486,4252 1620,4252 1620,4192"/>
                    <TextEquiv>
                        <Unicode>dauerte</Unicode>
                    </TextEquiv>
                </Word>
                <TextEquiv>
                    <Unicode>und zuschlossen, schnappend wie Krokodilmäuler. Dabei dauerte</Unicode>
                </TextEquiv>
            </TextLine>
            <TextLine id="tr_1_tl_123" custom="readingOrder {index:122;}">
                <Coords points="1680,4238 2805,4262 2856,4250 2854,4206 1677,4187"/>
                <Baseline points="1692,4226 1750,4226 1809,4226 1867,4226 1926,4226 1984,4226 2043,4226 2101,4229 2160,4229 2218,4229 2277,4232 2335,4232 2394,4232 2452,4232 2511,4235 2569,4235 2628,4235 2686,4235 2745,4237 2803,4238 2862,4238"/>
                <Word id="tr_1_tl_123_w1" custom="readingOrder {index:0;}">
                    <Coords points="1683,4186 1683,4246 1776,4246 1776,4186"/>
                    <TextEquiv>
                        <Unicode>enden</Unicode>
                    </TextEquiv>
                </Word>
                <Word id="tr_1_tl_123_w2" custom="readingOrder {index:1;}">
                    <Coords points="1810,4186 1810,4246 1926,4246 1926,4186"/>
                    <TextEquiv>
                        <Unicode>durfte.</Unicode>
                    </TextEquiv>
                </Word>
                <Word id="tr_1_tl_123_w3" custom="readingOrder {index:2;}">
                    <Coords points="1954,4186 1954,4246 2019,4246 2019,4186"/>
                    <TextEquiv>
                        <Unicode>Und</Unicode>
                    </TextEquiv>
                </Word>
                <Word id="tr_1_tl_123_w4" custom="readingOrder {index:3;}">
                    <Coords points="2048,4186 2048,4246 2075,4246 2075,4186"/>
                    <TextEquiv>
                        <Unicode>er</Unicode>
                    </TextEquiv>
                </Word>
                <Word id="tr_1_tl_123_w5" custom="readingOrder {index:4;}">
                    <Coords points="2103,4189 2103,4249 2224,4249 2224,4189"/>
                    <TextEquiv>
                        <Unicode>wußte,</Unicode>
                    </TextEquiv>
                </Word>
                <Word id="tr_1_tl_123_w6" custom="readingOrder {index:5;}">
                    <Coords points="2241,4191 2241,4251 2296,4251 2296,4191"/>
                    <TextEquiv>
                        <Unicode>daß</Unicode>
                    </TextEquiv>
                </Word>
                <Word id="tr_1_tl_123_w7" custom="readingOrder {index:6;}">
                    <Coords points="2324,4192 2324,4252 2356,4252 2356,4192"/>
                    <TextEquiv>
                        <Unicode>er</Unicode>
                    </TextEquiv>
                </Word>
                <Word id="tr_1_tl_123_w8" custom="readingOrder {index:7;}">
                    <Coords points="2379,4192 2379,4252 2478,4252 2478,4192"/>
                    <TextEquiv>
                        <Unicode>diesen</Unicode>
                    </TextEquiv>
                </Word>
                <Word id="tr_1_tl_123_w9" custom="readingOrder {index:8;}">
                    <Coords points="2506,4195 2506,4255 2633,4255 2633,4195"/>
                    <TextEquiv>
                        <Unicode>gleichen</Unicode>
                    </TextEquiv>
                </Word>
                <Word id="tr_1_tl_123_w10" custom="readingOrder {index:9;}">
                    <Coords points="2667,4195 2667,4255 2738,4255 2738,4195"/>
                    <TextEquiv>
                        <Unicode>Weg</Unicode>
                    </TextEquiv>
                </Word>
                <Word id="tr_1_tl_123_w11" custom="readingOrder {index:10;}">
                    <Coords points="2766,4198 2766,4258 2843,4258 2843,4198"/>
                    <TextEquiv>
                        <Unicode>schon</Unicode>
                    </TextEquiv>
                </Word>
                <TextEquiv>
                    <Unicode>enden durfte. Und er wußte, daß er diesen gleichen Weg schon</Unicode>
                </TextEquiv>
            </TextLine>
            <TextLine id="tr_1_tl_124" custom="readingOrder {index:123;}">
                <Coords points="437,4289 1316,4289 1316,4243 1267,4236 437,4226"/>
                <Baseline points="450,4268 493,4265 537,4265 580,4265 624,4265 668,4265 711,4265 755,4267 798,4268 842,4270 886,4273 929,4274 973,4272 1016,4269 1060,4272 1104,4274 1147,4276 1191,4277 1234,4277 1278,4276 1322,4274"/>
                <Word id="tr_1_tl_124_w1" custom="readingOrder {index:0;}">
                    <Coords points="441,4226 441,4286 498,4286 498,4226"/>
                    <TextEquiv>
                        <Unicode>das</Unicode>
                    </TextEquiv>
                </Word>
                <Word id="tr_1_tl_124_w2" custom="readingOrder {index:1;}">
                    <Coords points="521,4225 521,4285 650,4285 650,4225"/>
                    <TextEquiv>
                        <Unicode>Klopfen</Unicode>
                    </TextEquiv>
                </Word>
                <Word id="tr_1_tl_124_w3" custom="readingOrder {index:2;}">
                    <Coords points="680,4226 680,4286 795,4286 795,4226"/>
                    <TextEquiv>
                        <Unicode>immer</Unicode>
                    </TextEquiv>
                </Word>
                <Word id="tr_1_tl_124_w4" custom="readingOrder {index:3;}">
                    <Coords points="817,4230 817,4290 875,4290 875,4230"/>
                    <TextEquiv>
                        <Unicode>fort</Unicode>
                    </TextEquiv>
                </Word>
                <Word id="tr_1_tl_124_w5" custom="readingOrder {index:4;}">
                    <Coords points="898,4233 898,4293 955,4293 955,4233"/>
                    <TextEquiv>
                        <Unicode>und</Unicode>
                    </TextEquiv>
                </Word>
                <Word id="tr_1_tl_124_w6" custom="readingOrder {index:5;}">
                    <Coords points="977,4229 977,4289 1063,4289 1063,4229"/>
                    <TextEquiv>
                        <Unicode>schien</Unicode>
                    </TextEquiv>
                </Word>
                <Word id="tr_1_tl_124_w7" custom="readingOrder {index:6;}">
                    <Coords points="1093,4235 1093,4295 1186,4295 1186,4235"/>
                    <TextEquiv>
                        <Unicode>sogar</Unicode>
                    </TextEquiv>
                </Word>
                <Word id="tr_1_tl_124_w8" custom="readingOrder {index:7;}">
                    <Coords points="1202,4236 1202,4296 1295,4296 1295,4236"/>
                    <TextEquiv>
                        <Unicode>stärke</Unicode>
                    </TextEquiv>
                </Word>
                <TextEquiv>
                    <Unicode>das Klopfen immer fort und schien sogar stärke</Unicode>
                </TextEquiv>
            </TextLine>
            <TextLine id="tr_1_tl_125" custom="readingOrder {index:124;}">
                <Coords points="1418,4292 1611,4289 1611,4240 1526,4238 1516,4245 1506,4238 1418,4240"/>
                <Baseline points="1432,4274 1458,4276 1484,4277 1511,4277 1537,4277 1564,4277 1590,4277 1617,4274"/>
                <Word id="tr_1_tl_125_w1" custom="readingOrder {index:0;}">
                    <Coords points="1419,4237 1419,4297 1601,4297 1601,4237"/>
                    <TextEquiv>
                        <Unicode>dringende</Unicode>
                    </TextEquiv>
                </Word>
                <TextEquiv>
                    <Unicode>dringende</Unicode>
                </TextEquiv>
            </TextLine>
            <TextLine id="tr_1_tl_126" custom="readingOrder {index:125;}">
                <Coords points="1680,4280 2856,4301 2839,4248 1680,4240"/>
                <Baseline points="1692,4277 1750,4271 1808,4271 1867,4274 1925,4272 1983,4274 2042,4274 2100,4274 2158,4277 2217,4279 2275,4280 2333,4280 2392,4280 2450,4283 2508,4283 2567,4283 2625,4283 2683,4286 2742,4286 2800,4288 2859,4286"/>
                <Word id="tr_1_tl_126_w1" custom="readingOrder {index:0;}">
                    <Coords points="1681,4231 1681,4291 1888,4291 1888,4231"/>
                    <TextEquiv>
                        <Unicode>tausendaml</Unicode>
                    </TextEquiv>
                </Word>
                <Word id="tr_1_tl_126_w2" custom="readingOrder {index:1;}">
                    <Coords points="1912,4234 1912,4294 2119,4294 2119,4234"/>
                    <TextEquiv>
                        <Unicode>dahingerast</Unicode>
                    </TextEquiv>
                </Word>
                <Word id="tr_1_tl_126_w3" custom="readingOrder {index:2;}">
                    <Coords points="2143,4237 2143,4297 2200,4297 2200,4237"/>
                    <TextEquiv>
                        <Unicode>und</Unicode>
                    </TextEquiv>
                </Word>
                <Word id="tr_1_tl_126_w4" custom="readingOrder {index:3;}">
                    <Coords points="2235,4239 2235,4299 2292,4299 2292,4239"/>
                    <TextEquiv>
                        <Unicode>daß</Unicode>
                    </TextEquiv>
                </Word>
                <Word id="tr_1_tl_126_w5" custom="readingOrder {index:4;}">
                    <Coords points="2322,4240 2322,4300 2367,4300 2367,4240"/>
                    <TextEquiv>
                        <Unicode>ihm</Unicode>
                    </TextEquiv>
                </Word>
                <Word id="tr_1_tl_126_w6" custom="readingOrder {index:5;}">
                    <Coords points="2414,4243 2414,4303 2576,4303 2576,4243"/>
                    <TextEquiv>
                        <Unicode>bestimmt</Unicode>
                    </TextEquiv>
                </Word>
                <Word id="tr_1_tl_126_w7" custom="readingOrder {index:6;}">
                    <Coords points="2599,4243 2599,4303 2680,4303 2680,4243"/>
                    <TextEquiv>
                        <Unicode>war,</Unicode>
                    </TextEquiv>
                </Word>
                <Word id="tr_1_tl_126_w8" custom="readingOrder {index:7;}">
                    <Coords points="2698,4246 2698,4306 2743,4306 2743,4246"/>
                    <TextEquiv>
                        <Unicode>ihn</Unicode>
                    </TextEquiv>
                </Word>
                <Word id="tr_1_tl_126_w9" custom="readingOrder {index:8;}">
                    <Coords points="2778,4247 2778,4307 2847,4307 2847,4247"/>
                    <TextEquiv>
                        <Unicode>noch</Unicode>
                    </TextEquiv>
                </Word>
                <TextEquiv>
                    <Unicode>tausendaml dahingerast und daß ihm bestimmt war, ihn noch</Unicode>
                </TextEquiv>
            </TextLine>
            <TextEquiv>
                <Unicode></Unicode>
            </TextEquiv>
        </TextRegion>
    </Page>
</PcGts>
