3392 4352
222 306 344 366 12.

412 315 999 375 Schnitzler's
1069 312 1299 372 Death

729 792 992 852 OBS

1120 797 1449 857 ERVER

810 846 840 906 I.
858 852 974 912 österr.
992 856 1139 916 behördl.
1161 861 1451 921 konzessioniertes

783 894 1007 954 Unternehmen
1039 896 1082 956 für
1109 903 1475 963 Zeitungs-Ausschnitte

836 951 978 1011 WIEN,
993 958 1040 1018 I.,
1061 962 1348 1022 WOLLZEILE
1389 965 1436 1025 11

917 1010 1130 1070 TELEPHON
1168 1013 1339 1073 R-23-0-43

717 1147 937 1207 Ausschnitt
966 1150 1031 1210 aus

1005 1251 1206 1311 Nonigkeits
1227 1234 1420 1294 Weltblatt,
1439 1220 1549 1280 Wien,

708 1371 825 1431 vom:

1028 1423 1169 1483 23.0

646 1615 716 1675 Nr.
736 1617 788 1677 245

1155 1625 1272 1685 Wien,
1296 1628 1432 1688 Freitag

616 1694 1443 1754 gooooo

690 1775 1000 1835 Theater
1053 1783 1183 1843 und
1244 1780 1475 1840 Kunst

597 1843 1567 1903 ee.

624 1905 696 1965 Der
726 1909 887 1969 Dichter
932 1910 997 1970 des
1034 1914 1224 1974 „Jungen
1269 1913 1531 1973 Medardus“

971 1977 1206 2037 gestorben.

752 2036 942 2096 Plötzlicher
972 2037 1035 2097 Tod
1065 2038 1175 2098 Artur
1198 2040 1418 2100 Schnitzlers.

639 2097 707 2157 Der
734 2100 908 2160 bekannte
930 2100 1188 2160 österreichische
1215 2103 1347 2163 Dichter
1374 2105 1442 2165 Dr.
1459 2103 1564 2163 Artur

596 2144 850 2204 Schnitzler
903 2147 945 2207 ist
994 2147 1120 2207 gestern
1179 2150 1312 2210 abends
1365 2150 1397 2210 in
1456 2150 1566 2210 seiner

600 2192 779 2252 Wohnung
811 2194 836 2254 in
873 2194 929 2254 der
955 2195 1294 2255 Sternwartestraße
1326 2197 1418 2257 einem
1464 2199 1567 2259 Herz¬

603 2239 695 2299 schlag
726 2243 881 2303 erlegen,
912 2240 1057 2300 nachdem
1104 2243 1139 2303 er
1166 2244 1253 2304 schon
1300 2245 1367 2305 seit
1403 2246 1563 2306 längerer

601 2289 671 2349 Zeit
701 2288 741 2348 an
787 2288 882 2348 einer
923 2291 1346 2351 Herzmuskelentartung
1392 2294 1563 2354 erkrankt

595 2333 684 2393 war.
706 2336 890 2396 Schnitzler
923 2338 964 2398 ist
991 2335 1091 2395 ruhig
1123 2338 1191 2398 und
1229 2339 1334 2399 sanft,
1361 2339 1397 2399 an
1435 2338 1545 2398 seinem

596 2380 810 2440 Schreibtisch
840 2385 970 2445 sitzend,
994 2386 1219 2446 verschieden.

814 2494 878 2554 Der
904 2494 1092 2554 Lebenslauf
1113 2495 1162 2555 des
1188 2497 1346 2557 Dichters.

628 2558 726 2618 Artur
756 2560 987 2620 Schnitzler
1017 2559 1080 2619 war
1110 2559 1164 2619 der
1194 2561 1267 2621 1862
1297 2562 1445 2622 geborene
1480 2563 1558 2623 Sohn

588 2604 635 2664 des
670 2606 789 2666 Wiener
818 2607 1049 2667 Laryngologen
1079 2607 1174 2667 Prof.
1185 2609 1242 2669 Dr.
1257 2610 1372 2670 Johann
1396 2610 1573 2670 Schnitzler,

592 2652 669 2712 eines
706 2655 892 2715 Gelehrten,
924 2654 974 2714 der
1011 2654 1097 2714 durch
1134 2655 1234 2715 seinen
1275 2655 1375 2715 Beruf
1407 2656 1475 2716 viel
1508 2657 1566 2717 mit

588 2700 639 2760 den
677 2700 910 2760 Schauspieler=
939 2700 995 2760 und
1028 2703 1276 2763 Sängerkreisen
1314 2703 1342 2763 in
1375 2703 1562 2763 Berührung

587 2747 641 2807 kam
687 2747 747 2807 und
779 2747 806 2807 in
843 2747 938 2807 seinem
984 2747 1070 2807 Haus
1103 2747 1185 2807 einen
1226 2750 1363 2810 „Salon“
1395 2750 1514 2810 führte,
1537 2750 1559 2810 in

588 2796 637 2856 dem
688 2795 733 2855 die
770 2795 970 2855 Kapazitäten
1011 2795 1061 2855 des
1098 2797 1234 2857 geistigen
1275 2797 1357 2857 Wien
1398 2795 1471 2855 aus-
1503 2798 1561 2858 und

587 2846 764 2906 eingingen.
794 2842 832 2902 In
876 2842 972 2902 dieser
1006 2843 1208 2903 Atmosphäre
1247 2843 1343 2903 wuchs
1382 2843 1434 2903 der
1468 2846 1559 2906 junge

592 2892 746 2952 Schnitzler
789 2891 880 2951 heran
929 2890 986 2950 und
1025 2890 1130 2950 wurde
1175 2891 1260 2951 durch
1310 2892 1347 2952 sie
1381 2894 1569 2954 beeinflußt.

586 2938 762 2998 Frühzeitig
792 2938 907 2998 begann
945 2936 974 2996 er
1008 2938 1165 2998 Literatur
1195 2938 1223 2998 zu
1262 2938 1396 2998 treiben,
1421 2938 1559 2998 studierte

587 2986 661 3046 dann
695 2986 825 3046 Medizin
858 2986 914 3046 und
947 2986 1045 3046 wurde
1073 2986 1124 3046 der
1148 2986 1293 3046 Assistent
1317 2986 1409 3046 seines
1438 2986 1568 3046 Vaters.

589 3034 703 3094 Später
732 3034 832 3094 rückte
861 3034 889 3094 er
919 3034 971 3094 zum
1015 3034 1139 3094 Militär
1168 3034 1205 3094 ein
1245 3034 1297 3094 und
1331 3034 1397 3094 ging
1427 3034 1474 3094 als
1503 3032 1560 3092 Re¬

587 3080 794 3140 gimentsarzt
819 3080 843 3140 in
874 3082 917 3142 die
942 3082 1090 3142 Reserve.
1110 3080 1199 3140 Diese
1224 3082 1342 3142 Charge
1372 3082 1475 3142 wurde
1505 3082 1549 3142 ihm

585 3127 657 3187 aber
694 3128 798 3188 später
835 3127 1026 3187 aberkannt,
1067 3126 1113 3186 als
1163 3126 1194 3186 er
1241 3128 1268 3188 in
1314 3128 1395 3188 einer
1437 3129 1559 3189 Novelle

587 3174 764 3234 „Leutnant
802 3173 908 3233 Gustl“
946 3173 1011 3233 eine
1049 3175 1198 3235 abfällige
1231 3176 1435 3236 Schilderung
1478 3176 1556 3236 eines

582 3222 833 3282 österreichischen
870 3224 1016 3284 Offiziers
1047 3222 1112 3282 bot.
1133 3222 1193 3282 Dr.
1214 3225 1375 3285 Schnitzler
1406 3224 1487 3284 warf
1512 3225 1557 3285 sich

586 3271 641 3331 nun
674 3271 748 3331 ganz
772 3270 827 3330 auf
851 3270 892 3330 die
917 3270 1098 3330 literarische
1126 3270 1285 3330 Tätigkeit
1309 3270 1364 3330 und
1392 3270 1415 3330 in
1444 3273 1559 3333 rascher

586 3318 785 3378 Reihenfolge
828 3317 991 3377 erschienen
1038 3318 1285 3378 Theaterstücke,
1313 3318 1457 3378 Romane
1499 3319 1555 3379 und

586 3362 749 3422 Novellen,
768 3362 813 3422 die
836 3363 881 3423 ihm
918 3362 968 3422 den
1000 3363 1063 3423 Ruf
1082 3364 1163 3424 eines
1191 3364 1241 3424 der
1264 3365 1555 3425 hervorragendsten

583 3410 832 3470 österreichischen
876 3410 996 3470 Dichter
1030 3412 1241 3472 einbrachten.
1289 3411 1332 3471 Zu
1376 3413 1472 3473 seinen
1515 3413 1563 3473 be¬

581 3458 772 3518 deutendsten
813 3458 1067 3518 Bühnenwerken
1122 3460 1208 3520 zählt
1254 3460 1321 3520 man
1367 3459 1413 3519 die
1445 3461 1558 3521 Stücke

587 3506 773 3566 „Liebelei“,
811 3508 889 3568 „Der
927 3508 1015 3568 junge
1053 3509 1262 3569 Medardus“,
1304 3509 1387 3569 „Der
1421 3509 1555 3569 einsame

588 3552 688 3612 Weg",
718 3552 765 3612 die
800 3556 962 3616 amüsante
1002 3553 1266 3613 „Anatol“=Serie
1300 3556 1338 3616 u.
1367 3556 1401 3616 v.
1425 3556 1463 3616 a.
1502 3556 1554 3616 Die

583 3601 708 3661 Werke,
737 3601 783 3661 die
812 3601 844 3661 er
877 3601 900 3661 in
938 3602 1035 3662 seinen
1073 3601 1170 3661 letzten
1209 3601 1433 3661 Lebensjahren
1470 3602 1563 3662 schuf,

587 3649 689 3709 fanden
732 3649 829 3709 wegen
872 3649 956 3709 ihres
993 3650 1231 3710 grüblerischen,
1260 3649 1339 3709 nicht
1372 3649 1460 3709 leicht
1493 3650 1558 3710 ver¬

583 3697 756 3757 ständlichen
799 3697 930 3757 Inhalts
968 3697 1019 3757 bei
1048 3697 1099 3757 dem
1151 3697 1310 3757 Publikum
1362 3697 1441 3757 nicht
1475 3697 1559 3757 mehr

581 3748 665 3808 jenen
698 3745 861 3805 Anklang,
885 3744 936 3804 den
969 3745 1147 3805 Schnitzlers
1180 3745 1278 3805 ältere
1306 3745 1418 3805 Stücke
1451 3744 1558 3804 gefun¬

583 3793 637 3853 den
677 3795 794 3855 hatten.
824 3798 928 3858 Dieser
962 3795 1124 3855 Umstand,
1150 3798 1237 3858 sowie
1273 3797 1400 3857 Unglück
1440 3795 1464 3855 in
1504 3793 1558 3853 der

1528 312 1650 372 box
1728 318 1913 378 42/9

1882 1625 2325 1685 Neuigkeits=Welt=Blatt

1621 1718 1746 1778 Familie
1779 1715 1793 1775 —
1849 1716 1895 1776 die
1924 1715 2049 1775 Tochter
2082 1715 2133 1775 des
2166 1715 2319 1775 Dichters,
2348 1714 2394 1774 die
2422 1713 2459 1773 an
2497 1712 2580 1772 einen

1620 1763 1816 1823 italienischen
1858 1762 1989 1822 Offizier
2027 1760 2213 1820 verheiratet
2251 1761 2331 1821 war,
2359 1762 2410 1822 hat
2448 1762 2494 1822 sich
2532 1759 2587 1819 vor

1615 1813 1729 1873 einigen
1768 1810 1887 1870 Jahren
1926 1810 1959 1870 am
2012 1810 2084 1870 Lido
2118 1810 2146 1870 in
2185 1809 2314 1869 Venedig
2353 1807 2510 1867 erschossen
2544 1802 2558 1862 -

1621 1859 1747 1919 lähmten
1812 1858 1897 1918 nebst
1925 1857 2102 1917 Krankheit
2153 1855 2202 1915 die
2239 1855 2494 1915 Schaffenskraft
2535 1854 2584 1914 des

1618 1905 1771 1965 Dichters.
1790 1903 1855 1963 Nun
1884 1904 1934 1964 hat
1958 1903 2000 1963 ihn
2033 1903 2079 1963 der
2103 1903 2163 1963 Tod
2192 1901 2233 1961 jäh
2261 1902 2312 1962 von
2345 1901 2438 1961 seinem
2476 1901 2578 1961 Leiden

1618 1952 1720 2012 erlöst.
1739 1950 1831 2010 Seine
1855 1950 1948 2010 Name
1972 1950 2041 2010 aber
2065 1948 2135 2008 wird
2159 1948 2182 2008 in
2210 1947 2256 2007 der
2275 1949 2587 2009 Literaturgeschichte

1621 2001 1799 2061 fortleben.
