3436 4352
228 303 373 363 12.

419 304 741 364 Schnitz

932 306 1304 366 sDeath

799 965 1145 1025 ERVER

430 974 775 1034 OBSI

522 1036 544 1096 I.
558 1031 677 1091 österr.
687 1027 837 1087 behördl.
852 1022 1149 1082 konzessioniertes

476 1075 710 1135 Unternehmen
741 1067 790 1127 für
817 1061 1201 1121 Zeitungs-Ausschnitte

533 1128 682 1188 WIEN,
703 1131 757 1191 I.,
778 1127 1063 1187 WOLLZEILE
1112 1121 1158 1181 11

624 1180 842 1240 TELEPHON
880 1175 1051 1235 R-23-0-43

430 1329 649 1389 Ausschnitt
679 1324 767 1384 aus:

697 1455 936 1515 Salzburger
973 1449 1211 1509 Velkublatt.

439 1553 554 1613 vom:

769 1562 787 1622 2
828 1565 877 1625 3.
898 1565 946 1625 OK

399 1676 697 1736 Theater,
721 1678 905 1738 Kunft
941 1674 1044 1734 und
1091 1670 1320 1730 Musii.

564 1762 636 1822 Zum
680 1761 773 1821 Tode
803 1759 920 1819 Artur
942 1756 1166 1816 Schnitzlers.

348 1827 416 1887 Mit
440 1827 607 1887 Schnißler
648 1825 774 1885 scheidet
815 1822 883 1882 eine
919 1822 976 1882 der
1012 1819 1253 1879 bedeutendsten
1300 1816 1438 1876 Dichter¬

280 1879 401 1939 figuren
434 1875 619 1935 Österreichs
651 1873 709 1933 aus
736 1873 788 1933 dem
831 1871 952 1931 Leben.
985 1871 1154 1931 Schnitzler
1181 1867 1260 1927 lebte
1287 1867 1334 1927 die
1361 1864 1440 1924 letzte

294 1927 357 1987 Zeit
384 1926 452 1986 sehr
479 1925 742 1985 zurückgezogen.
780 1921 885 1981 Seine
918 1918 1022 1978 zweite
1055 1918 1133 1978 Frau
1171 1918 1255 1978 hatte
1287 1914 1334 1974 ihn
1371 1911 1445 1971 ver¬

285 1975 396 2035 lassen,
418 1974 470 2034 sein
502 1971 618 2031 Sohn,
640 1971 687 2031 der
714 1968 935 2028 Schauspieler
963 1968 1020 2028 und
1052 1966 1216 2026 Regisseur
1243 1965 1269 2025 in
1301 1961 1449 2021 Deutsch¬

285 2022 356 2082 land
383 2022 428 2082 ist,
445 2022 511 2082 war
532 2020 578 2080 die
599 2019 701 2079 meiste
722 2016 794 2076 Zeit
815 2016 871 2076 vom
908 2015 1108 2075 Vaterhause
1129 2013 1314 2073 abwesend.
1330 2008 1432 2068 Tiefen

291 2072 438 2132 Schmerz
465 2070 518 2130 hat
545 2070 719 2130 Schnitzler
746 2067 803 2127 das
835 2065 988 2125 Schicksal
1010 2061 1110 2121 seiner
1143 2062 1280 2122 einzigen
1317 2058 1443 2118 Tochter

285 2120 434 2180 bereitet.
470 2118 531 2178 Sie
563 2118 645 2178 hatte
681 2117 727 2177 sich
764 2115 861 2175 gegen
897 2113 953 2173 den
990 2112 1102 2172 Willen
1144 2109 1195 2169 des
1232 2111 1350 2171 Vaters
1386 2109 1447 2169 mit

289 2167 375 2227 einem
419 2165 624 2225 italienischen
663 2166 798 2226 Offizier
831 2162 1041 2222 verheiratet.
1075 2159 1247 2219 Schnitzler
1275 2156 1367 2216 fügte
1400 2154 1442 2214 sich

294 2216 447 2276 schließlich
485 2215 537 2275 dem
586 2213 840 2273 Lebenswunsch
878 2210 930 2270 des
969 2210 1090 2270 Kindes
1128 2207 1186 2267 und
1218 2206 1361 2266 besuchte
1394 2203 1451 2263 das

289 2264 579 2324 jungverheiratete
617 2263 791 2323 Ehepaar,
823 2261 880 2321 das
918 2258 1124 2318 anscheinend
1161 2255 1272 2315 restlos
1315 2255 1446 2315 glücklich

291 2313 373 2373 war,
400 2314 430 2374 in
477 2312 711 2372 Venedig.
753 2309 856 2369 Eines
898 2309 1006 2369 Tages
1048 2306 1121 2366 aber
1163 2304 1276 2364 erhielt
1313 2303 1344 2363 er
1381 2303 1453 2363 nach

292 2360 379 2420 Wien
419 2360 462 2420 die
490 2360 667 2420 furchtbare
700 2359 877 2419 Nachricht,
905 2358 959 2418 daß
999 2356 1042 2416 die
1071 2354 1169 2414 junge
1203 2353 1285 2413 Frau
1319 2350 1368 2410 sich
1402 2347 1451 2407 er¬

293 2410 408 2470 schossen
441 2409 536 2469 habe.
563 2407 610 2467 Es
631 2407 721 2467 rollte
748 2407 795 2467 sich
822 2407 890 2467 eine
917 2404 1076 2464 Tragödie
1103 2402 1155 2462 der
1182 2398 1277 2458 Liebe
1304 2401 1372 2461 auf,
1389 2398 1446 2458 und

291 2461 456 2521 Schnitzler
487 2458 544 2518 hat
575 2458 626 2518 den
663 2458 818 2518 Schmerz
849 2455 988 2515 darüber
1020 2452 1159 2512 niemals
1196 2449 1412 2509 verwunden.

355 2516 523 2576 Schnitzler
550 2515 608 2575 hat
630 2515 677 2575 die
704 2515 782 2575 letzte
815 2515 888 2575 Zeit
910 2514 946 2574 an
978 2512 1062 2572 einem
1110 2509 1231 2569 Drama
1264 2506 1458 2566 gearbeitet,

294 2566 348 2626 das
386 2566 516 2626 ziemlich
554 2565 630 2625 weit
663 2564 901 2624 vorgeschritten
940 2561 993 2621 ist.
1027 2559 1069 2619 Es
1108 2556 1194 2616 sollte
1227 2556 1302 2616 nach
1335 2554 1438 2614 seinem

298 2615 403 2675 Plane
440 2613 492 2673 den
540 2613 630 2673 Titel
662 2612 772 2672 „Der
810 2610 1047 2670 Schatten“
1089 2606 1221 2666 führen.
1269 2598 1348 2658 Noch
1401 2601 1458 2661 bei

296 2664 389 2724 seinen
449 2661 611 2721 Lebzeiten
670 2661 724 2721 hat
784 2658 837 2718 der
902 2658 1024 2718 Dichter
1084 2655 1142 2715 den
1207 2652 1452 2712 Dramaturgen

296 2710 345 2770 der
371 2708 703 2768 Neinhardt=Bühnen
734 2708 758 2768 in
794 2706 900 2766 Berlin
931 2706 991 2766 Dr.
1006 2706 1112 2766 Franz
1137 2703 1288 2763 Horch,
1304 2702 1363 2762 mit
1384 2700 1434 2760 dem

295 2761 329 2821 er
359 2759 427 2819 sehr
457 2759 648 2819 befreundet
678 2759 761 2819 war,
786 2757 844 2817 zum
895 2753 1076 2813 Verwalter
1111 2750 1208 2810 seines
1243 2750 1449 2810 literarischen

288 2811 474 2871 Nachlasses
512 2810 686 2870 bestimmt.
717 2807 759 2867 In
796 2807 892 2867 diesen
929 2804 1068 2864 Nachlaß
1105 2804 1164 2864 soll
1189 2801 1238 2861 sich
1269 2802 1304 2862 u.
1329 2800 1364 2860 a.
1389 2797 1455 2857 eine

321 2886 418 2946 große
442 2882 758 2942 autobiographische
794 2879 914 2939 Arbeit
944 2878 1110 2938 befinden,
1140 2875 1174 2935 an
1215 2873 1272 2933 der
1307 2871 1474 2931 Schnitzler

317 2932 398 2992 viele
426 2932 529 2992 Jahre
552 2929 732 2989 gearbeitet
754 2927 824 2987 hat.

386 2990 444 3050 Die
466 2986 671 3046 Beerdigung
698 2986 750 3046 des
777 2986 919 3046 Dichters
946 2983 1020 3043 wird
1047 2983 1067 3043 in
1100 2982 1146 3042 der
1174 2980 1347 3040 einfachsten
1380 2977 1463 3037 Form

317 3040 473 3100 erfolgen.
506 3036 673 3096 Schnitzler
701 3034 755 3094 hat
777 3034 820 3094 ein
853 3034 1036 3094 Testament
1058 3030 1280 3090 hinterlassen,
1297 3028 1323 3088 in
1351 3026 1404 3086 dem
1448 3025 1480 3085 er

323 3087 466 3147 folgende
494 3085 720 3145 Verfügungen
754 3082 902 3142 getroffen
936 3082 1001 3142 hat:
1035 3079 1217 3139 „Herzstich,
1240 3076 1316 3136 keine
1344 3076 1487 3136 Kränze,

323 3135 407 3195 keine
434 3132 555 3192 Parte,
577 3132 645 3192 auch
688 3130 714 3190 in
757 3131 809 3191 der
852 3129 989 3189 Zeitung
1026 3129 1126 3189 nicht,
1153 3124 1343 3184 Begräbnis
1381 3124 1486 3184 letzter

325 3183 441 3243 Klasse.
468 3182 542 3242 Das
569 3181 659 3241 durch
691 3180 871 3240 Befolgung
903 3177 1003 3237 dieser
1030 3176 1289 3236 Bestimmungen
1327 3171 1485 3231 erübrigte

323 3231 405 3291 Geld
431 3230 466 3290 ist
493 3228 756 3288 Spitalszwecken
792 3228 1029 3288 zuzuwenden.
1060 3225 1158 3285 Keine
1190 3222 1318 3282 Reden,
1339 3220 1488 3280 Vermei¬

322 3280 402 3340 dung
442 3279 517 3339 allen
558 3278 704 3338 rituellen
745 3276 952 3336 Beiwerkes,
983 3276 1063 3336 keine
1098 3273 1224 3333 Trauer
1260 3270 1370 3330 tragen
1411 3270 1481 3330 nach

321 3329 445 3389 meinem
493 3328 601 3388 Tode,
623 3326 747 3386 absolut
774 3323 877 3383 keine!

390 3396 522 3456 Berlin,
539 3395 594 3455 22.
611 3392 765 3452 Oktober.
794 3392 854 3452 Die
882 3392 1020 3452 gesamte
1043 3389 1280 3449 reichsdeutsche
1309 3386 1490 3446 Öffentlich¬

322 3446 378 3506 keit
399 3446 518 3506 nimmt
544 3443 574 3503 an
611 3443 662 3503 dem
709 3440 848 3500 Ableben
880 3439 977 3499 Artur
1004 3437 1194 3497 Schnitzlers
1221 3437 1386 3497 wärmsten
1422 3434 1489 3494 An¬

323 3494 393 3554 teil.
426 3494 598 3554 Sämtliche
642 3491 772 3551 Blätter
810 3489 946 3549 bringen
990 3488 1206 3548 ausführliche
1245 3484 1423 3544 Nachrufe,
1456 3482 1482 3542 in

324 3541 419 3601 denen
451 3541 509 3601 sein
541 3541 747 3601 dichterisches
780 3538 927 3598 Schaffen
965 3536 1023 3596 und
1055 3535 1102 3595 die
1129 3535 1340 3595 menschlichen
1378 3530 1494 3590 Quali¬

326 3590 405 3650 täten
446 3589 496 3649 des
531 3589 763 3649 Verstorbenen
808 3586 994 3646 gewürdigt
1035 3583 1180 3643 werden.
1217 3584 1256 3644 Im
1317 3581 1492 3641 „Berliner

328 3641 518 3701 Tageblatt“
550 3639 666 3699 nimmt
688 3637 793 3697 Alfred
825 3637 936 3697 Kerr
963 3635 1015 3695 von
1047 3634 1221 3694 Schnitzler
1243 3631 1411 3691 Abschied,
1433 3628 1485 3688 von

328 3689 381 3749 dem
439 3688 470 3748 er
513 3688 603 3748 sagt,
641 3687 698 3747 daß
747 3687 778 3747 er
826 3685 873 3745 als
922 3682 1042 3742 Dichter
1085 3681 1180 3741 gleich
1229 3679 1302 3739 nach
1350 3677 1498 3737 Gerhart

328 3738 533 3798 Hauptmann
579 3735 715 3795 kommt.
761 3733 826 3793 Die
867 3732 1068 3792 Funkstunde
1119 3729 1346 3789 veranstaltete
1397 3725 1492 3785 heute

334 3787 455 3847 abends
487 3786 550 3846 eine
577 3786 782 3846 Totenfeier,
805 3783 857 3843 bei
879 3783 931 3843 der
963 3781 1084 3841 Walter
1111 3779 1168 3839 von
1201 3777 1327 3837 Molo
1360 3774 1406 3834 die
1433 3774 1496 3834 Ge¬

329 3834 513 3894 denkworte
541 3834 665 3894 sprach.

396 3894 550 3954 London,
566 3891 622 3951 22.
638 3891 793 3951 Oktober.
824 3889 885 3949 Die
907 3888 1082 3948 Londoner
1108 3885 1216 3945 Presse
1243 3884 1376 3944 widmet
1397 3882 1495 3942 Artur

337 3941 506 4001 Schnitzler
533 3939 630 3999 lange
661 3938 836 3998 Nachrufe.
867 3935 939 3995 Vor
970 3935 1042 3995 allem
1094 3933 1170 3993 seine
1202 3931 1500 3991 Vorkriegswerke,

334 3989 378 4049 die
409 3989 434 4049 in
464 3988 615 4048 England
646 3986 720 4046 weit
746 3984 917 4044 verbreitet
942 3984 1002 4044 und
1033 3983 1098 4043 sehr
1129 3980 1339 4040 volkstümlich
1375 3980 1500 4040 waren,

336 4038 454 4098 werden
487 4037 508 4097 in
541 4037 595 4097 den
628 4036 768 4096 Blättern
801 4034 995 4094 ausführlich
1023 4031 1212 4091 behandelt.

1527 309 1651 369 box
1723 309 1902 369 42/9

2227 382 2946 442 DOBSERVER

2324 437 2349 497 I.
2362 437 2480 497 österr.
2493 443 2640 503 behördl.
2657 449 2956 509 konzessioniertes

2278 477 2516 537 Unternehmen
2546 482 2595 542 für
2621 490 3001 550 Zeitungs-Ausschnitte

2324 534 2472 594 WIEN,
2499 543 2551 603 I.,
2577 549 2862 609 WOLLZEILE
2908 554 2952 614 11

2427 591 2638 651 TELEPHON
2674 598 2845 658 R-23-0-43

2233 734 2541 794 Ausehntetebr
2562 770 2632 830 gle
2671 803 2925 863 Ada.

2213 948 2328 1008 vom:

2464 980 2506 1040 13
2550 990 2687 1050 OKT.
2711 994 2805 1054 1931

2096 1085 2184 1145 Das
2223 1088 2520 1148 Lebenswerk
2551 1092 2721 1152 Arthur
2752 1094 3012 1154 Schnitzlers

2049 1143 2086 1203 In
2119 1147 2173 1207 der
2200 1150 2324 1210 Wiener
2352 1153 2443 1213 „Rp.
2487 1153 2616 1213 schreibt
2644 1156 2730 1216 unter
2758 1156 2881 1216 anderem
2925 1156 2973 1216 R.
2996 1159 3103 1219 List:

2058 1194 2117 1254 Das
2148 1201 2349 1261 Lebenswerk
2375 1204 2490 1264 Arthur
2521 1207 2722 1267 Schnitzlers,
2747 1207 2792 1267 den
2828 1207 2883 1267 nun
2919 1208 2958 1268 ein
2989 1210 3099 1270 sanfter

2005 1240 2066 1300 Tod
2103 1243 2155 1303 aus
2187 1246 2429 1306 unermüdlicher
2456 1249 2679 1309 schöpferischer
2710 1252 2860 1312 Tätigkeit
2887 1254 3006 1314 gerissen
3043 1255 3109 1315 hat,

2008 1285 2039 1345 ist
2061 1286 2113 1346 mit
2135 1288 2176 1348 ein
2203 1291 2335 1351 Spiegel
2356 1291 2435 1351 jener
2457 1292 2588 1352 Epoche,
2610 1294 2630 1354 in
2663 1294 2710 1354 der
2731 1294 2779 1354 sich
2806 1297 2853 1357 der
2880 1297 2969 1357 große
2990 1295 3100 1355 Ueber¬

2004 1331 2082 1391 gang
2112 1333 2166 1393 aus
2196 1333 2239 1393 der
2269 1333 2446 1393 Hochkultur
2471 1336 2524 1396 des
2549 1336 2627 1396 alten
2657 1339 2784 1399 Reiches
2809 1339 2833 1399 in
2863 1340 2902 1400 ein
2932 1341 3099 1401 unsicheres

2007 1374 2061 1434 und
2097 1374 2364 1434 zukunftsdunkles
2399 1378 2504 1438 Neues
2540 1380 2671 1440 vollzog.
2702 1380 2767 1440 Der
2797 1380 2868 1440 erste
2899 1382 3019 1442 Schritt
3049 1381 3099 1441 des

2006 1416 2108 1476 jungen
2140 1418 2258 1478 Dichter
2284 1420 2350 1480 war
2372 1422 2454 1482 jener
2480 1423 2660 1483 „Anatol",
2681 1424 2727 1484 der
2753 1424 2840 1484 heute
2866 1425 2928 1485 noch
2959 1425 3005 1485 als
3031 1424 3103 1484 seit¬

2005 1461 2077 1521 same
2098 1461 2237 1521 Melodie
2264 1464 2316 1524 aus
2342 1464 2388 1524 den
2420 1466 2679 1526 Frühlingstagen
2710 1467 2756 1527 des
2777 1470 3006 1530 östereichischen
3037 1468 3104 1528 Na¬

1997 1503 2179 1563 turalismus
2210 1506 2234 1566 in
2269 1506 2323 1566 uns
2353 1508 2461 1568 klingt:
2486 1509 2550 1569 vier
2581 1510 2679 1570 Jahre
2709 1512 2777 1572 nach
2808 1512 2950 1572 Gerhart
2976 1512 3098 1572 Haupt¬

2005 1546 2109 1606 manns
2145 1547 2231 1607 „Vor
2256 1550 2574 1610 Sonnenaufgang",
2599 1553 2640 1613 ein
2670 1553 2755 1613 Jahr
2781 1553 2846 1613 nach
2882 1556 2973 1616 dessen
3008 1554 3103 1614 „We¬

2001 1589 2090 1649 bern"
2126 1591 2176 1651 und
2212 1592 2388 1652 „Hanneles
2419 1595 2675 1655 Himmelfahrt“.
2701 1596 2791 1656 Dann
2822 1598 2917 1658 kamen
2953 1598 3023 1658 seine
3054 1594 3098 1654 er¬

2001 1631 2053 1691 sten
2096 1637 2375 1697 Novellenbücher,
2402 1637 2603 1697 „Sterben",
2630 1640 2709 1700 „Die
2741 1640 2819 1700 Frau
2858 1640 2910 1700 des
2942 1641 3105 1701 Weisen",

1997 1676 2017 1736 im
2054 1679 2135 1739 Jahr
2151 1679 2202 1739 der
2218 1681 2543 1741 Jahrhundertwende
2564 1682 2610 1742 der
2631 1682 2801 1742 „Leutnant
2822 1683 2945 1743 Gustl",
2956 1685 3007 1745 das
3034 1683 3100 1743 Pa¬

2002 1721 2147 1781 radestück
2168 1721 2217 1781 des
2248 1724 2469 1784 erzählerischen
2499 1727 2801 1787 Telegrammstiles,
2821 1727 2896 1787 dann
2927 1727 3022 1787 kamen
3053 1727 3097 1787 die

2003 1762 2168 1822 handfesten
2204 1766 2425 1826 Theaterstücke
2471 1767 2536 1827 voll
2568 1770 2774 1830 eigenartiger
2804 1771 3101 1831 Stimmungsreize,

2002 1808 2081 1868 „Die
2108 1807 2277 1867 Liebelei",
2298 1810 2503 1870 „Freiwild",
2525 1812 2609 1872 „Der
2642 1811 2736 1871 grüne
2763 1810 2905 1870 Kakadu"
2938 1813 2995 1873 und
3027 1814 3090 1874 auch

1999 1849 2048 1909 der
2079 1852 2259 1912 „Reigen",
2285 1853 2334 1913 der
2365 1853 2430 1913 nach
2466 1855 2737 1915 zwanzigjährigem
2782 1858 3008 1918 Begrabensein
3044 1856 3098 1916 mit

1999 1891 2078 1951 einem
2129 1894 2220 1954 Male
2256 1894 2300 1954 die
2337 1898 2568 1958 zeitgenössische
2604 1898 2720 1958 Bühne
2756 1900 3023 1960 revolutionierte,
3054 1900 3093 1960 ein

1997 1936 2232 1996 unerfreuliches
2262 1938 2438 1998 Dokument
2463 1941 2659 2001 literarischer
2689 1942 3017 2002 Hemmungslosigkeit

2038 1980 2084 2040 Es
2110 1983 2217 2043 folgten
2249 1983 2269 2043 in
2301 1983 2383 2043 schier
2409 1983 2600 2043 unendlicher
2626 1983 2724 2043 Reihe
2750 1983 2791 2043 die
2817 1984 2925 2044 Werke
2946 1986 2997 2046 des
3024 1985 3095 2045 dra¬

1992 2022 2147 2082 matischen
2183 2025 2234 2085 und
2271 2025 2493 2085 erzählerischen
2535 2025 2679 2085 Reifens,
2706 2027 2752 2087 die
2778 2030 2974 2090 Schauspiele
3006 2030 3088 2090 „Der

1993 2067 2130 2127 Schleier
2157 2068 2204 2128 der
2231 2067 2416 2127 Beatrice",
2438 2070 2521 2130 „Der
2549 2070 2675 2130 einsame
2702 2073 2818 2133 Weg",
2840 2073 2924 2133 „Der
2951 2073 3019 2133 Ruf
3041 2071 3087 2131 des

1993 2109 2151 2169 Lebens",
2178 2110 2220 2170 die
2252 2112 2426 2172 „Komödie
2458 2114 2510 2174 der
2543 2114 2695 2174 Worte",
2722 2114 2774 2174 das
2812 2118 3097 2178 „Zwischenspiel",

1997 2153 2039 2213 die
2062 2153 2228 2213 „Komtesse
2251 2153 2374 2213 Mitzi",
2391 2153 2439 2213 der
2461 2157 2645 2217 „Professor
2667 2157 2883 2217 Bernhardi,
2900 2160 2980 2220 „Der
3002 2161 3088 2221 junge

1994 2195 2206 2255 Medardus",
2238 2198 2435 2258 dramatische
2477 2201 2612 2261 Historie
2649 2201 2705 2261 von
2748 2203 2976 2263 einprägsamer
3013 2203 3095 2263 Far¬

1993 2238 2116 2298 bigkeit,
2132 2240 2173 2300 die
2194 2240 2503 2300 Erzählungsbücher
2524 2243 2792 2303 „Dämmerseelen
2818 2246 2833 2306 ,
2849 2246 3003 2306 „Masken
3030 2244 3086 2304 und

1997 2282 2149 2342 Wunder"
2189 2282 2246 2342 und
2286 2285 2489 2345 „Casanovas
2524 2288 2721 2348 Heimfahrt"
2756 2288 2846 2348 sowie
2880 2288 2931 2348 der
2960 2288 3084 2348 Roman

1994 2324 2080 2384 „Der
2102 2324 2172 2384 Weg
2201 2326 2243 2386 ins
2271 2327 2390 2387 Freie“.

2041 2366 2076 2426 In
2107 2367 2154 2427 den
2185 2368 2389 2428 fruchtreichen
2420 2371 2539 2431 Jahren
2570 2371 2617 2431 der
2642 2371 2828 2431 herbstlichen
2859 2374 2948 2434 Reife
2973 2375 3027 2435 gab
3057 2374 3087 2434 er

1993 2410 2047 2470 uns
2078 2410 2123 2470 die
2148 2413 2450 2473 „Traumnovelle",
2470 2416 2515 2476 die
2541 2416 2595 2476 wie
2626 2416 2676 2476 kein
2712 2416 2837 2476 anderes
2868 2416 2957 2476 seiner
2983 2419 3088 2479 Werke

1990 2452 2046 2512 das
2083 2454 2222 2514 Wunder
2253 2456 2330 2516 einer
2362 2459 2439 2519 ganz
2471 2458 2583 2518 großen
2621 2458 2842 2518 erzählerischen
2884 2461 3008 2521 Technik
3039 2463 3090 2523 mit

1991 2497 2191 2557 gedanklicher
2217 2500 2298 2560 Tiefe
2325 2500 2381 2560 und
2412 2500 2530 2560 zugleich
2561 2501 2612 2561 mit
2638 2502 2684 2562 der
2710 2503 3018 2563 Liebenswürdigkeit
3039 2503 3085 2563 ty¬

1986 2540 2052 2600 pisch
2084 2542 2286 2602 wienerischen
2323 2543 2504 2603 Leichtsinns
2535 2544 2665 2604 vereint.
2686 2544 2763 2604 Fast
2784 2546 2934 2606 unlösbar
2966 2546 3090 2606 verflie¬

1989 2583 2038 2643 ßen
2069 2583 2129 2643 hier
2155 2583 2255 2643 Traum
2296 2586 2351 2646 und
2377 2586 2457 2646 reale
2482 2586 2684 2646 Wirklichkeit
2705 2589 2896 2649 ineinander.
2916 2591 3007 2651 Nicht
3027 2590 3087 2650 we¬

1993 2627 2077 2687 niger
2099 2630 2167 2690 groß
2199 2631 2230 2691 ist
2252 2628 2294 2688 die
2321 2629 2415 2689 Kunst
2437 2631 2622 2691 Schnitzlers
2649 2631 2669 2691 in
2701 2634 2886 2694 „Therese",
2902 2633 2955 2693 der
2977 2635 3092 2695 ergrei¬

1992 2670 2089 2730 fenden
2121 2671 2254 2731 Chronik
2271 2673 2347 2733 eines
2374 2673 2538 2733 schlichten,
2555 2676 2611 2736 fast
2632 2676 2817 2736 alltäglichen
2844 2676 3091 2736 Frauenlebens,

1987 2714 2043 2774 das
2069 2715 2151 2775 durch
2178 2715 2291 2775 Schuld
2317 2715 2347 2775 an
2379 2717 2420 2777 ein
2446 2718 2605 2778 tragisches
2632 2718 2775 2778 Schicksal
2797 2720 2915 2780 gekettet
2936 2721 3090 2781 erscheint.

2029 2754 2070 2814 Im
2111 2758 2209 2818 „Buch
2240 2759 2286 2819 der
2307 2760 2446 2820 Sprüche
2472 2759 2523 2819 und
2555 2759 2734 2819 Bedenken"
2761 2762 2812 2822 hat
2833 2762 2997 2822 Schnitzler
3018 2762 3085 2822 ver¬

1991 2802 2078 2862 sucht,
2096 2801 2167 2861 seine
2190 2804 2549 2864 skeptisch-pessimistische
2572 2804 2842 2864 Weltanschauung
2871 2807 2892 2867 in
2921 2807 2997 2867 ihrer
3020 2805 3086 2865 An¬

1990 2843 2135 2903 wendung
2170 2846 2225 2906 auf
2256 2846 2301 2906 die
2332 2846 2552 2906 verschiedenen
2588 2848 2824 2908 Lebensgebiete
2855 2849 2879 2909 in
2915 2849 3085 2909 eindeutig¬

1990 2885 2079 2945 klarer
2105 2888 2336 2948 Formulierung
2362 2891 2568 2951 aufzubauen.
2589 2891 2623 2951 Im
2659 2891 2764 2951 Motto
2790 2891 2835 2951 des
2860 2893 2981 2953 Werkes
3006 2892 3086 2952 wen¬

1984 2929 2033 2989 det
2059 2929 2089 2989 er
2115 2931 2164 2991 sich
2195 2932 2280 2992 gegen
2311 2932 2361 2992 den
2397 2932 2624 2992 übertriebenen
2659 2932 2916 2992 Symbolismus,
2942 2935 2991 2995 mit
3022 2934 3067 2994 dem

1985 2974 2029 3034 ihn
2065 2974 2161 3034 selber
2191 2976 2216 3036 in
2252 2974 2301 3034 den
2337 2977 2574 3037 Jugendjahren
2610 2977 2751 3037 manches
2782 2977 2952 3037 verbunden
2988 2980 3073 3040 hatte

1987 3017 2135 3077 „Tiefsinn
2167 3016 2218 3076 hat
2234 3018 2279 3078 nie
2301 3019 2336 3079 ein
2363 3020 2445 3080 Ding
2466 3019 2589 3079 erhellt;
2610 3019 2744 3079 Klarsinn
2770 3022 2867 3082 schaut
2888 3022 2970 3082 tiefer
2991 3022 3011 3082 in
3037 3022 3083 3082 die

1985 3060 2022 3120 die
2049 3059 2170 3119 Welt“.
2192 3061 2256 3121 Und
2289 3061 2320 3121 an
2352 3061 2431 3121 einer
2464 3064 2597 3124 späteren
2629 3064 2729 3124 Stelle
2757 3066 2820 3126 sagt
2842 3066 2889 3126 er,
2911 3067 2953 3127 ein
2986 3066 3075 3126 Feind

1979 3104 2269 3164 literarhistorischer
2297 3106 2518 3166 Einordnung:
2540 3107 2656 3167 „Jeder
2678 3108 2799 3168 Dichter
2821 3107 2857 3167 ist
2879 3109 3000 3169 Realist
3022 3108 3074 3168 und

1985 3147 2127 3207 Idealist,
2139 3149 2367 3209 Impressionist
2383 3147 2441 3207 und
2463 3150 2695 3210 Expressionist,
2712 3150 2886 3210 Naturalist
2909 3150 2961 3210 und
2983 3150 3083 3210 Sym¬

1984 3189 2071 3249 bolist
2097 3192 2221 3252 zugleich
2252 3192 2323 3252 oder
2350 3192 2386 3252 ist
2412 3192 2442 3252 er
2469 3192 2644 3252 überhaupt
2670 3192 2783 3252 keiner.
2804 3195 2964 3255 Natürlich
2995 3194 3082 3254 über¬

1982 3233 2071 3293 wiegt
2093 3234 2156 3294 eine
2177 3234 2266 3294 dieser
2288 3234 2398 3294 Kunst-
2420 3237 2472 3297 und
2504 3237 2836 3297 Weltanschauungen,
2853 3240 2873 3300 je
2900 3240 2963 3300 nach
2990 3239 3079 3299 Tem¬

1982 3277 2157 3337 perament,
2178 3279 2298 3339 Anlage
2334 3279 2388 3339 und
2424 3279 2625 3339 Stimmung.
2670 3279 2750 3339 Sein
2781 3282 2936 3342 schärfster
2962 3282 3082 3342 Kampf

1977 3318 2032 3378 gilt
2052 3321 2097 3381 dem
2139 3321 2326 3381 Grotesken,
2342 3321 2397 3381 das
2423 3321 2467 3381 die
2488 3323 2605 3383 Bühne
2631 3323 2746 3383 vielfach
2777 3323 2787 3383 —
2839 3323 2904 3383 auch
2930 3325 2990 3385 dies
3016 3323 3081 3383 son¬

1984 3362 2048 3422 dert
2074 3362 2119 3422 ihn
2155 3362 2205 3422 von
2240 3365 2291 3425 der
2316 3365 2426 3425 großen
2463 3365 2583 3425 Menge
2614 3365 2704 3425 seiner
2735 3368 2926 3428 literarischen
2962 3368 3082 3428 Zeitge¬

1978 3407 2076 3467 nossen
2106 3405 2115 3465 —
2165 3406 2248 3466 unter
2273 3407 2347 3467 seine
2367 3409 2543 3469 Herrschaft
2564 3410 2706 3470 gebracht
2726 3410 2790 3470 hat:
2810 3410 3001 3470 „Innerhalb
3031 3411 3080 3471 des

1978 3449 2140 3509 Grotesken
2175 3450 2209 3510 ist
2235 3450 2263 3510 es
2294 3450 2427 3510 niemals
2457 3454 2599 3514 möglich,
2624 3452 2668 3512 die
2698 3454 2895 3514 Vollendung
2925 3456 2954 3516 zu
2985 3453 3082 3513 errei¬

1975 3492 2039 3552 chen
2064 3494 2137 3554 ...
2167 3494 2255 3554 Denn
2285 3494 2427 3554 während
2457 3495 2575 3555 sowohl
2595 3497 2648 3557 das
2678 3498 2835 3558 Tragische
2860 3497 2904 3557 als
2934 3497 2988 3557 das
3013 3495 3076 3555 Ko¬

1976 3534 2076 3594 mische
2107 3535 2171 3595 auch
2207 3535 2257 3595 bei
2283 3535 2383 3595 höchst
2409 3538 2600 3598 gesteigerter
2630 3540 2801 3600 Intensität
2827 3540 2987 3600 innerhalb
3023 3539 3073 3599 des

1990 3577 2137 3637 Endlichen
2167 3578 2333 3638 beschlossen
2363 3580 2416 3640 ist,
2437 3580 2519 3640 weist
2540 3580 2593 3640 das
2623 3581 2775 3641 Groteske
2800 3583 2843 3643 ins
2874 3583 3074 3643 Grenzenlose

1979 3617 2033 3677 und
2059 3622 2175 3682 schließt
2195 3623 2240 3683 sich
2266 3622 2290 3682 so
2316 3622 2412 3682 selbstt
2432 3622 2482 3682 von
2513 3623 2557 3683 der
2584 3625 2679 3685 Kunst
2699 3625 2754 3685 aus

2021 3664 2082 3724 Die
2109 3666 2222 3726 Tragik
2254 3667 2341 3727 dieses
2373 3667 2620 3727 österreichischen
2657 3667 2796 3727 Dichters
2828 3667 2864 3727 ist
2890 3669 2936 3729 die
2968 3670 3081 3730 Tragik

1975 3707 2024 3767 des
2059 3709 2299 3769 Naturalismus
2334 3711 2525 3771 überhaupt.
2550 3710 2613 3770 Der
2644 3712 2751 3772 Drang
2786 3713 2835 3773 zur
2870 3712 3080 3772 Wirklichkeit,

1972 3750 2014 3810 die
2044 3750 2307 3810 Uebersteigerung
2337 3753 2451 3813 dessen,
2471 3753 2538 3813 was
2567 3753 2629 3813 man
2663 3753 2754 3813 zuvor
2779 3753 2951 3813 realistische
2981 3756 3076 3816 Kunst

1977 3792 2107 3852 nannte,
2126 3794 2242 3854 mußte,
2261 3795 2358 3855 zumal
2382 3795 2419 3855 sie
2443 3795 2498 3855 mit
2522 3795 2568 3855 dem
2610 3797 2912 3857 Stimmungshaften
2945 3798 2991 3858 der
3015 3797 3070 3857 pa¬

1969 3837 2087 3897 rallelen
2117 3837 2418 3897 impressionistischen
2448 3838 2621 3898 Strömung
2646 3840 2873 3900 zwangsläufig
2899 3840 3066 3900 verbunden

1969 3879 2049 3939 war,
2070 3880 2176 3940 wieder
2202 3883 2247 3943 zum
2288 3882 2506 3942 Spielerischen
2532 3882 2658 3942 führen,
2679 3885 2729 3945 zur
2750 3883 2943 3943 gekünstelten
2974 3885 3074 3945 Wirk¬

1975 3923 2099 3983 lichkeit,
2113 3923 2309 3983 andererseits
2333 3923 2405 3983 aber
2429 3923 2491 3983 auch
2521 3923 2568 3983 zur
2587 3926 2845 3986 Ueberschreitung
2874 3925 2945 3985 aller
2970 3926 3070 3986 Gren¬

1967 3965 2040 4025 zen,
2060 3965 2099 4025 die
2124 3965 2172 4025 der
2198 3965 2394 4025 dichterischen
2429 3966 2629 4026 Schilderung
2654 3968 2781 4028 gezogen
2811 3968 2884 4028 sind.
2904 3968 2968 4028 Der
2993 3969 3070 4029 Ein¬

1974 4007 2056 4067 bruch
2087 4007 2138 4067 des
2170 4010 2340 4070 Erotischen
2377 4010 2428 4070 hat
2460 4010 2526 4070 auch
2563 4010 2583 4070 in
2620 4012 2744 4072 Arthur
2770 4013 2935 4073 Schnitzler
2966 4013 3064 4073 keinen

1975 4050 2073 4110 Damm
2117 4052 2298 4112 ernsthafter
2328 4054 2504 4114 Besinnung
2540 4055 2711 4115 gefunden,
2736 4055 2765 4115 er
2795 4055 2848 4115 hat
2878 4055 2956 4115 mehr
2991 4055 3059 4115 denn

1970 4097 2108 4157 mancher
2135 4097 2248 4157 andere
2275 4097 2362 4157 dieser
2389 4098 2564 4158 Verirrung
2595 4100 2688 4160 seinen
2719 4100 2833 4160 Tribut
2854 4100 2977 4160 gezollt.
