3392 4352
203 256 336 316 2.

1480 252 1607 312 box
1680 254 1872 314 42/7

907 250 956 310 s
1028 254 1260 314 Death

378 256 850 316 Schnitzler

541 1214 1267 1274 OBSERVER

624 1273 651 1333 I.
665 1273 790 1333 österr.
799 1279 951 1339 behördl.
965 1290 1268 1350 konzessioniertes

583 1315 823 1375 Unternehmen
855 1321 899 1381 für
926 1331 1317 1391 Zeitungs-Ausschnitte

637 1374 785 1434 WIEN,
813 1380 859 1440 I.,
888 1389 1171 1449 WOLLZEILE
1219 1395 1259 1455 11

730 1431 945 1491 TELEPHON
978 1440 1156 1500 R-23-0-43

525 1566 751 1626 Ausschnitt
774 1574 862 1634 aus:

1149 1781 1419 1841 VNUNUESIN.40

885 1825 901 1885 2
929 1827 945 1887 2
981 1828 1077 1888 0KT.
1096 1832 1190 1892 1931

407 1849 634 1909 AUSSCHNITT
653 1849 739 1909 VON.

404 2043 649 2103 Berliner
699 2040 1121 2100 Volkszeitung.
1161 2040 1328 2100 Berlin

708 2106 1033 2166 Morgenausgabe

722 2314 900 2374 ular
953 2313 1374 2373 Commezter
1427 2315 1758 2375 plotnen
1837 2321 2245 2381 gestorben

1037 2446 1141 2506 Nach
1177 2446 1280 2506 einem
1325 2447 1604 2507 Schlaganfall
1623 2449 1883 2509 verschieden

1493 2556 1737 2616 Arbeitszimmer
1776 2556 1943 2616 bewußtlos
1987 2559 2044 2619 auf
2083 2557 2130 2617 dem
2188 2559 2341 2619 Fußboden

1028 2568 1145 2628 Wien,
1170 2569 1219 2629 21.
1244 2568 1385 2628 Oktober.

1490 2598 1595 2658 liegend
1623 2598 1687 2658 auf,
1705 2598 1760 2658 und
1788 2598 1856 2658 ohne
1880 2601 1985 2661 wieder
2013 2602 2040 2662 zu
2073 2602 2233 2662 erwachen,
2247 2604 2279 2664 ist
2302 2601 2352 2661 der

627 2622 758 2682 Arthur
805 2622 984 2682 Schnitzler
1036 2617 1078 2677 ist
1126 2622 1337 2682 unerwartet
1384 2619 1431 2679 ge¬

1495 2642 1600 2702 Dichter
1628 2640 1674 2700 ins
1702 2643 1835 2703 Jenseits
1864 2644 2181 2704 hinübergewandert.

574 2664 717 2724 storben.
761 2665 822 2725 Der
852 2666 976 2726 Dichter
1005 2664 1072 2724 war
1101 2664 1183 2724 schon
1217 2667 1278 2727 seit
1303 2666 1432 2726 einiger

1542 2683 1596 2743 Die
1620 2685 1715 2745 Kunde
1740 2686 1785 2746 vom
1822 2685 1996 2745 Hinscheiden
2024 2688 2190 2748 Schnitzlers
2218 2688 2263 2748 hat
2287 2688 2346 2748 hier

573 2706 645 2766 Jeit
675 2709 902 2769 herzleidend,
932 2709 1023 2769 fühlt
1058 2708 1106 2768 sich
1145 2706 1223 2766 aber
1257 2706 1285 2766 im
1340 2710 1436 2770 allge¬

1497 2727 1606 2787 überall
1629 2727 1674 2787 den
1711 2728 1815 2788 tiefsten
1848 2728 1988 2788 Eindruck
2016 2730 2252 2790 hervorgerufen.
2298 2729 2348 2789 Die

573 2750 695 2810 meinen
732 2752 809 2812 gut.
846 2750 927 2810 Noch
959 2753 1072 2813 gestern
1109 2750 1213 2810 abend
1241 2752 1372 2812 wohnte
1400 2753 1431 2813 er

1494 2771 1699 2831 Vorstellungen
1740 2771 1762 2831 in
1803 2771 1869 2831 allen
1906 2771 2026 2831 Wiener
2058 2774 2200 2834 Theatern
2237 2772 2344 2832 standen

571 2795 598 2855 in
648 2795 739 2855 einem
794 2795 934 2855 Theater
976 2795 1066 2855 einer
1107 2795 1321 2855 Vorstellung
1367 2798 1434 2858 bel.

1494 2814 1571 2874 heute
1601 2813 1682 2873 abend
1717 2813 1799 2873 unter
1829 2815 1872 2875 dem
1915 2815 2056 2875 Eindruck
2083 2816 2172 2876 dieses
2199 2816 2344 2876 traurigen

568 2837 675 2897 Heute
705 2837 890 2897 vormittag
925 2837 1109 2897 unternahm
1157 2837 1191 2897 er
1217 2837 1307 2897 einen
1346 2840 1431 2900 Tpa¬

1492 2858 1670 2918 Greignisses.
1711 2858 1768 2918 Aus
1817 2858 1968 2918 sponlanen
2018 2860 2244 2920 Kundgebungen
2298 2858 2347 2918 der

572 2882 722 2942 ziergang
753 2882 815 2942 und
846 2882 894 2942 kam
939 2882 1075 2942 mittags
1102 2882 1177 2942 nach
1204 2882 1327 2942 Hause.
1358 2882 1428 2942 Vor

1494 2902 1597 2962 Trauer
1624 2900 1645 2960 in
1680 2902 1745 2962 allen
1776 2901 1884 2961 Kreisen
1915 2903 2010 2963 konnte
2036 2903 2096 2963 man
2123 2903 2253 2963 ersehen,
2271 2903 2348 2963 welch

567 2924 621 2984 dem
667 2924 753 2984 Essen
790 2924 885 2984 erlitt
908 2927 940 2987 er
972 2927 1058 2987 einen
1095 2927 1331 2987 Schlaganfall
1363 2926 1422 2986 und

1494 2946 1579 3006 große
1601 2944 1768 3004 Berehrung
1798 2944 1854 3004 man
1884 2944 1931 3004 dem
1966 2944 2081 3004 Dichter
2107 2946 2158 3006 und
2184 2945 2227 3005 dem
2266 2946 2351 3006 Men¬

568 2965 679 3025 wurde
706 2968 812 3028 sofort
831 2968 1040 3028 bewußtles.
1058 2968 1097 3028 Um
1147 2968 1195 3028 17
1218 2968 1284 3028 Uhr
1307 2968 1427 3028 abende

1490 2990 1558 3050 schen
1590 2987 1741 3047 Schnitzler
1769 2987 2037 3047 entgegengebracht
2065 2989 2156 3049 hatte.
2198 2989 2348 3049 Schnitzler

573 3013 652 3073 starb
674 3013 727 3073 er,
745 3013 829 3073 ohne
851 3013 904 3073 das
931 3013 1143 3073 Bewußtsein
1175 3013 1431 3073 wiedererlangt

1489 3031 1537 3091 hat
1560 3031 1604 3091 die
1631 3031 1772 3091 Eigenart
1795 3031 1870 3091 eines
1897 3031 1972 3091 jeden
2003 3032 2216 3092 Schauspielers
2247 3033 2353 3093 respek¬

570 3055 597 3115 zu
625 3055 747 3115 haben.
784 3058 957 3118 Schnitzler
985 3056 1067 3116 wäre
1090 3056 1117 3116 im
1159 3058 1296 3118 nächsten
1328 3058 1432 3118 Jahre

1490 3076 1569 3136 tiert.
1605 3073 1645 3133 Er
1667 3075 1729 3135 war
1752 3076 1827 3136 durch
1854 3075 1907 3135 und
1934 3076 2014 3136 durch
2045 3076 2267 3136 Theatermensch
2289 3076 2342 3136 und

567 3094 601 3154 70
635 3100 747 3160 Jahre
777 3100 825 3160 alt
849 3100 1044 3160 geworden.

1484 3120 1531 3180 mit
1558 3118 1605 3178 der
1631 3118 1735 3178 Bühne
1762 3118 1813 3178 und
1844 3118 1926 3178 ihren
1957 3118 2182 3178 Erfordernissen
2213 3118 2347 3178 vollkom¬

1488 3162 1541 3222 men
1572 3160 1723 3220 vertraut.
1759 3162 1798 3222 Es
1825 3162 1882 3222 war
1909 3161 1984 3221 seine
2011 3162 2246 3222 Gepflogenheit,
2264 3162 2339 3222 einen

622 3162 777 3222 Schnitzler
808 3162 898 3222 klagte
929 3162 979 3222 seit
1005 3162 1074 3222 zwei
1100 3162 1216 3222 Jahren
1246 3162 1316 3222 über
1342 3162 1432 3222 Herz¬

567 3204 772 3264 beschwerden.
816 3204 902 3264 Diese
931 3204 1026 3264 waren
1060 3204 1127 3264 aber
1156 3207 1227 3267 nicht
1257 3206 1318 3266 sehr
1348 3206 1419 3266 stark

1492 3207 1539 3267 Akt
1561 3207 1612 3267 still
1634 3204 1809 3264 anzuhören,
1822 3207 1890 3267 ohne
1912 3207 1937 3267 zu
1964 3205 2062 3265 unterb
2088 3206 2177 3266 echen,
2195 3206 2242 3266 und
2268 3207 2340 3267 dann

568 3249 590 3309 so
622 3249 674 3309 daß
710 3249 741 3309 er
772 3249 847 3309 feine
879 3249 1029 3309 gewohnte
1061 3247 1255 3307 Lebensweise
1287 3249 1331 3309 bis
1367 3249 1415 3309 zum

1492 3249 1543 3309 erst
1565 3249 1603 3309 dem
1642 3249 1784 3309 Regisseur
1806 3247 1857 3307 und
1887 3248 1930 3308 den
1960 3249 2097 3309 Schausp.
2111 3249 2170 3309 lern
2201 3249 2269 3309 seine
2291 3249 2347 3309 Be¬

566 3291 694 3351 heutigen
730 3294 809 3354 Tage
841 3292 911 3352 nicht
938 3294 1111 3354 aufzugeben
1143 3294 1293 3354 brauchte.
1333 3294 1421 3354 Einen

1489 3294 1657 3354 merkungen
1694 3291 1743 3351 und
1785 3291 1917 3351 Wünsche
1949 3293 2145 3353 mitzuteilen.
2192 3294 2259 3354 Noch
2296 3294 2346 3354 vor

567 3333 648 3393 tiefen
680 3335 813 3395 Schatten
845 3335 895 3395 auf
918 3335 991 3395 seine
1014 3335 1105 3395 letzten
1138 3335 1329 3395 Lebensjahre
1357 3334 1420 3394 war

1489 3334 1584 3394 kurzer
1612 3337 1676 3397 Zeit
1700 3335 1749 3395 hat
1772 3335 1928 3395 Schnitzler
1955 3335 2001 3395 dem
2047 3335 2179 3395 Wunsche
2207 3335 2352 3395 Ausdruck

567 3377 616 3437 der
641 3380 694 3440 vor
724 3377 788 3437 drei
808 3377 921 3437 Jahren
956 3379 980 3439 in
1010 3380 1137 3440 Venedig
1167 3380 1290 3440 erfolgte
1320 3380 1432 3440 Selbst¬

1484 3382 1615 3442 gegeben,
1640 3381 1687 3441 daß
1720 3382 1748 3442 zu
1781 3380 1871 3440 seinem
1914 3380 1965 3440 70.
1984 3380 2182 3440 Geburtstage
2216 3380 2234 3440 im
2282 3380 2347 3440 Mai

566 3422 645 3482 mord
698 3422 790 3482 seiner
839 3422 976 3482 Tochter,
1021 3423 1064 3483 die
1113 3424 1183 3484 dort
1232 3425 1285 3485 mit
1334 3422 1408 3482 einem

1484 3422 1532 3482 des
1560 3422 1737 3482 kommenden
1768 3422 1878 3482 Jahres
1910 3422 1958 3482 sein
1994 3423 2158 3483 Schauspiel
2185 3424 2255 3484 „Der
2291 3423 2348 3483 Ruf

567 3464 753 3524 italienischen
786 3466 912 3526 Offizier
940 3465 1122 3525 verheiratet
1146 3466 1225 3526 war.
1267 3467 1425 3527 Schnitzler

1488 3466 1528 3526 des
1551 3464 1685 3524 Lebens",
1704 3465 1752 3525 das
1775 3465 1806 3525 er
1829 3467 1873 3527 zum
1914 3466 1976 3526 Teil
1999 3467 2205 3527 umgearbeitet
2228 3467 2285 3527 hat,
2304 3467 2348 3527 als

1488 3509 1722 3569 Festvorstellung
1758 3509 1780 3569 im
1834 3511 1979 3571 Deutschen
2020 3509 2214 3569 Volketheater
2245 3509 2347 3569 aufge¬

568 3511 616 3571 hat
635 3511 678 3571 den
710 3509 886 3569 furchtbaren
913 3512 1033 3572 Schlag,
1046 3512 1095 3572 den
1122 3511 1148 3571 er
1170 3510 1285 3570 damals
1312 3509 1422 3569 erlitten

566 3552 656 3612 hatte,
682 3553 811 3613 niemals
841 3553 1009 3613 verwinden
1044 3553 1169 3613 können.
1216 3553 1284 3613 Seit
1316 3553 1427 3613 mals

1493 3550 1567 3610 sübrt
1590 3553 1695 3613 werde.
1731 3553 1792 3613 Nun
1824 3553 1894 3613 wird
1921 3553 1943 3613 in
1974 3553 2084 3613 Wiener
2111 3553 2335 3613 Bühnenkreisen

1485 3595 1629 3655 erwogen,
1653 3596 1676 3656 in
1705 3596 1770 3656 allen
1804 3596 1920 3656 Wienee
1944 3595 2085 3655 Theatern
2118 3598 2164 3658 für
2188 3598 2337 3658 Schnitzler

560 3595 669 3655 alterte
701 3598 732 3658 er
765 3596 937 3656 zusehends.
983 3598 1155 3658 Schnitzlers
1187 3598 1246 3658 Tod
1283 3596 1346 3656 wir
1383 3598 1419 3658 ein

1484 3640 1683 3700 Gedenkseiern
1712 3643 1735 3703 zu
1769 3640 1968 3700 veranstalten.

564 3642 779 3702 schmerzloser.
810 3643 900 3703 Seine
921 3643 1087 3703 Sekretärin
1113 3642 1178 3702 fand
1203 3640 1248 3700 ihn
1274 3643 1293 3703 in
1324 3641 1409 3701 seinem
