3436 4352
343 309 921 369 Schnitzler's
981 306 1215 366 Deatl

1442 306 1570 366 box
1647 309 1829 369 43/2

786 644 934 704 Arthur
966 646 1157 706 Schnitzler
1188 650 1398 710 gestorben.

551 694 627 754 Der
657 699 798 759 Dichter
829 703 970 763 Arthur
1000 708 1195 768 Schnitzler
1249 709 1295 769 ist
1343 712 1555 772 Mittwoch,
1603 715 1662 775 den

501 745 563 805 21.
586 745 625 805 d.
648 747 710 807 M.
733 751 969 811 nachmittags
998 752 1026 812 im
1077 754 1139 814 70.
1162 756 1410 816 Lebensjahre
1438 759 1477 819 an
1512 762 1675 822 Gehirn¬

502 795 654 855 blutung
688 797 898 857 gestorben.
949 803 1091 863 Arthur
1125 807 1323 867 Schnitzler
1357 808 1402 868 ist
1431 810 1538 870 neben
1584 813 1679 873 Karl

504 844 713 904 Schönherr
747 846 809 906 der
844 851 1098 911 bedeutendste
1127 857 1405 917 österreichische
1439 861 1671 921 Dramatiker

508 891 682 951 gewesen.
700 892 745 952 Er
774 897 835 957 gilt
858 897 908 957 als
937 899 993 959 der
1017 903 1237 963 Begründer
1266 905 1322 965 des
1357 907 1520 967 „Wiener
1549 909 1644 969 Stils

501 940 569 1000 auf
598 939 659 999 der
694 945 846 1005 Bühne,
870 948 966 1008 jenes
1000 950 1278 1010 feinnervigen,
1302 955 1448 1015 zarten,
1477 956 1675 1016 ziselieren¬

501 988 556 1048 den
595 989 711 1049 Stils,
734 993 794 1053 der
823 995 877 1055 als
911 998 1155 1058 Niederschlag
1194 1001 1250 1061 des
1284 1004 1577 1064 Naturalismus
1611 1007 1677 1067 auf

499 1040 645 1100 Wiener
680 1042 860 1102 Eigenart
890 1046 985 1106 durch
1020 1046 1081 1106 Sil
1111 1050 1234 1110 Vara,
1258 1052 1382 1112 Salten
1422 1055 1490 1115 und
1525 1055 1676 1115 Auern¬

505 1088 634 1148 heimer
668 1091 724 1151 die
759 1094 951 1154 Hochblüte
986 1097 1047 1157 der
1082 1098 1228 1158 Wiener
1269 1103 1579 1163 Feuilletonkunst
1613 1103 1669 1163 be¬

495 1139 656 1199 deutete.
685 1141 904 1201 Schnitzlers
940 1144 1078 1204 Vater,
1108 1149 1298 1209 Professor
1333 1150 1373 1210 an
1420 1153 1477 1213 der
1519 1153 1668 1213 Wiener

496 1186 738 1246 Universität,
762 1189 843 1249 war
873 1192 930 1252 der
959 1194 1052 1254 Arzt
1081 1195 1138 1255 der
1174 1198 1318 1258 Wiener
1354 1201 1602 1261 Gesellschaft;
1626 1205 1660 1265 zu

501 1234 608 1294 seinen
642 1237 828 1297 Patienten
863 1243 998 1303 zählten
1033 1245 1083 1305 die
1117 1249 1411 1309 Berühmtheiten
1446 1249 1507 1309 des
1536 1251 1671 1311 Kunst¬

496 1285 619 1345 lebens
654 1285 710 1345 der
744 1291 1037 1351 österreichischen
1077 1298 1313 1358 Hauptstadt.
1365 1299 1460 1359 Auch
1517 1300 1663 1360 Arthur

498 1336 684 1396 Schnitzler
713 1339 883 1399 studierte
912 1342 1092 1402 Medizin.
1116 1344 1166 1404 Er
1189 1345 1444 1405 promovierte
1473 1347 1557 1407 1885
1592 1349 1659 1409 und

495 1381 581 1441 blieb
633 1385 690 1445 bis
749 1387 812 1447 zum
859 1389 974 1449 Jahre
1027 1389 1113 1449 1893
1148 1394 1315 1454 Assistent
1368 1395 1477 1455 seines
1513 1397 1674 1457 Vaters.

498 1434 641 1494 Später
669 1436 811 1496 richtete
839 1439 874 1499 er
902 1440 963 1500 sich
991 1440 1071 1500 eine
1099 1445 1367 1505 Privatpraxis
1395 1443 1474 1503 ein.

1175 1985 1227 2045 a

418 2006 1041 2066 DOBSERVE

511 2072 535 2132 I.
551 2070 669 2130 österr.
679 2064 832 2124 behördl.
843 2057 1144 2117 konzessioniertes

465 2111 703 2171 Unternehmen
732 2106 783 2166 für
807 2098 1192 2158 Zeitungs-Ausschnitte

519 2171 672 2231 WIEN,
694 2168 744 2228 I.,
773 2160 1054 2220 WOLLZEILE
1104 2154 1146 2214 11

626 2218 838 2278 TELEPHON
876 2211 1045 2271 R-23-0-43

423 2368 650 2428 Ausschnitt
673 2362 763 2422 aus:

429 2592 549 2652 vom:

778 2668 788 2728 2
803 2675 865 2735 4.
881 2676 994 2736 OKT.
1022 2669 1109 2729 1997

587 2736 837 2796 Aoralbergge
866 2730 1146 2790 Landes-Zellung

640 3810 757 3870 Arthur
781 3804 934 3864 Schnitzler
958 3800 1121 3860 gestorben.

361 3861 418 3921 Der
438 3861 583 3921 dekannte
604 3856 720 3916 Dichter
751 3855 808 3915 und
828 3852 1052 3912 Schriftsteller,
1072 3846 1179 3906 Arthur
1210 3842 1383 3902 Schnitzler,
1404 3838 1451 3898 der

277 3900 296 3960 im
337 3903 386 3963 70.
402 3900 588 3960 Lebensjahr
613 3897 638 3957 in
664 3894 748 3954 Wen
779 3893 854 3953 einem
895 3889 1100 3949 Schlaganfall
1126 3886 1231 3946 erlegen
1262 3884 1307 3944 ist.
1327 3879 1452 3939 Schnitz¬

273 3941 312 4001 ler
342 3940 375 4000 ist
400 3939 552 3999 Verfasser
577 3933 851 3993 heißumstrittener
877 3929 1033 3989 Romane,
1053 3926 1195 3986 Novellen
1230 3923 1284 3983 und
1314 3920 1455 3980 Theater¬

278 3982 377 4042 stücke,
403 3980 452 4040 von
493 3977 583 4037 denen
623 3977 658 4037 u.
683 3974 718 4034 a.
743 3973 823 4033 „Der
854 3970 1003 4030 Reigen,
1029 3967 1114 4027 „Der
1144 3965 1214 4025 Weg
1254 3961 1299 4021 ins
1335 3959 1434 4019 Freie“

279 4022 449 4082 „Anatol",
471 4018 636 4078 „Liebelei"
670 4014 725 4074 und
758 4013 857 4073 „Brau
891 4013 984 4073 Beate
1017 4008 1072 4068 und
1106 4007 1150 4067 ihr
1178 4008 1287 4068 Sohn"
1316 4000 1453 4060 genannt

283 4062 368 4122 seien.

2089 509 2806 569 OBSERVER

2173 567 2198 627 I.
2211 562 2332 622 österr.
2345 559 2492 619 behördl.
2505 552 2803 612 konzessioniertes

2134 604 2368 664 Unternehmen
2398 598 2443 658 für
2469 592 2854 652 Zeitungs-Ausschnitte

2183 661 2330 721 WIEN,
2357 660 2408 720 I.,
2434 655 2717 715 WOLLZEILE
2769 646 2807 706 11

2282 712 2497 772 TELEPHON
2535 701 2708 761 R-23-0-43

2097 858 2315 918 Ausschnitt
2343 850 2432 910 aus:

2107 1081 2216 1141 vom:

2578 1129 2786 1189 4.0K.
2803 1099 2907 1159 1937

2292 1165 2394 1225 Artur
2424 1176 2602 1236 Schnitzler
2625 1193 2814 1253 gestorben.

2055 1206 2208 1266 Wien,
2228 1216 2285 1276 21.
2311 1225 2387 1285 Okt.
2426 1241 2797 1301 Der—österreichische
2849 1263 2982 1323 Dichter
3015 1275 3117 1335 Artur

1969 1253 2144 1313 Schnitzler
2177 1260 2222 1320 ist
2249 1269 2346 1329 heute
2372 1281 2600 1341 nachmittags
2633 1292 2658 1352 im
2705 1299 2762 1359 70.
2789 1312 3009 1372 Lebensjahre
3062 1329 3113 1389 ge¬

1971 1301 2118 1361 storben.

2057 1355 2232 1415 Schnitzler
2258 1365 2330 1425 war
2357 1371 2415 1431 seit
2442 1379 2565 1439 einiger
2612 1392 2689 1452 Zeit
2717 1402 2866 1462 leidend,
2905 1412 2990 1472 ohne
3037 1420 3114 1480 aber

1967 1397 2064 1457 krank
2083 1400 2113 1460 zu
2144 1406 2223 1466 sein.
2243 1411 2285 1471 Er
2304 1416 2377 1476 war
2402 1424 2444 1484 ein
2475 1429 2610 1489 Wiener
2635 1443 2781 1503 Dichter,
2800 1452 2849 1512 der
2874 1463 3112 1523 insbesondere

1954 1440 1985 1500 in
2023 1446 2079 1506 der
2105 1455 2274 1515 Blütezeit
2300 1464 2357 1524 des
2408 1478 2677 1538 Naturalismus
2736 1505 2999 1565 hervorgetreten
3063 1520 3118 1580 ist.

1960 1494 2059 1554 Seine
2095 1506 2313 1566 Hauptwerke
2349 1519 2431 1579 sind:
2462 1530 2649 1590 „Anatol",
2680 1545 2873 1605 „Liebelei",
2903 1559 3103 1619 „Freiwild"

1953 1542 2012 1602 und
2042 1545 2094 1605 der
2119 1552 2219 1612 kühne
2249 1564 2431 1624 „Reigen",
2450 1573 2502 1633 der
2533 1579 2598 1639 sehr
2622 1586 2740 1646 großes
2770 1598 2923 1658 Aufsehen
2959 1612 3100 1672 gemacht

1947 1590 2036 1650 hat.e
2065 1597 2188 1657 Ferner
2245 1608 2295 1668 die
2347 1623 2667 1683 Monolognovellen
2707 1643 2898 1703 „Leutnant
2950 1660 3084 1720 Gustel“

1947 1639 2029 1699 „Der
2059 1646 2154 1706 junge
2178 1657 2414 1717 Medardus",
2427 1670 2467 1730 Im
2515 1677 2669 1737 „Grünen
2699 1691 2853 1751 Kakadu"
2877 1701 2936 1761 hat
2960 1709 3101 1769 Schnitz¬

1941 1685 1989 1745 ler
2021 1689 2069 1749 ein
2100 1706 2449 1766 Revolutionsdrama
2487 1727 2683 1787 geschaffen,
2703 1740 2861 1800 während
2899 1753 2978 1813 „Der
3009 1760 3088 1820 Weg

1947 1734 1995 1794 ins
2027 1739 2142 1799 Freie"
2174 1748 2222 1808 die
2247 1758 2456 1818 Judenfrage
2487 1774 2682 1834 behandelt.
2701 1786 2744 1846 In
2782 1794 2922 1854 späteren
2960 1806 3081 1866 Jahren

1940 1784 2022 1844 schuf
2046 1787 2075 1847 er
2099 1792 2181 1852 dann
2211 1799 2269 1859 das
2294 1806 2387 1866 Werk
2412 1818 2629 1878 „Casanovas
2654 1835 2883 1895 Heimfahrt",
2901 1848 2983 1908 seine
3007 1856 3088 1916 letzte

1935 1832 2036 1892 große
2067 1842 2258 1902 Schöpfung
2289 1854 2361 1914 war
2391 1860 2445 1920 der
2494 1870 2625 1930 Roman
2668 1884 2860 1944 „Therese".
2902 1901 3082 1961 Schnitzler

1938 1879 1992 1939 hat
2023 1884 2072 1944 sich
2103 1890 2194 1950 durch
2231 1900 2286 1960 das
2317 1907 2414 1967 Stück
2446 1919 2629 1979 „Professor
2660 1931 2874 1991 Bernhardi"
2923 1945 3008 2005 schon
3046 1954 3076 2014 in

1929 1928 1981 1988 der
2009 1940 2256 2000 Vorkriegszeit
2276 1953 2329 2013 den
2363 1961 2429 2021 Haß
2463 1966 2517 2026 der
2538 1974 2771 2034 Herrschenden
2805 1996 3005 2056 zugezogen.

2122 2338 2552 2398 OSER

2213 2402 2242 2462 I.
2257 2394 2374 2454 österr.
2385 2385 2531 2445 behördl.
2547 2370 2840 2430 konzessioniertes

2173 2439 2407 2499 Unternehmen
2436 2427 2484 2487 für
2513 2408 2896 2468 Zeitungs-Ausschnitte

2231 2496 2380 2556 WIEN,
2403 2492 2452 2552 I.,
2482 2477 2768 2537 WOLLZEILE
2811 2462 2853 2522 11

2329 2539 2546 2599 TELEPHON
2581 2526 2754 2586 R-23-0-43

2141 2698 2358 2758 Ausschnitt
2389 2683 2453 2743 aus
2466 2680 2477 2740 :

2461 2780 2617 2840 Raune
2637 2776 2688 2836 dus
2716 2769 2838 2829 Lumde

2160 2924 2270 2984 vom:

2460 2910 2483 2970 2
2521 2918 2569 2978 4.
2583 2927 2704 2987 OKT.
2730 2943 2827 3003 1932

2121 3011 2261 3071 Arthur
2296 3018 2494 3078 Schnitzler
2529 3026 2728 3086 gestorben.
2779 3033 2969 3093 Mittwoch
3004 3037 3053 3097 ist

2050 3056 2108 3116 der
2142 3061 2285 3121 Wiener
2319 3067 2456 3127 Dichter
2510 3071 2587 3131 Dr.
2614 3076 2751 3136 Arthur
2779 3084 3053 3144 Schnitzler

2050 3109 2187 3169 wenige
2216 3115 2370 3175 Monate
2404 3116 2465 3176 vor
2499 3119 2553 3179 der
2587 3124 2819 3184 Vollendung
2853 3132 2969 3192 seines
2998 3135 3058 3195 70.

2051 3158 2315 3218 Lebensjahres
2351 3165 2558 3225 gestorben.
2605 3174 2800 3234 Schnitzler
2836 3181 2928 3241 hatte
2969 3184 3043 3244 noch

2041 3204 2084 3264 am
2133 3207 2349 3267 Vormittag
2393 3216 2490 3276 einen
2534 3222 2788 3282 Spaziergang
2826 3231 3047 3291 unternom¬

2043 3253 2114 3313 men
2153 3257 2224 3317 und
2253 3259 2329 3319 war
2357 3266 2457 3326 gegen
2496 3268 2633 3328 Mittag
2662 3273 2689 3333 in
2728 3275 2816 3335 seine
2844 3281 3037 3341 Wohnung

2042 3304 2296 3364 heimgekehrt.
2326 3311 2388 3371 Als
2430 3314 2464 3374 er
2499 3316 2614 3376 seiner
2644 3322 2858 3382 Sekretärin
2899 3330 2933 3390 zu
2974 3331 3043 3391 dik¬

2036 3350 2148 3410 tieren
2211 3359 2386 3419 beginnen
2449 3363 2590 3423 wollte,
2619 3371 2698 3431 sank
2727 3372 2765 3432 er
2794 3375 2947 3435 plötzlich
2987 3380 3043 3440 be¬

2035 3401 2195 3461 wußtlos
2229 3409 2455 3469 zusammen.
2478 3411 2533 3471 Er
2561 3416 2649 3476 starb
2683 3419 2821 3479 wenige
2855 3427 3026 3487 Minuten

2038 3449 2109 3509 nach
2137 3453 2153 3513 6
2182 3455 2253 3515 Uhr
2276 3458 2435 3518 abends,
2452 3464 2540 3524 ohne
2568 3465 2617 3525 die
2646 3468 2855 3528 Besinnung
2889 3476 3037 3536 wieder¬

2029 3500 2181 3560 erlangt
2210 3505 2238 3565 zu
2273 3506 2402 3566 haben.
2425 3512 2498 3572 Dr.
2516 3512 2657 3572 Arthur
2686 3520 2878 3580 Schnitzler
2907 3525 2968 3585 litt
2992 3526 3025 3586 an

2032 3546 2132 3606 einer
2164 3556 2613 3616 Herzmuskelentartung
2657 3565 2719 3625 und
2762 3569 2857 3629 stand
2895 3572 3031 3632 bereits

2027 3598 2091 3658 seit
2116 3601 2245 3661 langem
2292 3604 2321 3664 in
2357 3610 2545 3670 ärztliche:
2575 3617 2840 3677 Behandlung.
2888 3625 3028 3685 Arthur

2028 3648 2214 3708 Schnitzler
2243 3653 2304 3713 hat
2328 3657 2362 3717 in
2396 3661 2509 3721 seinem
2555 3664 2668 3724 letzten
2708 3669 2832 3729 Willen
2867 3674 3031 3734 folgende

2021 3701 2286 3761 Verfügungen
2327 3709 2529 3769 getroffen:
2558 3717 2748 3777 Herzstich,
2777 3720 2875 3780 keine
2910 3723 3031 3783 Krän¬

2018 3748 2071 3808 ze,
2095 3749 2195 3809 keine
2225 3753 2355 3813 Parte,
2379 3753 2449 3813 auch
2485 3759 2514 3819 in
2557 3763 2609 3823 der
2645 3767 2799 3827 Zeitung
2835 3772 2941 3832 nicht,
2959 3773 3035 3833 Be¬

2015 3796 2170 3856 gräbnis
2211 3802 2332 3862 letzter
2367 3807 2505 3867 Klasse.
2552 3813 2632 3873 Das
2673 3816 2771 3876 durch
2812 3824 3025 3884 Befolgung

2018 3846 2126 3906 dieser
2167 3853 2462 3913 Bestimmungen
2508 3862 2692 3922 erübrigte
2728 3867 2825 3927 Geld
2861 3872 2906 3932 ist
2941 3875 3027 3935 Spi¬

2012 3897 2243 3957 talszwecken
2284 3906 2556 3966 zuzuwenden.
2603 3914 2718 3974 Keine
2759 3919 2904 3979 Reden,
2933 3923 3031 3983 Ver¬

2011 3944 2182 4004 meidung
2240 3953 2329 4013 allen
2394 3956 2565 4016 rituellen
2623 3965 2859 4025 Beiwerkes,
2923 3977 3018 4037 keine

2023 4043 2168 4103 Trauer
2211 4056 2335 4116 tragen
2399 4064 2481 4124 nach
2536 4075 2670 4135 meinem
2724 4085 2848 4145 Tode,
2880 4099 3025 4159 absoluf

2020 4091 2141 4151 keine!
