3296 4384
351 166 464 226 dees
486 163 588 223 denaa
673 163 703 223 da
766 163 942 223 dchan
995 160 1004 220 d

209 321 563 381 Luftpostbrief
596 316 1067 376 Berlin-Brasilien
1110 318 1140 378 in
1183 317 1349 377 vierzig

656 393 922 453 Stunden.

3074 401 3145 461 AUS
3170 402 3205 462 S7

3082 446 3219 506 ODERS

729 452 922 512 Berlin,
947 455 1001 515 17.
1026 455 1177 515 Oktober.
1208 452 1335 512 (DNB.)

304 503 360 563 Die
395 503 766 563 Lufthansa=Flugzeuge
818 503 960 563 brachten
1018 503 1069 563 die
1104 503 1137 563 am
1189 502 1240 562 15.
1269 500 1303 560 d.
1326 503 1383 563 M.

193 551 342 611 morgens
380 551 406 611 in
444 551 625 611 Frankfurt
652 551 689 611 am
743 548 833 608 Main
892 548 1094 608 abgefertigte
1153 548 1377 608 Südamerika¬

194 599 332 659 Luftpost
360 599 386 659 in
419 599 532 659 vierzig
565 596 709 656 Stunden
747 598 811 658 nach
844 596 1021 656 Brasilien.
1049 597 1112 657 Der
1140 595 1381 655 Dornier=Wal,

1472 633 1524 693 Das
1547 631 1578 691 ist
1590 631 1643 691 das
1666 631 1892 691 Hermes=-Palat
1904 630 1935 690 in
1959 628 2001 688 der
2024 627 2239 687 Straßenbahn,
2251 624 2293 684 das
2316 623 2422 683 sowohl
2434 621 2521 681 wegen
2543 620 2585 680 der
2619 619 2770 679 Schönheit
2792 619 2834 679 der
2857 619 3040 679 angebotenen
3063 620 3169 680 Schuhe
3192 622 3234 682 wi

193 645 246 705 der
273 645 326 705 den
359 646 438 706 Flug
465 643 539 703 über
566 643 619 703 den
652 643 795 703 Atlantik
822 643 1003 703 ausführte,
1025 643 1162 703 erreichte
1190 642 1301 702 bereits
1323 643 1360 703 am

2089 667 2175 727 wegen
2211 667 2254 727 des
2281 661 2507 721 geschmackvollen
2534 661 2683 721 Entwurfs
2710 661 2770 721 viel
2789 661 2919 721 Aufehen
2946 661 3032 721 erregt
3060 661 3120 721 hat.

193 694 321 754 Freitag
357 694 473 754 abend,
497 694 566 754 nach
596 694 712 754 vierzig
748 691 887 751 Stunden
929 692 1010 752 also,
1034 691 1203 751 Brasilien.

774 878 975 938 Bor
1044 882 1288 942 sunf
1357 878 1736 938 Sahren
1832 872 2088 932 sturd
2198 869 2522 929 Artur
2605 868 3201 928 Schnihler.

1946 934 2022 994 Von

1422 1010 2032 1070 Universitätsprofessor
2057 1010 2147 1070 Dr.
2172 1008 2369 1068 Eduard
2403 1006 2600 1066 Castle.

2619 1073 2715 1133 sogar
2749 1070 2813 1130 erst
2847 1073 2968 1133 fünfzig
3011 1072 3116 1132 Jahre
3157 1071 3229 1131 nach

523 1085 611 1145 Artur
641 1085 794 1145 Schnitzler
825 1085 860 1145 ist
890 1083 930 1143 ein
966 1083 1060 1143 halbes
1090 1085 1167 1145 Jahr
1197 1083 1250 1143 vor
1274 1082 1362 1142 seinem
1411 1085 1475 1145 wir
1511 1082 1664 1142 feststellen
1700 1083 1717 1143 —
1771 1082 1835 1142 was
1877 1082 2031 1142 übrigens
2073 1079 2149 1139 schon
2197 1079 2249 1139 die
2285 1078 2409 1138 ältesten
2457 1077 2592 1137 Kritiker

2620 1121 2740 1181 werden
2769 1120 2882 1180 dürfe?

412 1127 564 1187 siebzigsten
599 1122 791 1182 Geburtstag,
816 1122 849 1182 am
895 1124 943 1184 21.
969 1121 1086 1181 Oktober
1121 1121 1204 1181 1931,
1230 1121 1303 1181 einem
1343 1121 1376 1181 an

1406 1133 1658 1193 hervorgehoben
1695 1131 1787 1191 haben
1824 1130 1875 1190 —,
1902 1130 1953 1190 daß
1989 1130 2020 1190 er
2052 1129 2113 1189 nur
2144 1127 2227 1187 einen
2263 1126 2376 1186 kleinen
2413 1124 2593 1184 Ausschnitt

407 1163 570 1223 Leistungen
609 1163 662 1223 und
692 1163 826 1223 Erfolgen
860 1162 962 1222 reichen
1001 1162 1082 1222 Leben
1121 1161 1165 1221 jäh
1194 1161 1271 1221 durch
1300 1160 1377 1220 einer

1407 1183 1462 1243 der
1495 1180 1622 1240 Wiener
1655 1178 1848 1238 Gesellschaft
1876 1178 2030 1238 schildert,
2075 1175 2130 1235 daß
2169 1175 2290 1235 Anatol
2318 1172 2372 1232 und
2406 1172 2461 1232 der
2495 1172 2582 1232 junge

2954 1178 3149 1238 Komödie
3183 1178 3214 1238 de

414 1202 616 1262 Schlaganfall
641 1202 769 1262 entrissen
809 1199 942 1259 worden;
992 1200 1041 1260 der
1081 1199 1164 1259 frühe
1210 1199 1263 1259 Tod
1308 1199 1367 1259 eine

1411 1229 1588 1289 Medardus
1629 1226 1709 1286 nicht
1739 1223 1905 1283 schlechthin
1946 1223 2020 1283 der
2049 1223 2192 1283 Wiener,
2239 1223 2296 1283 das
2331 1223 2417 1283 „süße
2452 1220 2584 1280 Mädel“

2721 1227 2767 1287 In
2795 1232 2848 1292 der
2876 1232 2936 1292 Tat
2957 1229 3010 1289 übt
3031 1229 3152 1289 manche

413 1241 543 1301 geliebten
578 1241 697 1301 Tochter
737 1241 787 1301 hat
823 1241 986 1301 vermutlich
1027 1241 1078 1301 das
1107 1239 1185 1299 Ende
1221 1235 1384 1295 vorhereitet

1413 1276 1495 1336 nicht
1515 1276 1688 1336 schlechthin
1720 1274 1784 1334 die
1817 1271 1970 1331 Wienerin
2003 1271 2047 1331 ist.

413 1277 468 1337 und
502 1276 702 1336 beschleunigt.

2620 1284 2703 1344 aus,
2726 1282 2774 1342 dem
2825 1280 2887 1340 man
2923 1276 2993 1336 gern
3029 1277 3156 1337 erliegt.

2617 1328 2679 1388 auf
2706 1329 2755 1389 der
2782 1327 2863 1387 Reise
2889 1325 2958 1385 nach
2984 1324 3128 1384 längerer
3154 1325 3210 1385 Zei

313 1336 380 1396 Von
418 1336 466 1396 den
498 1336 731 1396 Schriftstellern
763 1336 817 1396 der
843 1336 1057 1396 Generation.
1077 1333 1125 1393 der
1157 1333 1187 1393 er
1212 1332 1371 1392 angehörke

1953 1351 2230 1411 komplizierte
2256 1348 2460 1408 Subjekte.

1545 1356 1628 1416 Die
1651 1354 1856 1414 Menschen

2624 1378 2657 1438 in
2692 1378 2733 1438 die
2759 1377 2886 1437 Hände.
2904 1375 2962 1435 Ich
2989 1375 3099 1435 konnte
3125 1375 3183 1435 mid

199 1384 237 1444 ist
258 1386 283 1446 in
311 1387 362 1447 den
390 1384 482 1444 letzten
509 1384 626 1444 Jahren
660 1384 739 1444 einer
766 1386 831 1446 nach
858 1384 904 1444 dem
945 1384 1076 1444 anderen
1116 1384 1366 1444 dahingegangen

1950 1411 2000 1471 sich
2044 1413 2109 1473 fast
2146 1410 2261 1470 immer
2305 1408 2370 1468 nur
2414 1408 2478 1468 mit
2516 1405 2573 1465 dem

1518 1417 1685 1477 Schnitzler
1730 1415 1891 1475 beschäftig

204 1435 483 1495 Hofmannsthal,
509 1432 614 1492 Bahr,
639 1432 775 1492 Wasser¬

1409 1466 1615 1526 Individuum
1672 1464 1728 1524 und
1766 1462 1859 1522 seiner
1891 1459 2110 1519 Psychologie.
2155 1458 2279 1518 „Sollte
2311 1455 2341 1515 es
2373 1455 2479 1515 Ihnen
2524 1453 2585 1513 nock

207 1484 326 1544 mann,
354 1483 456 1543 Karl.
473 1480 576 1540 Kraus
620 1480 657 1540 u.
680 1480 723 1540 m.
745 1480 761 1540 a

1415 1514 1497 1574 nicht
1527 1512 1709 1572 aufgefallen
1751 1509 1845 1569 sein,"
1875 1508 1957 1568 heißt
1987 1506 2022 1566 es
2058 1506 2081 1566 in
2124 1506 2205 1566 einem
2259 1502 2352 1562 seiner
2389 1500 2600 1560 Schauspiele,

210 1532 250 1592 Es
286 1530 337 1590 hat
367 1530 495 1590 beinahe
525 1527 576 1587 den
618 1527 780 1587 Anschein,

1415 1565 1503 1625 „was
1527 1560 1579 1620 für
1610 1559 1816 1619 komplizierte
1841 1557 1987 1617 Subjekte
2012 1554 2070 1614 wir
2101 1554 2254 1614 Menschen
2284 1550 2313 1610 im
2349 1548 2484 1608 Grunde
2514 1547 2596 1607 sind:

204 1579 258 1639 als
283 1578 313 1638 ob
344 1576 387 1636 die
412 1577 484 1637 Zeit
503 1575 656 1635 versinken
687 1575 766 1635 sollte

1414 1610 1463 1670 So
1497 1608 1591 1668 vieles
1630 1608 1685 1668 hat
1713 1606 1845 1666 zugleich
1879 1605 1967 1665 Raum
2023 1602 2045 1662 in
2085 1602 2167 1662 uns!
2217 1599 2306 1659 Liebe
2339 1596 2400 1656 und
2434 1596 2522 1656 Trug

202 1626 264 1686 aus
305 1624 360 1684 der
418 1624 479 1684 und
520 1623 576 1683 für
622 1620 666 1680 die
707 1623 780 1683 jene

1956 1650 2124 1710 Anbetung
2158 1648 2209 1708 für
2243 1647 2293 1707 die
2322 1646 2389 1706 eine
2423 1644 2479 1704 und
2513 1642 2596 1702 Ver¬

1413 1657 1517 1717 Treue
1554 1656 1611 1716 und
1648 1653 1872 1713 Treulosigkeit

202 1674 348 1734 Männer
410 1672 595 1732 geschrieben
663 1669 781 1729 haben.

1414 1704 1529 1764 langen
1563 1704 1629 1764 nach
1662 1701 1745 1761 einer
1774 1701 1900 1761 anderen
1939 1698 2011 1758 oder
2039 1698 2105 1758 nach
2138 1695 2315 1755 mehreren.
2343 1692 2409 1752 Wir
2437 1692 2591 1752 versuchen

213 1721 318 1781 Dabei
352 1721 468 1781 drängt
496 1718 545 1778 sich
579 1716 695 1776 jedem,
724 1715 779 1775 der

1415 1752 1503 1812 wohl
1527 1748 1686 1808 Ordnung
1716 1747 1745 1807 in
1781 1746 1840 1806 uns
1876 1748 1905 1808 zu
1941 1745 2082 1805 schaffen,
2106 1746 2129 1806 so
2165 1745 2218 1805 gut
2249 1739 2277 1799 es
2308 1740 2395 1800 geht,
2420 1739 2490 1799 aber
2520 1739 2596 1799 dies¬

211 1769 417 1829 Gelegenheit
439 1766 537 1826 hatte,
560 1765 586 1825 im
630 1763 771 1823 Ausland

1419 1799 1572 1859 Ordnung
1608 1798 1643 1858 ist
1667 1796 1731 1856 doch
1762 1795 1821 1855 nur
1851 1793 1945 1853 etwas
1975 1793 2187 1853 Künstliches;
2206 1790 2264 1850 das
2295 1789 2472 1849 Natürliche
2502 1785 2513 1845 —
2567 1784 2607 1844 ist

208 1818 270 1878 mit
297 1814 478 1874 Gebildeten
510 1814 588 1874 über
615 1810 776 1870 Literatur

1414 1849 1474 1909 das
1508 1847 1685 1907 Chaos...
1708 1842 1769 1902 Die
1803 1843 1891 1903 Seele
1925 1841 1963 1901 ist
1991 1841 2036 1901 ein
2075 1839 2174 1899 weites
2214 1836 2330 1896 Land."

209 1873 242 1933 zu
282 1865 438 1925 sprechen,
466 1861 510 1921 die
550 1859 773 1919 Beobachtung

1524 1901 1630 1961 Dieses
1672 1899 1760 1959 weite
1802 1898 1885 1958 Land
1927 1898 2116 1958 planmäßig
2158 1899 2187 1959 zu
2235 1895 2418 1955 erforschen,
2454 1890 2601 1950 überläßt

210 1913 279 1973 auf,
308 1913 359 1973 daß
400 1911 504 1971 Artur
540 1907 707 1967 Schnitzler
748 1910 776 1970 zu

1416 1951 1589 2011 Schnitzler
1620 1945 1836 2005 Theoretikern
1867 1945 1926 2005 wie
1957 1945 2077 2005 Freud.
2101 1945 2143 2005 Er
2174 1942 2215 2002 ist
2240 1941 2293 2001 der
2318 1939 2480 1999 praktische
2510 1941 2588 2001 Arzt

202 1960 260 2020 den
325 1957 583 2017 meistgekannten
653 1952 782 2012 Wiener

1415 1999 1472 2059 der
1525 1999 1577 2059 ihm
1646 1993 1915 2053 unterkommende
1947 1993 2168 2053 „interessante
2200 1990 2305 2050 Fälle"
2337 1987 2484 2047 sammelt
2537 1985 2594 2045 und

207 2008 449 2068 Schriftstellern
485 2005 611 2065 gehört,
635 2003 693 2063 daß
728 2004 780 2064 sich

1414 2047 1601 2107 beschreibt,
1624 2044 1816 2104 gelegentlich
1856 2041 1910 2101 mit
1938 2040 2038 2100 etwas
2071 2041 2203 2101 Zweifel
2232 2038 2269 2098 an
2309 2035 2402 2095 seiner
2430 2034 2595 2094 ärztlichen

209 2056 275 2116 nach
315 2055 414 2115 seinen
454 2053 676 2113 Erzählungen
721 2050 776 2110 und

1419 2095 1532 2155 Kunst,
1559 2092 1753 2152 gelegentlich
1786 2088 1845 2148 mit
1873 2086 1953 2146 einer
1986 2086 2104 2146 leichten
2143 2086 2277 2146 Ironie,
2305 2084 2374 2144 aber
2402 2082 2515 2142 immer
2548 2080 2606 2140 mit

212 2102 352 2162 Dramen
395 2101 441 2161 die
478 2101 676 2161 Vorstellung
718 2099 774 2159 von

1419 2143 1472 2203 der
1505 2140 1672 2200 gebotenen
1705 2137 1856 2197 Nachsicht
1889 2134 1948 2194 und
1986 2134 2088 2194 Milde
2121 2133 2169 2193 des
2207 2133 2342 2193 Urteils.
2381 2132 2428 2192 Im
2478 2129 2606 2189 Mittel¬

212 2151 297 2211 Wien
356 2149 410 2209 als
469 2149 522 2209 der
575 2146 682 2206 Stadt
731 2146 778 2206 des

1417 2190 1522 2250 punkt
1549 2187 1649 2247 seiner
1682 2184 1935 2244 Beobachtungen
1977 2181 2051 2241 steht
2083 2180 2141 2240 das
2173 2178 2315 2238 erotische
2347 2175 2521 2235 Problem,
2548 2175 2600 2235 das

219 2203 326 2263 „süßen
366 2198 535 2258 Mädels",
570 2193 626 2253 des
661 2196 784 2256 Anatol

1422 2235 1532 2295 Wissen
1566 2233 1637 2293 oder
1665 2232 1808 2292 vielmehr
1836 2230 2023 2290 Nichtwissen
2057 2229 2089 2289 um
2134 2226 2222 2286 Liebe
2250 2226 2305 2286 und
2333 2223 2481 2283 Frauen.
2504 2223 2608 2283 Dabei

209 2248 272 2308 und
322 2247 380 2307 des
429 2246 542 2306 jungen
602 2241 779 2301 Medardus

1422 2285 1460 2345 ist
1494 2283 1543 2343 ihm
1593 2281 1658 2341 aber
1692 2280 1757 2340 jene
1791 2278 1967 2338 Dämonie,
2012 2276 2072 2336 mit
2116 2274 2165 2334 der
2210 2272 2253 2332 ein
2304 2272 2512 2332 Strindberg,
2552 2271 2595 2331 ein

214 2295 353 2355 gebildet
377 2295 440 2355 hat.
458 2292 499 2352 Es
523 2292 557 2352 ist
575 2291 656 2351 nicht
674 2290 783 2350 immer

2673 2304 2775 2364 Marie
2791 2301 2937 2361 Hofteufel
2953 2301 3048 2361 spielte
3071 2301 3114 2361 die
3129 2299 3209 2359 Erna

954 2313 1052 2373 Artur
1075 2312 1229 2372 Schnitzler

1425 2331 1584 2391 Wedekind
1635 2330 1662 2390 in
1713 2326 1762 2386 die
1807 2327 1927 2387 inneren
1972 2322 2143 2382 Abgründe
2177 2321 2459 2381 hineinzuleuchten
2503 2319 2597 2379 suchte

2670 2345 2698 2405 in
2758 2343 2809 2403 der
2855 2339 3098 2399 Erstaufführung
3151 2337 3209 2397 von

213 2343 316 2403 leicht,
344 2341 567 2401 Ausländern,
590 2340 639 2400 die
666 2338 715 2398 nie
748 2341 775 2401 zu

826 2364 897 2424 (nach
930 2361 1008 2421 einer
1035 2360 1197 2420 Aufnahme
1224 2359 1276 2419 aus
1303 2358 1341 2418 dem

1422 2379 1626 2439 vollkommen
1665 2375 1775 2435 fremd.
1803 2372 1907 2432 Nichts
1935 2370 2012 2430 liegt
2040 2370 2095 2430 dem
2140 2368 2255 2428 älteren
2294 2367 2459 2427 Schnitzler
2488 2365 2597 2425 ferner

2773 2382 2856 2442 „Das
2892 2379 2975 2439 weite
3004 2378 3115 2438 Land".

217 2390 277 2450 uns
306 2390 478 2450 gekommen
512 2385 589 2445 sind,
613 2384 784 2444 begreiflich

983 2399 1079 2459 Jahre
1110 2398 1205 2458 1894).

2409 2411 2492 2471 oder

1422 2427 1477 2487 als
1533 2423 1582 2483 die
1643 2422 1758 2482 Moral
1814 2420 1869 2480 der
1930 2415 2128 2475 Gesellschaft
2184 2414 2349 2474 kritisieren

213 2444 245 2504 zu
295 2438 436 2498 machen,
469 2435 529 2495 daß
573 2434 654 2494 diese
693 2432 785 2492 Vor¬

2638 2462 2756 2522 gerade
2782 2459 2857 2519 das,
2892 2457 2959 2517 was
3002 2459 3043 2519 sie
3078 2456 3238 2516 seinerzeil

208 2486 334 2546 stellung
368 2486 422 2546 von
456 2485 533 2545 Wien
573 2482 672 2542 ebenso
700 2481 782 2541 falsch
816 2480 876 2540 und
905 2478 1071 2538 ungerecht
1093 2475 1126 2535 ist
1154 2474 1209 2534 wie
1238 2474 1281 2534 die
1304 2473 1392 2533 land=
1426 2472 1691 2532 revolutionieren
1742 2471 1768 2531 zu
1819 2468 1946 2528 wollen.
1991 2464 2090 2524 Seine
2118 2463 2233 2523 Helden
2273 2462 2334 2522 sind
2368 2462 2616 2522 Einzelgänger,

1424 2524 1510 2584 ihrem
1557 2519 1700 2579 sittlichen
1741 2517 1907 2577 Charakter
1942 2513 2011 2573 nach
2046 2513 2213 2573 Egoisten,
2242 2513 2346 2573 häufig
2381 2509 2461 2569 ohne
2490 2509 2611 2569 Beruf,
2640 2507 2945 2567 Problemdramen,
2974 2505 2997 2565 in
3032 2505 3129 2565 denen
3164 2504 3193 2564 ei

209 2537 348 2597 läufige,
371 2532 414 2592 die
449 2531 493 2591 sich
527 2531 604 2591 viele
633 2531 689 2591 aus
723 2530 929 2590 leichtlebigen
963 2525 1023 2585 und
1058 2522 1280 2582 leichtsinnigen
1314 2521 1375 2581 fran

1432 2572 1509 2632 ohne
1536 2567 1750 2627 Bindungen,
1770 2566 1854 2626 zwar
1887 2561 1913 2621 in
1952 2561 1997 2621 der
2031 2561 2239 2621 Gesellschaft,
2266 2558 2336 2618 aber
2370 2558 2447 2618 nicht
2474 2555 2525 2615 für
2558 2555 2610 2615 die
2637 2555 2792 2615 Komödie
2819 2555 2871 2615 des
2897 2554 3033 2614 Lebens,
3054 2552 3092 2612 sei
3112 2552 3144 2612 es
3171 2552 3202 2612 an

210 2585 357 2645 zösischen
387 2582 546 2642 Romanen
582 2582 635 2642 von
671 2581 765 2641 Paris
801 2579 854 2639 und
890 2576 936 2636 den
972 2572 1143 2632 Franzosen
1180 2570 1303 2630 bilden.
1315 2573 1391 2633 Nach

1682 2610 1873 2670 Gesellschaft
1914 2605 2041 2665 lebend,
2082 2605 2139 2665 wie
2186 2604 2354 2664 Schnitzler

2076 2653 2129 2713 die
2220 2652 2345 2712 sozialen

1944 2656 1996 2716 für

1683 2656 1864 2716 überhaupt

1676 2704 1922 2764 Erscheinungen
1975 2701 2037 2761 und
2084 2700 2210 2760 Fragen
2262 2698 2359 2758 seiner

1676 2759 1747 2819 Zeit
1772 2752 1825 2812 das
1856 2752 1963 2812 Organ
2000 2749 2059 2809 fast
2084 2750 2161 2810 ganz
2192 2749 2221 2809 zu
2258 2746 2353 2806 fehlen

1681 2801 1808 2861 scheint.
1859 2797 1930 2857 Und
1992 2797 2208 2857 ebensowenig
2264 2792 2364 2852 greift

1685 2846 1716 2906 er
1760 2843 1835 2903 über
1874 2843 1927 2903 den
1976 2843 2090 2903 Bezirk
2128 2841 2182 2901 des
2225 2838 2360 2898 Erfahr¬

1679 2891 1771 2951 baren
1819 2889 1876 2949 und
1912 2889 2136 2949 Erkennbaren
2178 2886 2292 2946 hinaus
2328 2886 2354 2946 in

1683 2939 1737 2999 den
1777 2937 1899 2997 Bereich
1939 2937 1992 2997 des
2027 2934 2277 2994 Irrationalen,
2308 2928 2356 2988 des

1684 2985 1896 3045 Kosmischen,
1955 2983 2008 3043 des
2083 2978 2364 3038 Metaphysischen.

1688 3031 1803 3091 Heftete
1850 3029 1896 3089 ihm
1961 3029 1989 3089 in
2042 3029 2140 3089 seinen
2187 3025 2355 3085 Anfängen

1684 3080 1848 3140 Hermann
1900 3077 1996 3137 Bahr
2048 3074 2104 3134 das
2162 3069 2259 3129 Wort
2305 3069 2361 3129 des

1689 3125 1871 3185 geistreichen
1911 3122 2088 3182 Franzosen
2128 3121 2188 3181 an:
2216 3119 2265 3179 „Il
2299 3116 2360 3176 sait

1686 3171 1758 3231 tous
1791 3170 1831 3230 les
1863 3169 1995 3229 sentiers
2032 3167 2068 3227 du
2105 3165 2209 3225 coeur,
2241 3166 2263 3226 il
2296 3164 2354 3224 n'en

1684 3218 1811 3278 connaît
1851 3218 1910 3278 pas
1950 3218 1979 3278 le
2009 3215 2102 3275 grand
2142 3212 2298 3272 chemin“,

1688 3268 1812 3328 urteilte
1849 3265 1890 3325 ein
1932 3265 2098 3325 moderner
2135 3262 2342 3322 Expressionis

1689 3316 1818 3376 Kasimir
1846 3313 2019 3373 Edschmid,
2041 3311 2116 3371 über
2144 3307 2224 3367 seine
2252 3309 2349 3369 Kunst

1690 3365 1765 3425 „Sie
1801 3361 1923 3421 rätselt,
1959 3359 1993 3419 sie
2041 3360 2075 3420 ist
2117 3358 2269 3418 geistreich
2304 3359 2338 3419 un

1690 3412 1772 3472 klug,
1809 3409 2009 3469 umschreibt,
2046 3406 2116 3466 aber
2159 3406 2247 3466 trifft
2289 3406 2347 3466 nich

1688 3460 1739 3520 bis
1768 3458 1802 3518 an
1838 3457 1936 3517 Gott.

1793 3501 1908 3561 Weder
1955 3502 2007 3562 als
2054 3502 2142 3562 Arzt
2189 3501 2259 3561 noch
2306 3500 2358 3560 als

1189 3497 1406 3557 .

2612 3543 2707 3603 Paula
2732 3543 2856 3603 Müller,

1683 3554 1811 3614 Dichter
1860 3551 2036 3611 vermochte
2085 3549 2256 3609 Schnitzler
2310 3549 2363 3609 den

1223 3558 1339 3618 Hedwig
1369 3556 1497 3616 Reinau,

473 3573 606 3633 Josefine
634 3570 790 3630 Glöckner,

3148 3577 3199 3637 die

2435 3582 2478 3642 die
2504 3582 2616 3642 Bianca
2648 3583 2672 3643 in
2710 3580 2753 3640 der
2785 3582 2934 3642 Premiere
2966 3579 3015 3639 von

1690 3598 1918 3658 Positivismus
1951 3600 1982 3660 zu
2020 3597 2227 3657 verleugnen,
2254 3597 2307 3657 der
2340 3597 2366 3657 in

258 3621 300 3681 die
327 3618 508 3678 Darstellerin
540 3613 588 3673 der
615 3609 711 3669 Annie
733 3609 759 3669 im
802 3603 984 3663 „Abschieds=
1059 3601 1101 3661 die
1134 3600 1197 3660 erste
1224 3596 1357 3656 Gabriele
1385 3592 1411 3652 in
1449 3591 1661 3651 „Weihnachts¬

2644 3621 2817 3681 „Episode".

1282 3633 1421 3693 einkäufe"

1696 3649 1787 3709 seiner
1825 3645 2019 3705 Jugendzeit
2058 3645 2138 3705 gang
2187 3645 2251 3705 und
2290 3645 2365 3705 gäbe

567 3648 705 3708 souper".

240 3725 428 3785 Schnitzlers
456 3723 523 3783 Tod
557 3719 665 3779 schreb
699 3715 739 3775 ein
780 3712 928 3772 Berliner
956 3709 1111 3769 Kritiker:
1152 3710 1239 3770 „Das
1281 3703 1320 3763 ist
1348 3702 1408 3762 das
1443 3700 1530 3760 war.
1571 3697 1672 3757 Einer
1700 3692 1801 3752 seiner
1829 3692 1977 3752 Freunde
2005 3692 2166 3752 berichtet,
2214 3693 2267 3753 daß
2302 3692 2335 3752 er
2370 3691 2436 3751 kurz
2471 3689 2531 3749 vor
2566 3689 2612 3749 des
2647 3687 2849 3747 schreitenden
2877 3686 3052 3746 Menschen,
3073 3686 3112 3746 sei
3140 3686 3166 3746 es
3194 3688 3234 3748 an

2650 3737 2823 3797 männern,
2858 3734 2927 3794 bald
2962 3734 3072 3794 heiter,
3107 3731 3182 3791 bald
3212 3733 3240 3793 sa

1436 3748 1583 3808 Dichters
1616 3743 1742 3803 Ableben
1780 3742 1832 3802 mit
1859 3740 1901 3800 ihm
1949 3740 2012 3800 eine
2039 3740 2128 3800 halbe
2156 3740 2282 3800 Stunde
2309 3740 2361 3800 vom
2404 3737 2620 3797 Spiritismus

234 3776 510 3836 Unvergängliche
539 3768 577 3828 an
616 3765 710 3825 diesem
760 3761 898 3821 Dichter:
927 3758 959 3818 er
993 3758 1048 3818 hat
1076 3756 1143 3816 eine
1177 3755 1281 3815 Welt,
1309 3751 1347 3811 die

235 3826 328 3886 wenn
355 3824 427 3884 auch
455 3819 533 3879 nicht
554 3814 666 3874 immer
687 3811 746 3871 und
773 3809 865 3869 heute
886 3807 965 3867 nicht
986 3805 1071 3865 mehr
1099 3803 1144 3863 die
1172 3801 1271 3861 unsere
1299 3800 1311 3860 —
1358 3800 1404 3860 das
1438 3796 1617 3856 gesprochen
1644 3791 1736 3851 habe,
1757 3790 1809 3850 von
1836 3788 1889 3848 der
1910 3788 2101 3848 Wiederkehr
2129 3788 2194 3848 nach
2222 3788 2275 3848 dem
2315 3788 2414 3848 Tode.
2435 3787 2620 3847 „Schnitzler
2647 3783 2766 3843 werden
2800 3782 3038 3842 nachdenkliche,
3059 3783 3218 3843 skeptische,

1444 3845 1540 3905 zeigte
1578 3841 1676 3901 dieser
1714 3839 1810 3899 Lehre
1849 3836 2021 3896 gegenüber
2060 3836 2108 3896 die
2147 3836 2243 3896 tiefste
2282 3836 2405 3896 Skepsis
2449 3834 2508 3894 und
2552 3833 2616 3893 doch
2655 3830 2876 3890 abgewinnen.

231 3871 502 3931 Kulturgeschehen
535 3863 593 3923 und
620 3860 662 3920 die
684 3857 876 3917 menschliche
898 3854 1105 3914 Entwicklung
1127 3849 1206 3909 stark
1223 3847 1419 3907 beeinflußte,

2745 3878 2843 3938 Unter
2869 3875 2917 3935 den
2955 3875 3084 3935 engeren
3116 3875 3245 3935 Altersg

234 3919 261 3979 in
300 3919 388 3979 fester
422 3912 571 3972 Prägung
616 3909 671 3969 für
705 3905 748 3965 die
782 3903 1020 3963 Weltliteratur
1054 3899 1186 3959 erhalten
1237 3896 1298 3956 und
1326 3892 1408 3952 jenes
1442 3890 1558 3950 wieder
1592 3888 1658 3948 eine
1692 3885 1752 3945 Art
1786 3884 2035 3944 Sehnsucht...“
2069 3881 2162 3941 Nicht
2191 3881 2423 3941 problematisch
2457 3881 2523 3941 war
2562 3881 2606 3941 ihm

2643 3925 2672 3985 im
2714 3922 2845 3982 gleichen
2875 3922 2976 3982 Jahre
3000 3922 3130 3982 geborne
3161 3919 3243 3979 Gerh

1443 3938 1517 3998 aber
1553 3934 1603 3994 der
1639 3932 1763 3992 Glaube
1794 3930 1829 3990 an
1865 3928 1914 3988 die
1945 3928 2101 3988 dauernde
2137 3927 2272 3987 Geltung
2307 3928 2402 3988 seines
2438 3928 2623 3988 Schaffens;

238 3966 431 4026 wienerische
456 3963 516 4023 und
547 3957 776 4017 österreichische
801 3947 903 4007 Wesen
934 3949 988 4009 von
1019 3949 1097 4009 einst
1116 3948 1170 4008 für
1195 3946 1242 4006 die
1267 3942 1418 4002 Nachwelt

2644 3972 2697 4032 ihr
2722 3970 2824 4030 beider
2849 3970 2938 4030 Werk
2963 3968 3017 4028 hat
3036 3969 3089 4029 den
3120 3967 3222 4027 Wert,

1439 3985 1502 4045 wie
1534 3985 1619 4045 hätte
1651 3983 1682 4043 er
1709 3980 1788 4040 sonst
1821 3979 1846 4039 in
1884 3976 1979 4036 seinem
2027 3977 2122 4037 letzten
2165 3976 2270 4036 Willen
2308 3976 2456 4036 verfügen
2494 3973 2604 4033 können

240 4015 495 4075 aufgezeichnet.

2651 4021 2823 4081 bleibender
2854 4018 2944 4078 Wert
2967 4018 2996 4078 in
3028 4018 3178 4078 Anspruch
3209 4018 3245 4078 ge

352 4062 548 4122 Schnitzlers
572 4054 777 4114 Dichterruhm
817 4049 895 4109 wird
920 4048 991 4108 aber
1023 4046 1101 4106 nicht
1125 4042 1322 4102 verkleinert,
1339 4039 1417 4099 wenn
1449 4036 1511 4096 daß
1543 4035 1590 4095 ein
1622 4034 1701 4094 Teil
1733 4030 1835 4090 seines
1867 4027 2048 4087 Nachlasses
2088 4029 2213 4089 dreißig
2246 4028 2364 4088 Jahre,
2396 4026 2443 4086 ein
2491 4025 2624 4085 anderer
