3392 4384
424 240 974 300 etdelseortorn

368 283 572 343 Schnitzlers
609 288 826 348 författartyp
867 294 928 354 har
961 296 1034 356 man
1076 298 1124 358 att

367 331 442 391 söka
478 332 491 392 i
513 333 601 393 hans
633 338 863 398 "borgerliga"
895 342 974 402 yrke
1010 345 1116 405 under

366 380 642 440 ungdomsären;
668 384 726 444 han
760 387 914 447 önskade
945 391 1112 451 nämligen

365 428 378 488 i
409 425 519 485 likhet
551 428 621 488 med
661 430 771 490 fadern
816 435 943 495 utbilda
979 437 1027 497 sig
1067 440 1120 500 till

362 473 482 533 läkare
516 475 569 535 och
612 479 661 539 tog
699 480 865 540 medicine
903 486 1119 546 doktorsgra¬

361 521 422 581 den
453 521 537 581 1885.
573 526 662 586 Efter
684 528 825 588 debuten
857 530 928 590 med
955 535 1114 595 "Anatol"

371 569 433 629 (93)
454 570 550 630 drogs
571 572 629 632 han
655 576 839 636 emellertid
864 581 1018 641 alltmera
1040 581 1114 641 över

362 617 414 677 till
459 617 536 677 rent
565 619 715 679 litterärt
740 622 752 682 —
805 625 1016 685 framförallt
1045 630 1101 690 dra

362 663 503 723 matiskt
524 665 536 725 —
581 667 710 727 arbete,
727 670 779 730 och
808 672 945 732 läkaren
978 676 1035 736 hos
1060 678 1116 738 ho¬

360 709 418 769 nom
468 712 530 772 fick
564 715 664 775 sedan
697 718 972 778 huvudsakligen
1006 725 1118 785 mani¬

359 760 475 820 festera
505 763 546 823 sig
576 763 676 823 genom
718 766 772 826 den
806 769 968 829 kritiska,
981 772 1115 832 lidelse¬

356 808 418 868 fria
468 811 723 871 objektiviteten
757 814 769 874 i
799 817 881 877 hans
915 820 1115 880 människo-

357 854 520 914 skildring
553 858 602 918 och
639 860 694 920 den
721 863 880 923 allsidiga
908 867 1104 927 förstäelsen

354 903 435 963 även
474 903 521 963 för
552 907 762 967 livsformer,
784 912 835 972 som
887 915 1011 975 gängse
1042 915 1110 975 mo¬

350 951 408 1011 ral
431 954 560 1014 brukat
588 954 743 1014 utdöma.

396 997 459 1057 Vill
501 1001 578 1061 man
610 1005 811 1065 ytterligare
839 1011 1007 1071 precisera
1040 1013 1099 1073 den

348 1050 662 1110 stämningsmiljö,
684 1055 724 1115 ur
756 1056 861 1116 vilken
897 1058 1105 1118 Schnitzlers

353 1094 520 1154 dramatik
551 1097 645 1157 vuxit
667 1101 732 1161 upp
762 1103 813 1163 som
857 1104 891 1164 en
922 1106 1068 1166 blomma

348 1144 533 1204 raffinerat
564 1145 684 1205 brutna
723 1151 891 1211 nyanser,
913 1154 964 1214 får
1026 1157 1098 1217 man

344 1190 450 1250 tänka
477 1192 516 1252 på
543 1193 595 1253 den
631 1196 697 1256 mot
719 1199 922 1259 sekelslutet
940 1202 1094 1262 alltmera

341 1240 624 1300 framträdande,
656 1247 961 1307 desillusionerade
993 1253 1103 1313 esteti¬

341 1285 469 1345 cismen
523 1288 598 1348 inom
665 1292 819 1352 litterära
856 1297 1001 1357 kretsar.
1055 1300 1099 1360 De

339 1332 431 1392 äldre
476 1339 767 1399 naturalisternas
798 1345 1080 1405 världsförbättra

342 1381 450 1441 reiver
487 1384 573 1444 hade
605 1388 764 1448 slocknat
797 1392 855 1452 hos
892 1395 951 1455 den
992 1399 1096 1459 yngre

340 1432 607 1492 generationen;
635 1437 707 1497 man
749 1440 835 1500 hade
867 1444 971 1504 blivit
999 1446 1098 1506 skep¬

342 1480 421 1540 tisk,
440 1481 510 1541 man
546 1486 678 1546 började
705 1486 736 1546 se
763 1489 798 1549 på
825 1490 979 1550 tillvaron
1011 1494 1085 1554 utan

335 1527 550 1587 indignation
594 1533 671 1593 eller
706 1535 852 1595 särskild
892 1539 1098 1599 entusiasm.

338 1575 390 1635 och
429 1578 508 1638 man
543 1579 639 1639 sökte
674 1581 739 1641 ofta
775 1584 787 1644 i
814 1587 1031 1647 litteraturen

338 1623 400 1683 när
435 1624 488 1684 den
533 1628 599 1688 inte
635 1629 781 1689 svävade
817 1635 959 1695 alldeles
1021 1638 1096 1698 bort

333 1672 402 1732 från
459 1677 843 1737 vardagsverkligheten
895 1680 909 1740 —
974 1686 1091 1746 äterge

333 1720 414 1780 livet
449 1721 520 1781 helt
550 1726 781 1786 tendenslöst,
805 1730 858 1790 som
912 1732 945 1792 en
984 1736 1084 1796 rörlig

333 1769 423 1829 tavla
451 1771 519 1831 med
547 1772 642 1832 tusen
670 1778 802 1838 valörer
825 1779 897 1839 men
930 1781 1002 1841 utan
1035 1784 1093 1844 nâ¬

337 1821 384 1881 gon
422 1820 566 1880 egentlig
604 1823 796 1883 "mening".
813 1826 828 1886 —
877 1829 945 1889 Vad
979 1833 1085 1893 slutli

336 1868 389 1928 gen
429 1868 486 1928 den
522 1868 606 1928 yttre
638 1871 761 1931 formen
798 1871 850 1931 för
877 1874 1090 1934 Schnitzlers

331 1916 529 1976 produktion
563 1919 691 1979 angår,
710 1919 738 1979 sà
767 1919 923 1979 grundar
952 1922 1008 1982 den
1042 1926 1088 1986 sig

328 1960 397 2020 fråu
459 1963 575 2023 början
637 1966 673 2026 på
731 1966 791 2026 den
829 1966 927 2026 korta
960 1969 1090 2029 dialog-

331 2008 508 2068 novellen,
527 2011 626 2071 sådan
664 2011 717 2071 den
754 2014 918 2074 utbildats
946 2017 1091 2077 särskilt

331 2053 344 2113 1
387 2056 601 2116 Frankrike;
644 2059 835 2119 sedermera
892 2066 1082 2126 tillkomma

332 2104 514 2164 märkbara
548 2107 711 2167 impulser
741 2109 813 2169 frän
847 2110 962 2170 Ibsen.

370 2152 513 2212 Härmed
548 2154 586 2214 är
610 2154 696 2214 både
725 2156 878 2216 formellt
903 2160 955 2220 och
994 2162 1090 2222 inne¬

327 2199 488 2259 hällsligt
529 2202 670 2262 angivet
716 2205 822 2265 några
873 2209 1080 2269 huvuddrag

330 2248 389 2308 hos
419 2250 627 2310 Schnitzler.
672 2253 761 2313 Dock
796 2254 870 2314 vore
905 2255 959 2315 det
989 2260 1087 2320 högst

324 2298 473 2358 oriktigt
497 2298 545 2358 att
569 2299 743 2359 föreställa
772 2304 815 2364 sig
850 2304 955 2364 honom
1004 2309 1090 2369 blott

326 2344 380 2404 som
430 2346 462 2406 en
499 2349 602 2409 typisk
639 2349 879 2409 representant
907 2353 956 2413 för
989 2355 1074 2415 tiden

325 2393 379 2453 och
411 2393 551 2453 miljön.
589 2396 606 2456 I
630 2397 734 2457 själva
766 2399 884 2459 verket
912 2399 943 2459 är
971 2403 1080 2463 denne

325 2441 382 2501 det
404 2441 518 2501 korta,
537 2445 770 2505 novellistiska
802 2450 1079 2510 90-talsdramats

325 2489 470 2549 mästare
501 2492 532 2552 en
568 2495 695 2555 diktare
726 2495 761 2555 av
788 2498 920 2558 ganska
947 2501 1084 2561 tjusan-

327 2537 358 2597 de
390 2540 545 2600 egenart.
591 2540 636 2600 De
664 2543 764 2603 flesta
796 2546 837 2606 av
864 2547 919 2607 oss
947 2549 987 2609 ha
1024 2549 1083 2609 väl

322 2588 385 2648 sett
436 2589 539 2649 nâgra
595 2588 635 2648 av
672 2592 880 2652 Schnitzlers
912 2596 1075 2656 enaktare

324 2635 389 2695 med
423 2635 522 2695 titlar
551 2638 602 2698 som
650 2639 871 2699 "Litteratur”
905 2641 957 2701 och
990 2643 1074 2703 "Den

317 2683 405 2743 stora
441 2686 603 2746 scenen",
630 2686 723 2746 dessa
758 2688 793 2748 en
829 2692 917 2752 gång
952 2692 1053 2752 genom

320 2731 362 2791 sin
397 2734 560 2794 moderna
590 2735 637 2795 ton
672 2737 701 2797 sa
732 2740 980 2800 stimulerande
1011 2743 1079 2803 tea¬

323 2782 531 2842 terstycken,
573 2785 627 2845 som
677 2786 772 2846 blevo
804 2789 1003 2849 ytterligare
1036 2789 1076 2849 le¬

324 2829 426 2889 vande
459 2830 473 2890 i
496 2829 533 2889 de
566 2831 683 2891 Wahls
712 2835 870 2895 briljanta
908 2838 1080 2898 tolkning.

318 2878 385 2938 Här
422 2880 618 2940 satiriserar
650 2883 841 2943 Schnitzler
874 2886 905 2946 ju
946 2886 978 2946 en
1019 2889 1078 2949 hel

319 2926 373 2986 del
396 2928 468 2988 just
491 2928 568 2988 över
596 2929 632 2989 de
660 2934 895 2994 estetkretsar,
914 2934 950 2994 ur
978 2935 1068 2995 vilka

314 2976 376 3036 han
410 2979 501 3039 själv
525 2979 707 3039 framgått.
746 2982 817 3042 Men
851 2982 962 3042 vilken
996 2985 1077 3045 säll-

317 3025 396 3085 synt
445 3027 662 3087 opartiskhet
694 3028 746 3088 och
787 3029 973 3089 känsligs
1022 3035 1070 3095 för

313 3074 508 3134 nyanserna
538 3076 550 3136 i
572 3076 680 3136 denna
709 3078 809 3138 satir!
851 3080 1063 3140 rorfattaren

322 3120 377 3180 vill
397 3122 466 3182 inte
490 3123 564 3183 taga
593 3125 686 3185 parti
705 3125 718 3185 —
766 3125 882 3185 därtill
906 3128 966 3188 har
990 3131 1078 3191 han,

314 3170 419 3230 enligt
473 3170 548 3230 eget
597 3173 797 3233 uttalande,
824 3176 943 3236 varken
983 3179 1080 3239 mod,

313 3218 564 3278 temperament
600 3221 679 3281 eller
715 3223 825 3283 enfald
866 3225 1073 3285 tillräckligt

369 3266 446 3326 utan
476 3268 536 3328 han
567 3268 661 3328 nöjer
687 3269 734 3329 sig
765 3271 833 3331 med
864 3272 915 3332 att
937 3274 1074 3334 presen¬

312 3313 380 3373 tera
420 3313 453 3373 de
493 3316 583 3376 olika
635 3319 940 3379 ständpunkterna
1005 3324 1060 3384 och

309 3362 640 3422 människotyperna
675 3366 687 3426 i
709 3367 846 3427 elegant
873 3370 1053 3430 koncentre

309 3407 367 3467 rad
395 3409 495 3469 form.
510 3412 605 3472 Livet
624 3412 660 3472 är
683 3415 792 3475 löjligt
811 3415 888 3475 eller
912 3420 1076 3480 tragiskt,

309 3457 362 3517 som
409 3459 483 3519 man
517 3460 579 3520 vill
600 3460 633 3520 se
663 3461 734 3521 det,
751 3463 850 3523 halvt
872 3466 979 3526 teater
1005 3467 1059 3527 och

315 3504 408 3564 halyt
432 3507 641 3567 verklighet,
660 3510 725 3570 ofta
758 3511 823 3571 rikt
847 3513 861 3573 i
884 3513 931 3573 sin
964 3516 1066 3576 skön-

312 3555 368 3615 het
385 3555 454 3615 men
484 3558 605 3618 nästan
635 3558 725 3618 alltid
752 3559 824 3619 med
851 3561 885 3621 en
915 3564 1070 3624 vemods¬

308 3603 436 3663 skugga
463 3603 538 3663 mitt
556 3606 569 3666 i
587 3606 799 3666 rikedomen.
831 3609 928 3669 Trots
951 3613 1056 3673 denna

305 3651 402 3711 svala
433 3651 486 3711 och
522 3654 627 3714 nâgot
650 3656 799 3716 ironiska
831 3657 958 3717 livssyn
994 3662 1055 3722 kan

306 3698 500 3758 Schnitzler
548 3701 629 3761 dock
669 3701 737 3761 icke
772 3704 958 3764 betecknas
993 3708 1044 3768 som

308 3746 338 3806 en
392 3749 604 3809 kallsinnig,
627 3752 773 3812 artistisk
813 3754 1065 3814 experimenta-

304 3797 371 3857 tor.
417 3797 490 3857 Han
532 3800 659 3860 känner
692 3800 818 3860 tvärtom
874 3803 987 3863 varmt
1015 3806 1060 3866 för

306 3844 552 3904 människorna
586 3847 598 3907 —
648 3847 719 3907 men
753 3851 815 3911 han
849 3851 983 3911 känner
1012 3854 1062 3914 för

306 3891 364 3951 dem
410 3894 527 3954 alla.

342 3940 456 4000 Redan
497 3943 566 4003 med
607 3944 663 4004 sitt
695 3946 906 4006 dramatiska
942 3949 1061 4009 debut¬

303 3988 417 4048 arbete
484 3991 631 4051 Anatol"

736 3991 769 4051 en
821 3994 910 4054 serie
954 3997 1063 4057 dialo¬

301 4039 377 4099 ger,
405 4037 463 4097 dár
496 4039 532 4099 de
569 4039 623 4099 tys
660 4042 810 4102 mamfliga
846 4045 1051 4105 personerna

302 4084 355 4144 äro
404 4089 660 4149 genomgående
692 4090 762 4150 men
802 4090 859 4150 där
891 4093 1063 4153 kvinnofi-

300 4133 445 4193 gurerna
472 4135 565 4195 växla
592 4135 600 4195 —
645 4137 702 4197 har
724 4139 909 4199 Schnitzler
932 4140 1059 4200 tydligt

299 4182 436 4242 angivit
463 4182 505 4242 sin
540 4185 613 4245 ton.
657 4185 725 4245 Med
755 4186 811 4246 den
846 4189 1052 4249 graciosaste

302 4230 468 4290 ordkonst
493 4233 638 4293 skildras
668 4234 730 4294 här
760 4236 1042 4296 wiener-erotiken

285 4278 393 4338 en
428 4281 488 4341 ad
523 4281 656 4341 typiska
691 4283 790 4343 aspek

1152 410 1159 470 i
1176 411 1224 471 all
1240 413 1297 473 den
1325 417 1406 477 lâtta
1431 419 1544 479 leken.
1577 423 1694 483 Denna
1718 425 1771 485 art
1792 429 1828 489 av
1856 431 1888 491 pà

1147 461 1179 521 en
1208 463 1288 523 gång
1321 464 1496 524 spirituell
1516 468 1569 528 och
1602 472 1792 532 realistiskt
1813 476 1902 536 ofór¬

1147 509 1235 569 färad
1289 513 1524 573 erotikanalys
1552 518 1612 578 när
1641 519 1690 579 sin
1727 524 1896 584 kulmina-

1149 557 1206 617 tion
1259 557 1276 617 i
1325 560 1383 620 den
1423 560 1568 620 1896—97
1600 566 1737 626 skrivna
1772 572 1882 632 pjäsen

1157 604 1324 664 "Reigen",
1341 606 1390 666 som
1433 610 1524 670 länge
1550 611 1587 671 av
1613 614 1771 674 censuren
1801 619 1896 679 hind¬

1144 649 1236 709 rades
1265 652 1313 712 att
1334 655 1560 715 framkomnia
1585 661 1621 721 pà
1650 662 1787 722 scenen.
1820 667 1888 727 Här

1147 697 1272 757 beröres
1304 703 1429 763 endast
1458 704 1628 764 erotikens
1661 712 1753 772 lägre
1786 714 1891 774 områ¬

1147 748 1195 808 de,
1211 748 1280 808 men
1309 751 1503 811 författaren
1536 755 1726 815 behandlar
1751 760 1808 820 sitt
1828 761 1892 821 öm¬

1141 796 1236 856 täliga
1270 796 1366 856 ämne
1396 799 1463 859 med
1496 804 1597 864 sådan
1626 808 1889 868 överlägsenhet

1143 843 1192 903 och
1247 846 1405 906 elegans,
1431 848 1476 908 att
1506 849 1564 909 det
1593 855 1764 915 knappast
1798 857 1885 917 finns

1135 891 1313 951 anledning
1350 894 1407 954 till
1430 897 1635 957 förargelse.
1685 903 1801 963 Denna
1837 906 1890 966 del

1137 938 1172 998 av
1199 940 1424 1000 kärlekslivet
1447 942 1482 1002 är
1504 945 1553 1005 för
1580 948 1668 1008 löjlig
1699 951 1743 1011 för
1770 954 1818 1014 att
1841 955 1889 1015 ta-

1134 989 1191 1049 gas
1218 987 1258 1047 på
1289 990 1418 1050 allvar,
1440 993 1534 1053 tycks
1565 999 1765 1059 författaren
1801 1003 1876 1063 vilja

1138 1035 1210 1095 säga
1245 1035 1258 1095 —
1310 1037 1344 1097 om
1397 1040 1470 1100 man
1505 1044 1548 1104 nu
1583 1047 1798 1107 nödvändigt
1829 1050 1889 1110 vill

1128 1080 1203 1140 söka
1235 1083 1342 1143 någon
1383 1087 1561 1147 "tendens"
1593 1092 1650 1152 hos
1682 1095 1887 1155 Schnitzler.

1136 1130 1391 1190 Undertecknad
1426 1137 1537 1197 minns
1568 1139 1615 1199 för
1646 1142 1693 1202 sin
1728 1142 1779 1202 del
1806 1145 1874 1205 med

1129 1178 1289 1238 oblandat
1320 1183 1396 1243 nöje
1428 1187 1610 1247 "Reigens”
1646 1192 1877 1252 framförande

1131 1226 1139 1286 i
1162 1227 1268 1287 Berlin
1300 1229 1349 1289 för
1376 1230 1406 1290 en
1438 1232 1496 1292 hel
1514 1235 1572 1295 del
1590 1235 1625 1295 år
1652 1238 1772 1298 sedan.
1808 1240 1870 1300 Den

1134 1273 1235 1333 cirkel
1258 1276 1332 1336 med
1364 1281 1483 1341 många
1514 1283 1718 1343 mellanled,
1740 1287 1793 1347 som
1837 1288 1872 1348 de

1132 1321 1170 1381 tio
1192 1324 1368 1384 tablàerna
1394 1329 1531 1389 teckna,
1549 1333 1708 1393 bórjande
1730 1335 1785 1395 och
1811 1336 1879 1396 slu¬

1131 1372 1223 1432 tande
1250 1372 1320 1432 med
1347 1377 1528 1437 gatflickan
1555 1379 1607 1439 och
1635 1384 1877 1444 genomlöpan¬

1129 1417 1160 1477 de
1196 1420 1258 1480 alla
1289 1425 1573 1485 samhällsskikt,
1600 1431 1636 1491 är
1663 1431 1693 1491 ju
1734 1434 1880 1494 visserli-

1126 1470 1179 1530 gen
1215 1468 1254 1528 av
1281 1470 1351 1530 rätt
1379 1474 1542 1534 makaber
1569 1477 1635 1537 art.
1679 1480 1768 1540 Dock
1799 1483 1869 1543 blev

1129 1515 1174 1575 vid
1206 1518 1437 1578 uppförandet
1460 1521 1514 1581 det
1542 1524 1610 1584 hela
1642 1525 1696 1585 till
1719 1527 1750 1587 en
1783 1529 1877 1589 sede¬

1127 1564 1185 1624 bild
1249 1566 1322 1626 med
1359 1568 1463 1628 nâgot
1490 1569 1531 1629 av
1564 1574 1732 1634 rokokons
1768 1578 1868 1638 puder

1123 1611 1198 1671 över
1242 1617 1530 1677 ruskigheterna.
1575 1623 1650 1683 Man
1703 1626 1809 1686 måste
1841 1626 1867 1686 le

1127 1662 1202 1722 trots
1235 1665 1315 1725 allt,
1338 1668 1505 1728 ochan
1549 1672 1657 1732 mâste
1691 1676 1868 1736 samtidigt

1921 647 2065 707 beundra
2122 650 2231 710 denna
2292 655 2482 715 bländande
2539 664 2667 724 dialog¬

1924 695 2038 755 konst.

1954 742 2065 802 Kärlek
2092 746 2145 806 och
2177 750 2355 810 "Liebelei"
2382 752 2412 812 är
2436 754 2493 814 hos
2516 757 2667 817 Schnitz¬

1915 790 1955 850 ler
1984 790 2028 850 ett
2053 793 2191 853 stâende
2220 797 2326 857 tema,
2347 799 2448 859 liksom
2494 805 2656 865 antitesen

1915 837 2083 897 liv—död.
2135 843 2208 903 Han
2248 845 2312 905 har
2347 849 2533 909 behandlat
2564 853 2658 913 dessa

1915 885 1977 945 ting
2017 887 2030 947 i
2062 891 2372 951 renässansdräkt,
2399 897 2452 957 och
2497 900 2554 960 han
2599 902 2661 962 har

1915 933 2119 993 skärskådat
2148 937 2206 997 dem
2253 940 2265 1000 i
2294 942 2465 1002 belysning
2503 946 2540 1006 av
2570 949 2665 1009 fran¬

1909 981 1961 1041 ska
1994 984 2250 1044 revolutionen.
2296 990 2364 1050 Men
2397 991 2483 1051 först
2512 995 2564 1055 och
2597 998 2658 1058 sist

1909 1029 1942 1089 är
1967 1032 2025 1092 han
2055 1032 2101 1092 sin
2134 1035 2205 1095 egen
2239 1035 2301 1095 tids
2327 1038 2510 1098 skildrare.
2544 1044 2647 1104 Tonen

1909 1076 1969 1136 blir
2021 1079 2141 1139 endast
2193 1082 2370 1142 efterhand
2400 1087 2572 1147 mörkare,
2594 1093 2650 1153 den

1909 1124 2054 1184 wienska
2089 1130 2291 1190 frivoliteten
2330 1133 2381 1193 får
2412 1135 2545 1195 alltmer
2579 1140 2652 1200 vika

1908 1175 1953 1235 för
2004 1178 2217 1238 ensamhets-
2247 1180 2301 1240 och
2339 1186 2661 1246 svärmodstankar,

1906 1220 1954 1280 som
2003 1225 2114 1285 ibland
2150 1228 2260 1288 kunna
2296 1229 2322 1289 få
2358 1229 2389 1289 en
2420 1233 2530 1293 judisk
2566 1239 2655 1299 färg-

1909 1270 2003 1330 ning.
2038 1272 2124 1332 Aven
2159 1275 2171 1335 i
2189 1276 2262 1336 sina
2293 1276 2379 1336 mest
2401 1282 2650 1342 melankoliska

1908 1318 2040 1378 böcker,
2070 1322 2283 1382 dramatiska
2321 1324 2399 1384 eller
2434 1327 2446 1387 i
2479 1330 2650 1390 novellens

1903 1366 1952 1426 och
1986 1369 2165 1429 romanens
2194 1372 2299 1432 form,
2316 1375 2478 1435 glömmer
2503 1380 2657 1440 Schnitz¬

1903 1414 1947 1474 ler
1978 1414 2053 1474 dock
2089 1420 2195 1480 aldrig
2231 1420 2306 1480 bort
2333 1422 2376 1482 sin
2412 1423 2527 1483 kräset
2554 1429 2655 1489 artis¬

1904 1462 1985 1522 tiska
2012 1465 2084 1525 stil,
2104 1468 2144 1528 sin
2181 1470 2339 1530 kvickhet
2363 1473 2412 1533 och
2444 1474 2490 1534 sin
2522 1476 2644 1536 skärpa

1905 1509 1914 1569 i
1933 1512 2273 1572 detaljskildringen.
2311 1519 2380 1579 Inte
2408 1521 2454 1581 för
2478 1522 2562 1582 intet
2586 1525 2646 1585 har

1904 1560 1961 1620 han
2019 1563 2114 1623 vuxit
2148 1565 2210 1625 upp
2244 1566 2258 1626 i
2292 1566 2344 1626 det
2373 1568 2421 1628 för
2460 1571 2507 1631 all
2536 1573 2651 1633 konst-

1906 1608 2118 1668 verksamhet
2146 1614 2176 1674 så
2212 1614 2424 1674 inciterande
2456 1618 2566 1678 Wien.

2393 1689 2450 1749 H.
2468 1689 2590 1749 G—e.
