3392 4384
185 428 203 488 2
312 437 907 497 Schnitzler's
977 443 1209 503 Death

1425 440 1562 500 box
1639 449 1876 509 43/20

1182 878 1899 938 OBSERVER

1267 945 1292 1005 I.
1309 945 1427 1005 österr.
1440 940 1591 1000 behördl.
1605 934 1904 994 konzessioniertes

1223 984 1463 1044 Unternehmen
1493 980 1539 1040 für
1565 972 1956 1032 Zeitungs-Ausschnitte

1280 1045 1423 1105 WIEN,
1457 1042 1502 1102 I.,
1530 1038 1812 1098 WOLLZEILE
1858 1033 1903 1093 11

1379 1093 1591 1153 TELEPHON
1631 1085 1803 1145 R-23-0-43

1180 1241 1409 1301 Ausschnitt
1430 1235 1520 1295 aus:

1283 1368 1438 1428 Bladet:

1458 1423 1588 1483 Eyns
1630 1446 1983 1506 Stiftstidend¬

1294 1659 1437 1719 skriver
1464 1659 1525 1719 den

1589 1705 1608 1765 2
1652 1707 1672 1767 2
1726 1704 1853 1764 OKT.
1865 1705 1980 1765 1931

1420 1859 1834 1919 Dødsfald.

1456 3021 1575 3081 Arthur
1599 3024 1804 3084 Schnitzler.

1306 3117 1373 3177 Den
1410 3119 1560 3179 berømte
1597 3121 1763 3181 østrigske
1816 3122 1987 3182 Forfatter

1265 3173 1303 3233 og
1373 3170 1612 3230 Dramatiker,
1672 3172 1791 3232 Lægen
1858 3173 1981 3233 Arthur

1268 3218 1557 3278 Schnitzler
1585 3221 1618 3281 er
1641 3221 1735 3281 igaar
1763 3221 1824 3281 død
1875 3224 1913 3284 af
1952 3224 1985 3284 et

1265 3268 1508 3328 Slagtilfælde,
1525 3268 1562 3328 69
1589 3268 1657 3328 Aar
1679 3268 1843 3328 gammel.

1306 3318 1422 3378 Baade
1452 3317 1508 3377 den
1539 3319 1665 3379 danske
1696 3319 1909 3379 Læseverden
1939 3325 1979 3385 og

1274 3368 1325 3428 det
1358 3367 1482 3427 danske
1522 3370 1810 3430 Teaterpublikum
1857 3372 1981 3432 kender

1261 3412 1316 3472 den
1349 3412 1495 3472 aldodes
1528 3415 1684 3475 elegante
1717 3418 1780 3478 Stil
1827 3421 1863 3481 og
1919 3420 1978 3480 be¬

1260 3460 1415 3520 hændige
1439 3463 1607 3523 Jongleren
1636 3463 1702 3523 med
1730 3468 1984 3528 Kærligneaens

1261 3507 1477 3567 Problemer.
1503 3510 1600 3570 Sidst
1621 3510 1659 3570 fik
1689 3513 1718 3573 vi
1739 3513 1748 3573 i
1774 3513 1847 3573 1930
1877 3516 1979 3576 Over¬

1264 3555 1432 3615 sættelsen
1480 3558 1518 3618 af
1562 3561 1792 3621 Forfatterens
1841 3564 1980 3624 Novelle

1270 3606 1436 3666 „Fraülein
1467 3609 1583 3669 Else“,
1604 3609 1659 3669 der
1685 3612 1720 3672 er
1741 3612 1775 3672 en
1807 3613 1978 3673 blaenden¬

1267 3657 1296 3717 de
1321 3655 1459 3715 skrevet
1480 3659 1760 3719 Sjæleskildring,
1776 3663 1830 3723 som
1865 3664 1977 3724 spæn¬

1264 3704 1318 3764 der
1343 3704 1426 3764 over
1451 3707 1500 3767 faa
1535 3707 1643 3767 Timer
1663 3707 1702 3767 af
1722 3708 1751 3768 en
1786 3710 1845 3770 ung
1875 3711 1973 3771 Piges

1263 3752 1363 3812 sidste
1390 3755 1484 3815 Dag.
1533 3755 1548 3815 I
1570 3755 1675 3815 denne
1723 3758 1791 3818 Bog
1840 3758 1903 3818 har
1946 3761 1977 3821 vi

1268 3803 1448 3863 Schnitzler
1470 3804 1486 3864 i
1507 3804 1539 3864 al
1560 3806 1645 3866 hans
1667 3808 1858 3868 Dygtighed
1912 3812 1975 3872 paa

1264 3851 1441 3911 Novellens
1466 3854 1505 3914 og
1535 3854 1767 3914 Novellettens
1797 3858 1983 3918 Omraade,

1317 3902 1695 3962 „Anatol"-Enakterne
1716 3905 1772 3965 har
1794 3906 1897 3966 været
1913 3909 1969 3969 op¬

1264 3952 1327 4012 ført
1343 3952 1401 4012 paa
1428 3952 1709 4012 Dagmarteatret
1725 3953 1735 4013 i
1752 3957 1979 4017 København,

1266 4000 1270 4060 i
1288 4000 1392 4060 Radio
1420 4002 1458 4062 og
1492 4003 1652 4063 „Reigen"
1680 4003 1718 4063 fik
1769 4004 1812 4064 sin
1863 4007 1973 4067 Opfø-

1259 4051 1341 4111 relse
1367 4048 1429 4108 hos
1481 4051 1573 4111 Betty
1625 4051 1780 4111 Nansen,
1816 4057 1965 4117 hvorved

1261 4102 1340 4162 hans
1371 4099 1502 4159 Indsats
1532 4102 1587 4162 som
1634 4105 1844 4165 Dramatiker
1895 4107 1965 4167 blev

1261 4149 1372 4209 slaaet
1388 4149 1456 4209 fast
1478 4152 1583 4212 ogsaa
1605 4152 1663 4212 her
1684 4153 1694 4213 i
1716 4153 1853 4213 Landet.

1299 4248 1505 4308 Schnitzlers
1527 4251 1637 4311 Kunst
1659 4251 1764 4311 kunde
1791 4254 1875 4314 være
1902 4255 1970 4315 far¬

2040 1817 2104 1877 lig.
2134 1815 2413 1875 Tilsyneladende
2443 1816 2492 1876 let
2537 1817 2752 1877 diskuterede

2044 1863 2103 1923 han
2134 1865 2306 1925 Erotikens
2332 1865 2529 1925 Problemer
2550 1868 2585 1928 og
2616 1868 2757 1928 Kærnig¬

2040 1913 2165 1973 hedens
2201 1913 2529 1973 Troskabsiorhold.
2565 1916 2655 1976 Hans
2686 1916 2756 1976 for¬

2044 1963 2090 2023 ste
2111 1963 2271 2023 Skuespil
2292 1963 2374 2023 „Das
2396 1963 2576 2023 Märchen"
2602 1963 2669 2023 blev
2696 1964 2757 2024 op¬

2044 2012 2109 2072 ført
2131 2011 2142 2071 i
2164 2011 2278 2071 Wien,
2316 2014 2387 2074 mer
2436 2014 2578 2074 trukket
2616 2016 2762 2076 tilbage,

2045 2061 2133 2121 fordi
2149 2060 2207 2120 det
2227 2062 2261 2122 da
2286 2062 2360 2122 blev
2385 2062 2483 2122 anset
2503 2062 2552 2122 for
2572 2065 2759 2125 umoralsk.

2046 2113 2182 2173 „Reigen
2212 2112 2227 2172 ,
2248 2110 2303 2170 der
2324 2112 2415 2172 først
2435 2113 2541 2173 udkom
2588 2113 2643 2173 som
2684 2115 2754 2175 Læ¬

2041 2160 2216 2220 sedrama,
2237 2160 2335 2220 vakte
2366 2160 2381 2220 i
2403 2161 2526 2221 mange
2558 2163 2681 2223 Kredse
2713 2163 2743 2223 en

2041 2208 2136 2268 Storm
2177 2208 2211 2268 af
2252 2211 2448 2271 Forargelse
2494 2212 2534 2272 og
2585 2214 2751 2274 medførte

2041 2259 2161 2319 blandt
2181 2259 2302 2319 andet,
2373 2259 2434 2319 der
2454 2259 2544 2319 forud
2581 2259 2630 2319 for
2651 2262 2751 2322 Styk¬

2044 2310 2112 2370 kets
2139 2310 2313 2370 Opførelse
2361 2310 2377 2370 i
2414 2310 2625 2370 Kobenhavn
2674 2311 2747 2371 blev

2041 2357 2138 2417 holdt
2155 2358 2187 2418 en
2215 2358 2274 2418 lille
2296 2361 2589 2421 Formaningstale
2612 2361 2649 2421 til
2666 2361 2752 2421 Pub¬

2045 2407 2165 2467 likum.

2087 2456 2274 2516 Schnitzler
2302 2457 2363 2517 var
2391 2459 2463 2519 ikke
2491 2459 2640 2519 amoral,
2679 2461 2739 2521 han

2044 2504 2098 2564 var
2124 2507 2240 2567 dristig
2271 2507 2351 2567 uden
2382 2507 2396 2567 L
2422 2507 2588 2567 denskab,
2629 2510 2744 2570 kynisk

2046 2558 2257 2618 jagttagende
2284 2558 2319 2618 og
2351 2556 2418 2616 føri
2460 2558 2511 2618 som
2558 2558 2588 2618 en
2615 2560 2749 2620 behæn¬

2041 2605 2088 2665 dig
2124 2605 2236 2665 Kirurg
2267 2605 2307 2665 sin
2338 2608 2450 2668 Sonde
2492 2608 2544 2668 ind
2575 2608 2586 2668 i
2610 2610 2752 2670 Sjæleli¬

2041 2651 2112 2711 vets
2140 2656 2329 2716 forskellige
2363 2658 2629 2718 Afskygninger.

2083 2752 2147 2812 Det
2175 2754 2234 2814 var
2261 2755 2353 2815 netop
2391 2758 2494 2818 typisk
2527 2756 2580 2816 for
2608 2758 2662 2818 den
2700 2757 2754 2817 af¬

2041 2803 2127 2863 døde
2155 2803 2333 2863 Forfatter,
2355 2806 2387 2866 at
2410 2806 2463 2866 der
2491 2807 2550 2867 bag
2583 2806 2750 2866 Kunstne¬

2046 2851 2092 2911 ren
2118 2852 2190 2912 stod
2222 2853 2278 2913 den
2305 2856 2439 2916 dyguge
2466 2856 2579 2916 Læge.

2082 2903 2204 2963 Arthur
2223 2903 2408 2963 Schnitzler
2434 2902 2501 2962 blev
2527 2904 2601 2964 født
2620 2904 2675 2964 den
2700 2907 2755 2967 15.

2043 2953 2116 3013 Maj
2133 2952 2212 3012 1862
2235 2952 2246 3012 i
2269 2952 2376 3012 Wien,
2393 2955 2450 3015 som
2490 2955 2552 3015 Søn
2581 2955 2614 3015 af
2632 2955 2665 3015 en
2688 2955 2750 3015 be¬

2044 3003 2128 3063 rømt
2150 3003 2319 3063 Halslæge
2346 3005 2382 3065 og
2436 3003 2616 3063 arbejdede
2669 3006 2748 3066 efter

2044 3050 2121 3110 endt
2142 3053 2355 3113 Uddannelse
2381 3051 2391 3111 i
2407 3050 2479 3110 flere
2516 3053 2572 3113 lar
2599 3053 2650 3113 som
2692 3053 2754 3113 As¬

2042 3101 2163 3161 sistent
2186 3101 2247 3161 paa
2281 3101 2452 3161 Faderens
2481 3101 2608 3161 Klinik,
2632 3104 2670 3164 fik
2704 3104 2747 3164 Ry

2041 3152 2095 3212 som
2136 3152 2166 3212 en
2197 3152 2313 3212 dygtig
2338 3154 2439 3214 Lage
2460 3154 2500 3214 og
2546 3152 2646 3212 skrev
2692 3153 2752 3213 en¬

2044 3201 2126 3261 gang
2152 3200 2183 3260 en
2214 3201 2415 3261 Afhandling
2442 3203 2477 3263 om
2519 3203 2658 3263 nervose
2684 3206 2751 3266 Ta¬

2045 3250 2229 3310 jelidelser.

2081 3307 2149 3367 Men
2185 3307 2199 3367 i
2220 3310 2505 3370 30-Aarsalderen
2541 3311 2649 3371 opgav
2684 3312 2743 3372 han

2059 3357 2202 3417 ludselig
2230 3358 2307 3418 uden
2352 3361 2529 3421 'orklaring
2563 3361 2601 3421 sin
2629 3361 2750 3421 Læge¬

2059 3407 2197 3467 jerning,
2214 3408 2374 3468 isolerede
2403 3408 2446 3468 sig
2474 3409 2519 3469 fra
2547 3409 2585 3469 sin
2613 3412 2746 3472 Familie

2044 3462 2075 3522 pg
2108 3460 2278 3520 begyndte
2305 3457 2336 3517 at
2358 3457 2469 3517 skrive
2497 3458 2560 3518 paa
2587 3460 2629 3520 sit
2645 3460 2751 3520 første

2030 3507 2210 3567 Skuespil,
2234 3508 2318 3568 „Das
2341 3509 2516 3569 Märchen.
2568 3507 2584 3567 1
2602 3507 2680 3567 1893
2709 3510 2742 3570 fik

2042 3558 2100 3618 han
2132 3558 2201 3618 sine
2233 3558 2397 3618 Enaktere
2435 3558 2599 3618 „Anatol"
2653 3559 2753 3619 udgi¬

2041 3603 2093 3663 vet
2115 3605 2125 3665 i
2147 3608 2326 3668 Bogform,
2348 3606 2390 3666 og
2423 3609 2491 3669 selv
2518 3608 2554 3668 om
2597 3608 2660 3668 han
2692 3609 2750 3669 har

2037 3657 2176 3717 skreve,
2203 3659 2321 3719 mange
2358 3657 2456 3717 andre
2493 3659 2669 3719 Skuespil,
2690 3660 2752 3720 har

2040 3704 2124 3764 disse
2157 3707 2311 3767 elegante
2343 3704 2358 3764 S
2385 3707 2593 3767 naastykker
2641 3707 2747 3767 aldrig

2044 3754 2149 3814 mistet
2175 3755 2270 3815 deres
2296 3755 2507 3815 Popularitet
2528 3755 2588 3815 her
2609 3756 2623 3816 i
2644 3756 2749 3816 Euro¬

2038 3805 2071 3865 pa
2101 3804 2139 3864 og
2173 3806 2307 3866 opføres
2337 3806 2442 3866 endnu
2491 3806 2615 3866 næsten
2669 3806 2750 3866 hver

2039 3849 2148 3909 Sæson
2178 3854 2193 3914 i
2218 3854 2326 3914 Wien.

2079 3919 2280 3979 Schnitzlers
2330 3922 2434 3982 lørste
2479 3922 2567 3982 store
2616 3922 2744 3982 Sukces

2041 3970 2095 4030 var
2122 3973 2329 4033 „Liebelei",
2345 3973 2404 4033 som
2443 3970 2481 4030 fik
2514 3972 2556 4032 sin
2611 3972 2746 4032 Ur-Op-

2044 4019 2155 4079 forelse
2182 4021 2246 4081 paa
2273 4021 2490 4081 Burgteatret
2512 4021 2522 4081 i
2544 4021 2634 4081 Wien
2661 4021 2677 4081 i
2693 4021 2751 4081 Ef¬

2037 4069 2183 4129 teraaret
2208 4072 2304 4132 1895.
2335 4069 2562 4129 Forfatterens
2593 4072 2754 4132 Skuespil

2033 4120 2171 4180 handler
2191 4118 2259 4178 ofte
2280 4118 2319 4178 om
2359 4118 2412 4178 det
2433 4120 2561 4180 samme
2581 4120 2684 4180 Emne
2704 4118 2719 4178 -

2037 4167 2187 4227 Elskeren
2213 4170 2248 4230 og
2278 4170 2308 4230 en
2339 4170 2415 4230 eller
2435 4170 2465 4230 to
2491 4170 2606 4230 Fruer.
2627 4168 2742 4228 „Kriti¬

2034 4218 2129 4278 kerne
2154 4218 2260 4278 siger,
2281 4218 2311 4278 at
2331 4219 2381 4279 jeg
2408 4218 2483 4278 altid
2513 4218 2569 4278 har
2595 4218 2650 4278 saa
2675 4216 2740 4276 me¬

2029 4270 2088 4330 get
2109 4268 2145 4328 at
2165 4268 2235 4328 sige
2261 4267 2296 4327 om
2343 4266 2504 4326 Kvinders
2530 4266 2641 4326 Dyd",
2682 4267 2742 4327 ud¬

2070 4308 2106 4368 lie
2138 4311 2174 4371 S.
