3392 4352
139 286 256 346 12.
317 288 909 348 Schnitzler's
970 286 1206 346 Death

923 1540 1173 1600 RVER

555 1592 582 1652 I.
592 1592 713 1652 österr.
723 1593 872 1653 behördl.
882 1595 1181 1655 konzessioniertes

507 1634 745 1694 Unternehmen
773 1634 819 1694 für
848 1637 1231 1697 Zeitungs-Ausschnitte

562 1694 708 1754 WIEN,
737 1695 785 1755 I.,
807 1700 1087 1760 WOLLZEILE
1137 1700 1178 1760 11

658 1744 875 1804 TELEPHON
909 1750 1081 1810 R-23-0-43

886 1853 1193 1913 e.

451 1888 675 1948 Ausschnitt
698 1891 787 1951 aus:

723 1997 783 2057 28
822 2016 956 2076 OKT.
970 2033 1068 2093 1937

457 2115 567 2175 vom:

544 2219 684 2279 Arthur
718 2219 898 2279 Schnitzler
933 2219 958 2279 im
1013 2221 1139 2281 Krieg.

448 2280 485 2340 Zu
518 2278 631 2338 Beginn
664 2279 712 2339 des
740 2280 929 2340 Weltkrieges
956 2280 1075 2340 wurden
1108 2279 1129 2339 in
1167 2280 1291 2340 Peters¬

365 2318 473 2378 burger
501 2318 637 2378 Blättern
670 2321 833 2381 angebliche
879 2320 1019 2380 abfällige
1065 2320 1283 2380 Aeußerungen

365 2356 411 2416 des
445 2359 574 2419 Dichters
603 2357 677 2417 über
729 2359 859 2419 Tolstoj,
901 2359 1106 2419 Maeterlinck,
1157 2360 1287 2420 Anatole

365 2398 496 2458 France,
515 2399 706 2459 Shakespeare
734 2400 762 2460 u.
782 2399 809 2459 a.
828 2399 1057 2459 veröffentlicht,
1076 2399 1136 2459 was
1160 2401 1290 2461 Schnitz¬

364 2437 404 2497 ler
432 2437 621 2497 veranlaßte,
645 2440 685 2500 sich
713 2439 739 2499 in
772 2439 848 2499 einem
889 2440 1052 2500 Schweizer
1080 2439 1170 2499 Blatt
1198 2441 1279 2501 gegen

363 2477 447 2537 solche
474 2479 805 2539 Verhetzungsversuche
832 2479 863 2539 zu
895 2479 1031 2539 wenden,
1076 2479 1119 2539 die
1165 2479 1195 2539 er
1240 2477 1288 2537 als

371 2516 445 2576 „eine
477 2515 645 2575 besondere,
672 2518 724 2578 und
760 2518 901 2578 vielleicht
946 2518 994 2578 die
1044 2518 1286 2578 widerwärtigste

362 2555 638 2615 Eigentümlichkeit
661 2556 749 2616 dieses
778 2558 918 2618 Krieges“
946 2556 1133 2616 bezeichnete.
1152 2559 1193 2619 In
1227 2558 1287 2618 die¬

359 2592 395 2652 sem
441 2595 577 2655 Protest,
596 2595 641 2655 den
673 2598 833 2658 Schnitzler
860 2598 887 2658 im
929 2598 1088 2658 Dezember
1120 2597 1183 2657 1914
1220 2595 1288 2655 ver¬

355 2634 522 2694 öffentlicht
547 2637 611 2697 hat,
630 2636 718 2696 stehen
776 2635 822 2695 die
869 2637 1018 2697 folgenden
1079 2637 1280 2697 bedeutsamen

359 2673 461 2733 Sätze:
490 2677 550 2737 „Es
579 2676 611 2736 ist
635 2675 742 2735 freilich
770 2676 859 2736 etwas
887 2676 1064 2736 beschämend
1097 2678 1144 2738 für
1173 2678 1288 2738 jeman¬

358 2710 425 2770 den,
453 2714 498 2774 der
530 2713 575 2773 sich
607 2715 765 2775 zeitlebens
797 2715 847 2775 vom
888 2715 1006 2775 Pathos
1038 2715 1083 2775 der
1115 2716 1282 2776 Selbstver¬

358 2753 584 2813 ständlichkeiten
616 2753 725 2813 leidlich
757 2753 956 2813 fernzuhalten
993 2756 1110 2816 gewußt
1138 2756 1206 2816 hat,
1229 2756 1287 2816 erst

355 2792 540 2852 ausdrücklich
568 2792 722 2852 versichern
750 2796 772 2856 zu
804 2796 922 2856 müssen,
940 2796 990 2856 daß
1018 2795 1058 2855 ihm
1095 2795 1144 2855 das
1167 2796 1280 2856 Schöne

358 2831 492 2891 jederzeit
517 2831 605 2891 schön,
624 2832 675 2892 das
699 2835 796 2895 Große
820 2835 955 2895 jederzeit
974 2834 1044 2894 groß
1068 2834 1180 2894 bleiben
1213 2836 1282 2896 wird

363 2867 367 2927 —
412 2873 478 2933 auch
505 2873 583 2933 wenn
619 2873 645 2933 es
672 2873 817 2933 Nationen
849 2876 1007 2936 angehört,
1030 2873 1095 2933 oder
1122 2875 1276 2935 innerhalb

357 2912 405 2972 von
432 2912 582 2972 Nationen
609 2912 754 2972 geworden
790 2914 842 2974 und
865 2915 1018 2975 gewachsen
1050 2915 1093 2975 ist,
1112 2916 1168 2976 mit
1191 2916 1274 2976 denen

356 2950 407 3010 sein
436 2950 604 3010 Vaterland
627 2953 692 3013 eben
721 2953 743 3013 in
772 2953 851 3013 einen
880 2953 963 3013 Krieg
987 2953 1145 3013 verwickelt
1165 2956 1197 3016 ist
1216 2957 1257 3017 ..

356 2989 424 3049 Doch
455 2989 549 3049 später
580 2992 704 3052 einmal,
726 2992 807 3052 wenn
838 2992 885 3052 der
916 2992 1018 3052 Friede
1049 2992 1151 3052 wieder
1178 2994 1212 3054 da
1243 2995 1289 3055 ist,

350 3030 448 3090 wollen
479 3031 534 3091 wir
560 3031 615 3091 uns
641 3031 696 3091 mit
718 3031 919 3091 schmerzlichem
958 3033 1094 3093 Staunen
1125 3034 1282 3094 erinnern,

352 3071 398 3131 daß
436 3069 463 3129 es
496 3070 562 3130 eine
590 3069 655 3129 Zeit
684 3072 758 3132 gab,
782 3071 805 3131 in
838 3071 889 3131 der
922 3072 973 3132 wir
1007 3073 1137 3133 genötigt
1171 3074 1287 3134 waren,

348 3109 418 3169 über
445 3109 489 3169 die
516 3109 648 3169 Grenzen
679 3110 807 3170 hinüber
834 3112 970 3172 einander
1002 3112 1041 3172 die
1068 3112 1275 3172 Versicherung

355 3150 526 3210 zumrufen,
544 3150 596 3210 daß
626 3150 677 3210 wir
708 3150 780 3210 zwar
802 3150 879 3210 jeder
901 3150 1004 3210 unsere
1026 3152 1150 3212 Heimat
1172 3151 1283 3211 geliebt

347 3189 453 3249 haben,
482 3189 530 3249 daß
569 3189 626 3249 wir
661 3189 727 3249 aber
762 3189 877 3249 trotzdem
926 3192 1152 3252 Gerechtigkeit,
1177 3195 1277 3255 Urteil

351 3229 404 3289 und
435 3231 634 3291 Dankbarkeit
666 3233 789 3293 niemals
826 3234 957 3294 verlernt
985 3234 1113 3294 hatten.“

1429 282 1554 342 box
1626 288 1815 348 44/2

2712 1452 2781 1512 a

1822 1452 1889 1512 Da¬

1986 1450 2606 1510 OBSERVE

1766 1491 1881 1551 Konzer

2070 1524 2093 1584 I.
2108 1524 2229 1584 österr.
2244 1521 2388 1581 behördl.
2403 1518 2702 1578 konzessioniertes

1773 1530 1881 1590 städtisc

2026 1562 2259 1622 Unternehmen
2288 1562 2335 1622 für
2360 1559 2745 1619 Zeitungs-Ausschnitte

1769 1566 1826 1626 aus
1863 1566 1893 1626 de

1771 1607 1878 1667 tantien

2082 1622 2222 1682 WIEN,
2251 1625 2301 1685 I.,
2330 1622 2612 1682 WOLLZEILE
2663 1619 2705 1679 11

1772 1646 1883 1706 zusamn

2176 1675 2389 1735 TELEPHON
2429 1671 2604 1731 R-23-0-43

1770 1685 1814 1745 die
1845 1685 1890 1745 hie

1778 1723 1869 1783 punkt

1772 1764 1835 1824 Zug
1876 1763 1887 1823 d

1776 1798 1819 1858 die
1852 1798 1895 1858 St

1980 1816 2197 1876 Ausschnitt
2221 1816 2312 1876 aus:

1778 1838 1838 1898 Auf
1870 1837 1895 1897 ei

2219 1885 2374 1945 Rheinisch
2391 1870 2680 1930 Westfälischeztg.
2689 1853 2774 1913 Eesen
2791 1849 2814 1909 a.
2823 1849 2861 1909 d.
2869 1850 2907 1910 R..

1778 1878 1898 1938 einzuge

1777 1916 1843 1976 auch
1877 1917 1891 1977 b

1778 1953 1855 2013 hätte

1778 1992 1891 2052 äußere

2207 1995 2682 2055 ABENDAUSGABE

1780 2033 1873 2093 nicht.

1980 2043 2088 2103 vom:

1779 2070 1901 2130 holende

1781 2110 1897 2170 verlore

2212 2152 2230 2212 2
2268 2148 2286 2208 6
2324 2145 2426 2205 OKT
2483 2137 2576 2197 1937

1780 2147 1904 2207 Wirkur

1789 2186 1856 2246 gabe
1886 2186 1902 2246 !

1787 2224 1881 2284 Solist

1786 2264 1902 2324 Konzer

1785 2303 1906 2363 Kantile

1790 2341 1891 2401 starken

1789 2380 1839 2440 von
1876 2378 1912 2438 H-

1789 2419 1899 2479 wirkun

1943 2527 2185 2587 Schnitzler,
2204 2526 2315 2586 Wien
2362 2522 2436 2582 und
2475 2521 2539 2581 die
2577 2518 2781 2578 Italiener

1919 2589 2011 2649 Von
2058 2586 2251 2646 unserem
2311 2581 2550 2641 ständigen
2598 2577 2803 2637 Bericht¬

2145 2634 2367 2694 erstatter
2401 2631 2432 2691 in
2473 2628 2564 2688 Rom

2443 2700 2462 2760 Z
2521 2695 2619 2755 Rom,
2646 2694 2730 2754 Ende
2757 2691 2893 2751 Oktober.

1851 2760 1938 2820 Ganz
1964 2759 2174 2819 merkwürdig,
2200 2759 2251 2819 wie
2283 2757 2354 2817 stark
2385 2753 2431 2813 der
2463 2752 2518 2812 Tod
2555 2751 2667 2811 Arthur
2699 2750 2863 2810 Schnitzlers
2899 2744 2919 2804 in

1793 2801 1900 2861 Italien
1935 2801 2072 2861 Eindruck
2102 2798 2224 2858 gemacht
2254 2796 2317 2856 hat;
2342 2792 2455 2852 manche
2485 2792 2602 2852 deutsche
2632 2789 2753 2849 Zeitung
2788 2787 2837 2847 hat
2862 2786 2935 2846 nicht

1801 2846 1819 2906 so
1857 2841 1996 2901 reichliche
2029 2837 2313 2897 Nekrologgedanken
2356 2832 2495 2892 gefunden
2538 2828 2588 2888 wie
2622 2830 2668 2890 die
2701 2826 2804 2886 großen
2841 2824 2938 2884 italie¬

1795 2882 1896 2942 nischen
1930 2879 2045 2939 Blätter
2074 2876 2124 2936 fast
2153 2876 2222 2936 ohne
2250 2872 2436 2932 Ausnahme.
2478 2869 2673 2929 Erstaunlich,
2697 2864 2747 2924 wie
2776 2866 2928 2926 eingehend

1801 2923 1842 2983 ihn
1880 2920 1940 2980 ihre
1973 2916 2155 2976 literarischen
2192 2912 2383 2972 Mitarbeiter
2416 2909 2547 2969 offenbar
2580 2906 2700 2966 studiert
2734 2905 2817 2965 haben
2878 2902 2934 2962 und

1800 2956 1871 3016 nicht
1895 2958 1947 3018 nur
1976 2956 2038 3016 ihn;
2062 2956 2095 3016 sie
2120 2953 2286 3013 vergleichen
2320 2950 2362 3010 ihn
2391 2947 2529 3007 durchaus
2563 2945 2763 3005 kennermäßig
2792 2941 2844 3001 mit
2864 2938 2935 2998 Hof¬

1802 2996 1973 3056 mannsthal
2005 2995 2059 3055 und
2096 2992 2303 3052 Hauptmann,
2348 2988 2461 3048 zitieren
2502 2986 2537 3046 ein
2579 2983 2664 3043 Wort
2714 2983 2763 3043 von
2804 2981 2926 3041 Heinrich

1798 3036 1893 3096 Mann
1927 3034 1998 3094 über
2027 3033 2088 3093 ihn,
2108 3031 2227 3091 rühmen
2261 3029 2332 3089 nicht
2361 3027 2414 3087 nur
2443 3025 2481 3085 die
2515 3022 2810 3082 Liebenswürdigkeit
2839 3020 2939 3080 seines,

1800 3074 1855 3134 wie
1884 3076 1921 3136 sie
1949 3073 2088 3133 zugeben,
2112 3069 2200 3129 etwas
2233 3067 2391 3127 überlebten
2429 3064 2558 3124 Werkes,
2587 3062 2703 3122 sondern
2736 3061 2856 3121 sprechen
2894 3056 2940 3116 ge¬

1801 3115 1898 3175 radezu
1940 3112 1991 3172 von
2024 3110 2214 3170 „lateinischer
2252 3108 2391 3168 Grazie“!
2438 3103 2494 3163 Sie
2527 3103 2732 3163 identifizieren
2769 3099 2811 3159 ihn
2853 3097 2941 3157 direkt

1806 3153 1858 3213 mit
1882 3152 1973 3212 seinem
2016 3150 2116 3210 Wien;
2145 3147 2250 3207 „diesem
2289 3145 2422 3205 schönen,
2446 3144 2637 3204 glänzenden,
2666 3139 2819 3199 behäbigen
2853 3138 2933 3198 Wien

1803 3190 1855 3250 von
1894 3192 1999 3252 1900“,
2023 3186 2138 3246 schreibt
2167 3186 2282 3246 Spaini
2311 3183 2334 3243 im
2383 3184 2598 3244 „Messagero",
2622 3181 2684 3241 „wo
2723 3177 2751 3237 es
2785 3177 2857 3237 allen
2891 3175 2943 3235 gut

1810 3232 1886 3292 ging,
1911 3231 1948 3291 wo
1977 3230 2015 3290 ein
2044 3226 2120 3286 jeder
2145 3225 2239 3285 Muße
2264 3225 2354 3285 hatte,
2374 3223 2416 3283 sich
2445 3222 2497 3282 mit
2522 3219 2607 3279 seiner
2636 3219 2727 3279 höchst
2746 3216 2932 3276 respektablen

1807 3270 2027 3330 Persönlichkeit
2075 3267 2104 3327 zu
2143 3264 2343 3324 beschäftigen.
2392 3261 2468 3321 Eine
2521 3258 2693 3318 verfeinerte
2746 3255 2947 3315 überkul¬

1801 3309 1981 3369 tivierte
2007 3306 2099 3366 Welt,
2121 3303 2162 3363 die
2188 3303 2229 3363 sich
2265 3302 2415 3362 allgemach
2446 3300 2513 3360 über
2539 3298 2642 3358 ganz
2669 3296 2942 3356 Deutschland

1809 3347 1942 3407 erstreckte
1981 3344 2033 3404 .."
2076 3344 2147 3404 Man
2181 3343 2238 3403 hält
2263 3341 2305 3401 sich
2334 3339 2372 3399 ein
2406 3338 2510 3398 bißchen
2544 3335 2611 3395 über
2640 3335 2706 3395 seine
2735 3332 2945 3392 „animalische,

1810 3386 1924 3446 brutale
1949 3383 2150 3443 Psychologie"
2179 3383 2246 3443 auf,
2270 3380 2337 3440 über
2366 3377 2437 3437 seine
2467 3375 2601 3435 Vorliebe
2630 3373 2678 3433 für
2707 3371 2879 3431 Erotisches;
2904 3371 2946 3431 der

1790 3430 1903 3490 Name
1931 3428 2022 3488 Freud
2049 3424 2140 3484 klingt
2169 3424 2195 3484 an
2234 3422 2287 3482 und
2315 3422 2411 3482 zuletzt
2439 3419 2508 3479 stellt
2536 3418 2595 3478 man
2629 3416 2682 3476 mit
2710 3416 2785 3476 einer
2812 3412 2936 3472 gewissen
