3344 4384
1411 455 1543 515 box
1623 458 1865 518 43/20

128 456 257 516 12.
308 459 905 519 Schnitzler's
966 458 1203 518 Death

1555 1552 1617 1612 Men
1651 1548 1713 1608 hun
1747 1548 1852 1608 havde
1875 1546 1905 1606 et
1928 1542 2161 1602 paafaldende
2184 1541 2289 1601 langt,
2324 1537 2397 1597 ske,
2409 1534 2461 1594 der
2495 1530 2547 1590 har
2569 1529 2707 1589 trykket
2729 1525 2835 1585 hende
2857 1521 3048 1581 Revolveren

126 1578 220 1638 temt
243 1577 424 1637 benegtet.
446 1574 671 1634 Sandsynligt
694 1568 735 1628 er
758 1565 895 1625 modede
929 1563 1100 1623 Guldkorn
1155 1559 1164 1619 i
1197 1557 1292 1617 hvert
1336 1557 1367 1617 af
1411 1552 1506 1612 deres

2322 1596 2335 1656 i
2357 1592 2479 1652 Hænde
2508 1588 2624 1648 Dertil
2645 1584 2734 1644 kom,
2748 1584 2782 1644 at
2803 1581 2968 1641 Faderens
2996 1578 3064 1638 vid¬

1541 1608 1767 1668 tizianfarvet
1790 1605 1823 1665 og
1857 1605 1978 1665 dejligt
2001 1599 2117 1659 Haar,
2134 1597 2183 1657 som
2223 1596 2283 1656 hur

127 1641 204 1701 Lily
235 1635 439 1695 Schnitzlers
469 1632 571 1692 Mand
603 1630 662 1690 paa
693 1628 722 1688 en
759 1624 909 1684 mindste
933 1622 1017 1682 Ord,
1036 1620 1072 1680 og
1103 1617 1228 1677 Barnet
1247 1616 1331 1676 foler
1355 1613 1499 1673 tydeligt

2326 1652 2497 1712 underligt
2512 1647 2648 1707 skrevne
2670 1643 2820 1703 Novelle,
2835 1639 2944 1699 „Frk.
2952 1638 3068 1698 Else“,

1541 1668 1671 1728 plejede
1701 1665 1765 1725 med
1801 1665 1925 1725 Omhu.
1949 1662 1995 1722 Da
2026 1659 2066 1719 nu
2097 1659 2155 1719 den
2185 1657 2267 1717 nyop

758 1685 800 1745 at
826 1681 892 1741 man
930 1680 1059 1740 venter,
1085 1677 1139 1737 det
1165 1677 1244 1737 skal
1270 1672 1435 1732 udtrykke
1467 1671 1490 1731 si

118 1698 191 1758 den
233 1695 354 1755 Maade
381 1694 441 1754 har
476 1689 597 1749 skuffet
625 1686 705 1746 hend

766 1739 973 1799 særpræget,
1000 1736 1137 1796 subtilt,
1164 1735 1195 1795 og
1229 1732 1325 1792 soger
1352 1729 1390 1789 at
1417 1728 1514 1788 finde
1548 1725 1723 1785 dukkende
1750 1721 2043 1781 Bubikopf-Mode
2063 1716 2095 1776 en
2121 1715 2192 1775 Dag
2219 1714 2277 1774 kom
2330 1711 2382 1771 der
2408 1710 2466 1770 var
2493 1705 2681 1765 udkommet
2702 1700 2779 1760 kort
2799 1697 2974 1757 forinden,
2995 1694 3072 1754 hav¬

111 1754 280 1814 nitzlers
316 1751 520 1811 voldsomme
557 1745 718 1805 Vredesud

2324 1772 2362 1832 de
2385 1768 2476 1828 gjort
2500 1766 2529 1826 et
2546 1763 2713 1823 voldsomt
2737 1757 2882 1817 Indtryk
2906 1756 2966 1816 paa
2998 1753 3073 1813 hen¬

1544 1787 1609 1847 paa
1640 1784 1741 1844 Tale,
1766 1779 1880 1839 forbød
1911 1778 1982 1838 Dr.
2001 1775 2192 1835 Schnitzler
2223 1772 2283 1832 mec

120 1814 259 1874 Venedig
286 1811 381 1871 synes
401 1810 432 1870 at
452 1806 528 1866 tyde
554 1804 560 1864 i
580 1804 636 1864 den
663 1801 739 1861 Ret-
765 1799 796 1859 en
835 1796 949 1856 Form,
976 1796 1026 1856 som
1065 1795 1179 1855 fylder
1212 1791 1262 1851 den
1301 1787 1428 1847 fejrede
1455 1788 1499 1848 Fa

2326 1830 2380 1890 des
2402 1826 2568 1886 folsomme
2589 1820 2727 1880 Gemyt.
2742 1817 2852 1877 Denne
2874 1814 2942 1874 fine
2964 1812 3081 1872 Sjæle¬

1545 1841 1751 1901 usædvanlig
1781 1839 1964 1899 Strenghed
1988 1835 2141 1895 Datteren
2171 1832 2200 1892 at
2224 1831 2270 1891 lad

764 1856 822 1916 der
853 1855 929 1915 eller
965 1853 1084 1913 Moder
1114 1853 1178 1913 med
1209 1850 1386 1910 hemmelig
1417 1845 1510 1905 Stolt

155 1871 232 1931 men
275 1871 377 1931 denne
408 1867 528 1927 Grund
565 1862 625 1922 kan
662 1862 733 1922 ikke

1551 1903 1594 1963 sin
1624 1901 1724 1961 svære
1747 1897 1949 1957 Haarpragt
1971 1893 2058 1953 falde
2081 1891 2131 1951 for
2153 1889 2297 1949 Saksen.
2327 1887 2435 1947 studie
2472 1883 2507 1943 af
2537 1882 2602 1942 alle
2632 1879 2668 1939 de
2705 1876 2863 1936 underlig
2893 1871 3073 1931 halvklare

769 1916 846 1976 hed.
871 1915 918 1975 Er
943 1913 996 1973 det
1021 1913 1063 1973 nu
1093 1913 1123 1973 et
1148 1910 1273 1970 ganske
1304 1904 1514 1964 almindeligt

117 1933 200 1993 jæret
232 1929 289 1989 den
328 1927 538 1987 afgerende;
565 1922 641 1982 Lily
680 1919 730 1979 var

1551 1958 1658 2018 Næste
1679 1957 1746 2017 Dag
1775 1956 1835 2016 kom
1869 1954 1943 2014 Lily
1964 1952 2065 2012 hjem,
2079 1949 2214 2009 klippet
2235 1947 2282 2007 som
2330 1941 2614 2001 Fornemmelser,
2656 1934 2716 1994 der
2764 1933 2830 1993 med
2873 1930 3074 1990 ubenherlig

767 1975 877 2035 Barn,
906 1972 960 2032 saa
994 1970 1099 2030 bliver
1133 1968 1188 2028 det
1217 1967 1310 2027 enten
1349 1963 1521 2023 forskruet

119 1993 198 2053 ders
224 1987 335 2047 eneste
366 1984 489 2044 Datter
540 1983 576 2043 og
632 1978 737 2038 vidste

2335 2000 2548 2060 Konsekvens
2572 1999 2633 2059 kan
2664 1994 2740 2054 fere
2763 1993 2794 2053 en
2848 1987 3076 2047 blomstrende

1549 2020 1584 2080 en
1614 2017 1750 2077 Dreng,
1775 2016 1809 2076 og
1840 2014 2000 2074 oplevede
2030 2009 2070 2069 da
2101 2008 2154 2068 for
2184 2006 2284 2066 forste

772 2032 848 2092 eller
872 2030 1073 2090 mismodigt
1097 2028 1161 2088 med
1186 2027 1286 2087 Hang
1316 2026 1356 2086 til
1376 2022 1510 2082 Mindre

120 2052 152 2112 ig
179 2047 321 2107 sikkert,
341 2044 373 2104 at
393 2044 458 2104 hun
485 2040 568 2100 altid
595 2036 653 2096 var
680 2035 744 2095 vel¬

2328 2064 2488 2124 Ungpige
2512 2057 2564 2117 ind
2596 2056 2603 2116 i
2626 2053 2732 2113 Deden
2764 2050 2817 2110 ved
2840 2049 2916 2109 egen
2947 2046 3069 2106 Haund

1552 2077 1683 2137 vistnok
1714 2074 1761 2134 for
1786 2072 1894 2132 eneste
1919 2070 2032 2130 Gang,
2057 2068 2086 2128 at
2111 2065 2141 2125 se
2165 2065 2207 2125 sin
2238 2065 2303 2125 Fa¬

774 2092 1113 2152 værdskomplekser.
1137 2086 1227 2146 Eller
1256 2086 1312 2146 det
1329 2082 1436 2142 skejer
1465 2080 1504 2140 ud

111 2113 136 2173 u
169 2108 181 2168 i
208 2107 253 2167 sit
280 2104 384 2164 gamle
417 2103 541 2163 Hjem,
561 2098 632 2158 hvis
659 2095 723 2155 Lyk

2343 2119 2349 2179 —
2390 2119 2422 2179 en
2450 2113 2762 2173 Mesterskildring,
2783 2108 2842 2168 der
2862 2107 2982 2167 næsten
3009 2104 3068 2164 kan

1556 2138 1612 2198 der
1644 2136 1656 2196 i
1688 2134 1825 2194 Affekt;
1845 2131 1882 2191 ja
1927 2131 1945 2191 i
1971 2128 2064 2188 lange
2096 2123 2196 2183 Tider
2235 2122 2290 2182 der

771 2150 822 2210 som
864 2152 916 2212 saa
942 2149 1061 2209 mangt
1082 2147 1112 2207 et
1134 2143 1314 2203 mislykket
1341 2139 1511 2199 Kunstner

111 2166 168 2226 det
198 2163 255 2223 nye
279 2161 394 2221 brast.

2336 2177 2487 2237 o,fattes
2511 2172 2563 2232 som
2602 2169 2830 2229 Selvmordets
2853 2163 3012 2223 Apoteose

1552 2195 1639 2255 efter
1668 2190 1711 2250 fik
1745 2190 1805 2250 han
1833 2190 1866 2250 et
1894 2187 2026 2247 Udtryk
2054 2184 2092 2244 af
2115 2180 2286 2240 ubeskrive

767 2211 876 2271 barn,
904 2208 1002 2268 soger
1035 2205 1150 2265 Stotte
1183 2202 1199 2262 i
1227 2200 1462 2260 Stimulanser

126 2225 210 2285 maa
232 2223 273 2283 da
296 2220 379 2280 have
402 2220 500 2280 varet
522 2218 549 2278 en
579 2214 684 2274 anden
706 2214 740 2274 og

1557 2257 1621 2317 ligt
1648 2250 1798 2310 Mishag,
1818 2250 1895 2310 naar
1922 2246 2000 2306 hans
2027 2243 2104 2303 Gjne
2131 2238 2222 2298 faldt
2242 2238 2300 2298 paa
2340 2237 2398 2297 har
2418 2234 2587 2294 antagelig
2614 2227 2822 2287 bundfældet
2842 2226 2888 2286 sig
2915 2224 2927 2284 i
2941 2223 2972 2283 en
2999 2219 3089 2279 dun¬

119 2283 243 2343 dybere
275 2282 432 2342 liggende
464 2277 594 2337 Aarsag
633 2271 677 2331 til
702 2272 739 2332 en
778 2268 864 2328 Vin,
884 2266 1015 2326 Kokain
1041 2263 1122 2323 eller
1148 2259 1323 2319 letvunden
1349 2256 1467 2316 Elskov

2340 2298 2394 2358 kel
2419 2292 2505 2352 Krog
2545 2291 2577 2351 af
2601 2288 2727 2348 hendes
2752 2283 2996 2343 Stemningsliv
3037 2282 3083 2342 og

1559 2312 1612 2372 det
1637 2310 1678 2370 nu
1709 2310 1763 2370 saa
1794 2307 1975 2367 underligt
2000 2303 2065 2363 lille
2090 2299 2229 2359 Hoved,
2254 2298 2307 2358 der

124 2342 359 2402 Beslutning,
372 2339 467 2399 taget
487 2336 525 2396 af
538 2334 569 2394 en
596 2331 748 2391 purung,
774 2331 812 2391 og
845 2326 927 2386 gaar
953 2325 1118 2385 langsomt
1145 2321 1188 2381 til
1208 2319 1367 2379 Grunde,
1387 2316 1463 2376 pint
1489 2314 1501 2374 a

111 2408 136 2468 d
170 2404 209 2464 og
250 2396 521 2456 tilsyneladende
555 2391 740 2451 ligevægtig
781 2386 813 2446 et
834 2382 1058 2442 uafrysteligt
1086 2379 1159 2439 Nag
1186 2378 1258 2438 over
1285 2377 1364 2437 ikke
1385 2374 1424 2434 at
1444 2371 1530 2431 være
1564 2370 1617 2430 saa
1644 2370 1782 2430 daarlig
1810 2365 1915 2425 taalte
1942 2362 1981 2422 at
2002 2360 2134 2420 bereves
2162 2358 2207 2418 sin
2241 2357 2479 2417 fro¬sammen
2519 2350 2585 2410 med
2626 2348 2678 2408 den
2712 2344 2910 2404 formodede
2944 2345 3089 2405 Kærlig¬

2338 2411 2569 2471 hedskonflikt
2601 2405 2638 2465 og
2669 2405 2728 2465 det
2751 2402 2931 2462 saakaldte
2961 2397 3088 2457 Fader¬

1560 2429 1639 2489 dige
1674 2426 1793 2486 Fylde.
1820 2423 1979 2483 Stakkels
2014 2420 2107 2480 Lily,
2128 2414 2214 2474 hvor
2241 2414 2307 2474 hun

114 2467 154 2527 og
182 2465 228 2525 jeg
256 2458 364 2518 mener
385 2455 398 2515 i
419 2453 507 2513 mine
528 2450 615 2510 stille
643 2447 751 2507 Timer
780 2444 894 2504 blevet
922 2441 989 2501 det,
1010 2440 1084 2500 man
1119 2437 1254 2497 ventede
1282 2435 1322 2495 af
1350 2433 1416 2493 det.

1569 2486 1763 2546 hemmeligt
1783 2483 1931 2543 gledede
1951 2480 2015 2540 sig,
2035 2475 2127 2535 trods
2147 2473 2249 2533 Tabet
2278 2472 2314 2532 af
2343 2470 2510 2530 kompleks
2539 2467 2641 2527 logisk
2670 2465 2706 2525 og
2735 2459 2958 2519 ubenherligt
2978 2457 3089 2517 beseg¬

828 2501 895 2561 Jeg
924 2501 1014 2561 tror,
1031 2499 1087 2559 det
1110 2498 1138 2558 er
1167 2498 1262 2558 gaaet
1285 2494 1358 2554 Lily
1381 2491 1516 2551 Schnitz

113 2521 144 2581 ve
177 2517 297 2577 fundet
330 2513 361 2573 en
394 2513 495 2573 Slags
528 2507 732 2567 Forklaring

2348 2532 2389 2592 let
2414 2528 2530 2588 hendes
2556 2524 2738 2584 Skabne...

782 2563 831 2623 ler
859 2561 922 2621 paa
950 2558 1111 2618 lignende
1133 2555 1273 2615 Maade.
1295 2551 1371 2611 Hun
1400 2549 1533 2609 elskede
1569 2548 1610 2608 sin
1646 2545 1716 2605 rige
1745 2542 1856 2602 Pryd,
1879 2539 1927 2599 for
1956 2537 1997 2597 nu
2026 2534 2131 2594 vidste
2160 2533 2222 2593 hun
2251 2529 2313 2589 sik¬

114 2578 259 2638 uligvis
284 2575 325 2635 er
366 2573 471 2633 denne
522 2567 749 2627 psykologiske

2408 2593 2538 2653 Maske
2564 2590 2622 2650 har
2648 2590 2778 2650 Arthur
2803 2587 2981 2647 Schniteler
3006 2583 3077 2643 anet

1560 2605 1653 2665 kert,
1674 2602 1713 2662 at
1734 2600 1793 2660 hun
1828 2598 1880 2658 var
1908 2596 1920 2656 i
1942 2596 1987 2656 sin
2015 2593 2141 2653 Faders
2162 2590 2321 2650 Tanke..

784 2622 820 2682 og
851 2620 900 2680 saa
931 2619 967 2679 op
999 2617 1047 2677 til
1072 2616 1127 2676 den
1159 2613 1263 2673 store,
1288 2613 1355 2673 rigt
1380 2608 1521 2668 udruste

112 2640 141 2700 s
165 2636 255 2696 rette
287 2630 445 2690 Losning.

1615 2662 1695 2722 Mon
1725 2659 1798 2719 ikke
1829 2656 1931 2716 denne
1954 2653 2027 2713 lille
2050 2650 2197 2710 Episode
2220 2649 2256 2709 er
2279 2647 2308 2707 et
2347 2656 2449 2716 dette,
2479 2654 2508 2714 ja
2538 2650 2796 2710 sandsynligvis
2826 2644 2885 2704 har
2915 2646 3003 2706 han,
3033 2644 3084 2704 der

788 2682 825 2742 de
851 2677 979 2737 Fader,
999 2676 1069 2736 men
1102 2674 1184 2734 folte
1204 2671 1223 2731 —
1269 2671 1332 2731 kun
1358 2666 1467 2726 javnt
1487 2664 1524 2724 be

106 2698 187 2758 ter
213 2693 278 2753 min
312 2689 402 2749 Tro,
420 2689 460 2749 at
486 2687 543 2747 der
585 2686 659 2746 lige
701 2681 749 2741 fri

2347 2714 2498 2774 magtede
2546 2709 2585 2769 at
2626 2707 2657 2767 se
2690 2707 2744 2767 ind
2777 2707 2792 2767 i
2817 2701 3087 2761 Kvindesindets

782 2741 884 2801 gavet
913 2737 946 2797 og
975 2734 1023 2794 ret
1044 2732 1277 2792 interesselos,
1293 2728 1347 2788 som
1382 2725 1443 2785 hun
1479 2725 1533 2785 var
1569 2721 1713 2781 Forspil
1734 2717 1775 2777 til
1804 2716 1851 2776 den
1886 2713 1975 2773 store
1996 2710 2162 2770 Tragedie
2176 2707 2189 2767 ?
2211 2707 2258 2767 Da
2286 2707 2299 2767 e

109 2760 147 2820 en
174 2752 284 2812 hviler
305 2751 336 2811 en
364 2749 448 2809 tung
474 2746 585 2806 Byrde
612 2744 670 2804 paa
697 2739 741 2799 sto

2346 2773 2530 2833 Longange
2546 2769 2597 2829 som
2634 2767 2752 2827 gennem
2790 2764 2818 2824 en
2849 2764 2922 2824 Vag
2945 2762 2981 2822 af
2997 2761 3099 2821 Glas,

794 2794 807 2854 —
847 2794 1085 2854 Umulighoden
1119 2791 1151 2851 af
1180 2790 1212 2850 at
1233 2787 1358 2847 komme
1379 2785 1391 2845 i
1412 2784 1444 2844 en
1471 2781 1544 2841 vir-
1572 2779 1651 2839 eller
1678 2776 1777 2836 andet
1797 2772 1983 2832 uforudset
2004 2770 2036 2830 er
2057 2768 2189 2828 hændet
2209 2766 2222 2826 i
2242 2766 2321 2826 hen¬

110 2811 286 2871 unstneres
313 2808 422 2868 Bern.
444 2806 524 2866 Ofte
559 2803 592 2863 er
620 2803 653 2863 de
689 2799 762 2859 fedt

2349 2829 2515 2889 forstaaet
2538 2827 2588 2887 alt
2611 2825 2646 2885 og
2683 2823 2784 2883 fattet
2814 2823 2871 2883 den
2901 2820 2995 2880 fulde
3025 2817 3096 2877 for¬

1571 2840 1624 2900 des
1644 2835 1829 2895 nystiftede
1850 2830 2049 2890 Agtoskab,
2069 2826 2135 2886 maa
2162 2826 2214 2886 det
2235 2823 2314 2883 have

103 2874 137 2934 et
165 2869 295 2929 splittet
323 2865 427 2925 Sind,
448 2864 482 2924 er
510 2860 661 2920 udstyret
690 2859 751 2919 med
793 2856 875 2916 kelig
917 2853 1082 2913 sandelig,
1103 2847 1262 2907 Kontakt
1290 2846 1330 2906 til
1352 2843 1399 2903 sin
1435 2844 1530 2904 kloge

2351 2889 2524 2949 færdelige
2557 2883 2738 2943 Saadhed,
2770 2880 2809 2940 og
2850 2880 2999 2940 redelig,
3024 2878 3078 2938 som

790 2913 934 2973 tilbedte
962 2910 1093 2970 Fader,
1114 2908 1168 2968 som
1210 2907 1271 2967 hun
1308 2902 1424 2962 troede
1479 2900 1534 2960 saa
1576 2897 1665 2957 modt
1693 2893 1796 2953 hende
1825 2889 2037 2949 uforberedt.
2059 2885 2162 2945 Hun,
2183 2882 2237 2942 der
2266 2882 2313 2942 til

110 2929 305 2989 stalenter,
326 2925 386 2985 har
414 2922 643 2982 Skabertrang
678 2918 738 2978 mer

2356 2949 2409 3009 han
2443 2948 2517 3008 var,
2532 2944 2606 3004 uden
2633 2940 2728 3000 Evne
2749 2940 2796 3000 til
2810 2938 2843 2998 at
2864 2937 3040 2997 besmykke
3061 2934 3087 2994 en

1572 2955 1799 3015 syneiaoende
1821 2950 1875 3010 tog
1903 2949 1951 3009 sig
1980 2946 2075 3006 Livet
2097 2943 2152 3003 saa
2180 2943 2241 3003 let,
2263 2941 2317 3001 var

797 2972 897 3032 hende
925 2969 1005 3029 over
1034 2967 1202 3027 Hovedet.
1230 2964 1304 3024 Len
1339 2959 1447 3019 havoe
1474 2958 1527 3018 der

111 2987 335 3047 Skaberevne.
357 2985 462 3045 Ingen
498 2979 588 3039 Bern
618 2978 744 3038 trænge

2360 3005 2630 3065 Kandsgerning,
2653 3000 2709 3060 har
2738 2999 2794 3059 han
2824 2997 2916 3057 bojet
2938 2997 2987 3057 sit
3009 2995 3087 3055 graa

797 3032 931 3092 igennem
979 3026 1134 3086 udviklet
1155 3024 1188 3084 en
1223 3024 1289 3084 lidt
1311 3022 1432 3082 sygelig
1467 3018 1547 3078 Lyst
1574 3016 1628 3076 som
1669 3012 1932 3072 Kunstnerbarn
1960 3003 2101 3063 sjælelig
2129 3001 2304 3061 forkvakle

104 3046 360 3106 Kunstnerbern
390 3041 440 3101 til
455 3038 589 3098 sjælelig
620 3035 704 3095 Rogt
727 3035 761 3095 og

2359 3065 2463 3125 Hoved
2492 3065 2526 3125 og
2555 3061 2624 3121 tret
2646 3058 2771 3118 indviet
2793 3056 2841 3116 sig
2863 3056 2911 3116 til
2926 3053 2981 3113 den
3010 3053 3100 3113 Ded,

794 3091 841 3151 til
865 3089 899 3149 at
924 3086 1005 3146 gore
1030 3085 1076 3145 sig
1112 3082 1288 3142 bemærket
1312 3079 1347 3139 af
1377 3077 1547 3137 Faderen,
1571 3073 1653 3133 eller
1683 3069 1824 3129 kommet
1848 3065 1947 3125 skævt
1972 3063 1988 3123 i
2007 3062 2130 3122 Vækst.
2154 3059 2236 3119 Inde
2260 3060 2318 3120 bag

124 3108 193 3168 for
226 3106 263 3166 at
296 3101 385 3161 blive
418 3098 648 3158 harmoniske,
693 3092 763 3152 hel¬

2359 3126 2413 3186 der
2442 3124 2482 3184 nu
2518 3121 2544 3181 er
2573 3119 2724 3179 kommet
2753 3116 2800 3176 for
2835 3116 2870 3176 at
2898 3113 3015 3173 bringe
3064 3110 3097 3170 et

1573 3130 1844 3190 Ligegladheden
1880 3124 1989 3184 havde
2025 3119 2325 3179 Underbevidsthe¬

106 3167 243 3227 hesker;
263 3163 293 3223 og
325 3160 418 3220 ingen
457 3157 537 3217 Born
569 3153 762 3213 forsommes
795 3150 1001 3210 ligegyldigt
1033 3144 1158 3204 gennem
1208 3140 1289 3200 godt
1321 3138 1395 3198 eller
1440 3134 1527 3194 ondt

2364 3183 2498 3243 Hjerte,
2516 3181 2575 3241 der
2601 3179 2651 3239 for
2677 3177 2795 3237 lengst
2822 3176 2855 3236 er
2881 3173 3016 3233 bristet,
3034 3170 3092 3230 den

1578 3192 1631 3252 den
1668 3190 1764 3250 gjort
1789 3185 1836 3245 sin
1873 3182 2247 3242 Muldvarpegerning:
2266 3176 2325 3236 her

120 3225 243 3285 Store
273 3219 467 3279 Kunstnere
497 3215 531 3275 er
562 3215 590 3275 jo
620 3214 655 3274 og
691 3212 761 3272 maa
797 3208 868 3268 blot
898 3204 1091 3264 bemærket.
1121 3201 1179 3261 Jeg
1215 3198 1274 3258 var
1310 3195 1409 3255 Vidne
1445 3193 1485 3253 til
1516 3191 1544 3251 et

2355 3242 2446 3302 store
2473 3239 2616 3299 Hvile...

1576 3249 1636 3309 var
1659 3247 1891 3307 Lejligheden,
1908 3242 1963 3302 den
1991 3241 2091 3301 længe
2113 3236 2262 3296 ubevidst
2285 3233 2312 3293 ef

796 3266 912 3326 Træk,
929 3265 984 3325 der
1007 3261 1101 3321 synes
1124 3259 1156 3319 at
1179 3256 1335 3316 bekræfte
1357 3253 1462 3313 denne
1485 3250 1545 3310 min

102 3283 120 3343 a
146 3283 195 3343 vis
221 3280 308 3340 Grad
340 3277 421 3337 være
447 3274 697 3334 egocentriske,
716 3271 747 3331 op

800 3326 917 3386 Teori.
929 3322 998 3382 Lily
1026 3319 1063 3379 S.
1080 3319 1138 3379 var
1155 3317 1230 3377 ikke
1252 3313 1424 3373 udpræget
1441 3310 1548 3370 smuk,
1575 3306 1806 3366 tertragtede,
1829 3304 1871 3364 til
1893 3302 1925 3362 at
1952 3300 2081 3360 brænde
2103 3296 2151 3356 sig
2179 3294 2313 3354 uudslet

2613 3316 2733 3376 Karen
2754 3313 2894 3373 Stampe
2925 3310 3064 3370 Bendio,

110 3347 178 3407 af
211 3340 305 3400 deres
337 3337 437 3397 indre
482 3331 614 3391 Syner.
659 3326 778 3386 Dertil

104 3404 189 3464 ner,
202 3401 238 3461 at
257 3395 514 3455 Beremtheders
539 3390 618 3450 Bern
650 3388 698 3448 alt
717 3388 771 3448 for
803 3386 814 3446 i
840 3383 888 3443 alt
907 3381 986 3441 Fald
1018 3379 1090 3439 ikke
1116 3377 1170 3437 saa
1195 3375 1281 3435 smuk
1313 3373 1361 3433 som
1398 3370 1447 3430 sin
1478 3368 1686 3428 end¬igt
1705 3365 1759 3425 ind
1785 3363 1796 3423 i
1815 3362 1858 3422 sin
1889 3359 2072 3419 forgudede
2097 3355 2219 3415 Faders
2245 3355 2324 3415 Sind

1581 3425 1634 3485 for
1658 3425 1735 3485 Tid,
1753 3424 1782 3484 ja
1806 3422 1858 3482 for
1883 3419 2049 3479 Evighed.
2067 3415 2203 3475 Maaske
2221 3413 2256 3473 er
2280 3412 2332 3472 det

796 3444 841 3504 nu
876 3442 960 3502 unge
989 3439 1108 3499 Moder
1137 3436 1238 3496 (hvad
1273 3433 1329 3493 der
1358 3430 1391 3490 af
1421 3428 1449 3488 en
1489 3430 1545 3490 ung

107 3465 142 3525 gt
166 3457 272 3517 bliver
296 3455 468 3515 jagttaget
498 3451 533 3511 af
558 3448 758 3508 Omgiveiser

1582 3488 1625 3548 til
1651 3484 1794 3544 syvende
1820 3483 1851 3543 og
1883 3480 1970 3540 sidst
1996 3477 2083 3537 dette
2103 3474 2240 3534 bundne
2266 3474 2334 3534 On¬

805 3504 887 3564 Pige
917 3499 1016 3559 ogsaa
1046 3498 1110 3558 kan
1146 3498 1228 3558 foles
1252 3496 1304 3556 som
1364 3492 1398 3552 et
1428 3492 1539 3552 Tryk)

113 3522 181 3582 Der
213 3519 313 3579 lyttes
345 3513 552 3573 uvilkaarlig
592 3507 676 3567 efter
708 3506 761 3566 for
