3248 4384
208 360 283 420 2.

1445 363 1574 423 box
1660 367 1842 427 43/5

352 368 931 428 Schnitzler's
999 366 1226 426 Death

1066 1435 1788 1495 OBSERVER

1152 1497 1178 1557 I.
1192 1494 1311 1554 österr.
1325 1492 1471 1552 behördl.
1485 1485 1782 1545 konzessioniertes

1107 1536 1343 1596 Unternehmen
1371 1530 1420 1590 für
1444 1524 1831 1584 Zeitungs-Ausschnitte

1167 1596 1309 1656 WIEN,
1337 1594 1384 1654 I.,
1413 1590 1698 1650 WOLLZEILE
1746 1582 1786 1642 11

1265 1645 1477 1705 TELEPHON
1511 1638 1684 1698 R-23-0-43

1074 1790 1292 1850 Ausschnitt
1319 1784 1406 1844 aus:

1073 1868 1487 1928 Reichenberger
1538 1862 1781 1922 Zeitung,

1339 1919 1721 1979 meichenberg,

1079 2017 1190 2077 vom:

1345 2035 1688 2095 25.10.1931.

1441 2152 1647 2212 Literatur.

1423 2250 1674 2310 Schuitzler.

1312 2307 1377 2367 Von
1407 2310 1472 2370 Dr.
1492 2307 1576 2367 Paul
1598 2310 1792 2370 Laudau.

1208 2372 1267 2432 Die
1288 2372 1403 2432 Wiener
1430 2372 1571 2432 Dichtung
1596 2372 1652 2432 hat
1672 2372 1692 2432 in
1722 2372 1768 2432 der
1793 2372 1959 2432 Literatur¬

1131 2411 1275 2471 geschichte
1309 2410 1352 2470 der
1382 2411 1507 2471 jüngsten
1536 2411 1782 2471 Vergangenheit
1816 2411 1878 2471 eine
1917 2408 1965 2468 be¬

1133 2447 1273 2507 deutende
1296 2447 1391 2507 Stelle
1423 2447 1663 2507 eingenommen;
1696 2450 1727 2510 sie
1764 2448 1795 2508 ist
1827 2448 1849 2508 ja
1891 2447 1963 2507 nicht

1131 2486 1187 2546 mit
1220 2486 1266 2546 den
1299 2486 1518 2546 Schlagworten
1556 2486 1607 2546 vom
1663 2488 1798 2548 „Wiener
1827 2486 1957 2546 Walzer“

1134 2522 1188 2582 und
1229 2525 1330 2585 „süßen
1361 2525 1482 2585 Mädel"
1518 2525 1542 2585 zu
1579 2525 1750 2585 erschopfen,
1781 2525 1897 2585 sondern
1933 2524 1962 2584 sie

1127 2559 1180 2619 hat
1204 2561 1253 2621 dem
1304 2561 1408 2621 trüben
1449 2561 1504 2621 und
1545 2563 1690 2623 sachlichen
1736 2561 1954 2621 norddeutschen

1129 2599 1362 2659 Naturalismus
1396 2599 1446 2659 erst
1470 2599 1587 2659 Anmut
1616 2600 1774 2660 verliehen,
1798 2599 1966 2659 Weichheit,

1133 2638 1281 2698 Feinheit,
1296 2638 1406 2698 Musik.
1445 2638 1506 2698 Und
1531 2637 1574 2697 der
1598 2638 1794 2698 bezeichnende
1823 2638 1957 2698 Künstler

1133 2673 1218 2733 dieser
1243 2676 1379 2736 „Wiener
1404 2674 1525 2734 Schule"
1551 2676 1711 2736 schlechthin
1742 2676 1777 2736 ist
1798 2674 1963 2734 Schnitz¬

1127 2712 1205 2772 ler,
1235 2713 1314 2773 nicht
1344 2713 1412 2773 etwa
1437 2713 1801 2773 Hofmannsthal,
1827 2713 1875 2773 der
1905 2713 1964 2773 viel

1129 2752 1380 2812 internationaler
1409 2752 1441 2812 ist
1474 2752 1530 2812 und
1568 2752 1623 2812 mit
1647 2752 1735 2812 seinem
1778 2750 1954 2810 fabelhaften

1129 2788 1320 2848 Formtalent
1354 2788 1397 2848 die
1436 2789 1752 2849 verschiedenartigsten
1786 2789 1868 2849 Stile
1906 2788 1954 2848 neu

1132 2826 1156 2886 zu
1186 2826 1298 2886 beleben
1328 2826 1440 2886 wußte,
1456 2826 1504 2886 der
1529 2828 1588 2888 viel
1608 2829 1686 2889 mehr
1711 2828 1735 2888 im
1775 2826 1965 2886 Österreichi¬

1131 2863 1198 2923 schen
1227 2865 1270 2925 als
1300 2865 1323 2925 im
1362 2865 1564 2925 Wienerischen
1598 2865 1748 2925 wurzelte.
1767 2865 1810 2925 In
1839 2864 1969 2924 Schnitz¬

1133 2901 1170 2961 ler
1198 2901 1296 2961 findet
1320 2902 1418 2962 uralte
1446 2901 1563 2961 Wiener
1591 2901 1745 2961 Tradition
1801 2901 1862 2961 ihre
1890 2901 1964 2961 letzte

1132 2940 1366 3000 Verfeinerung,
1385 2941 1461 3001 ihren
1491 2940 1576 3000 vollen
1610 2940 1773 3000 Ausklang.
1792 2940 1863 3000 Viel
1883 2940 1964 3000 mehr

1125 2977 1170 3037 als
1197 2978 1251 3038 das
1279 2979 1402 3039 Vorbild
1429 2979 1474 3039 der
1502 2979 1683 3039 Franzosen,
1702 2978 1756 3038 wie
1779 2976 1955 3036 Donnay

1127 3015 1181 3075 und
1206 3017 1416 3077 Lavedan,
1432 3015 1495 3075 oder
1515 3016 1677 3076 Ibsens
1702 3015 1775 3075 sollte
1800 3015 1863 3075 man
1889 3015 1957 3075 diese

1124 3053 1286 3113 heimischen
1335 3053 1483 3113 Einflüsse
1522 3053 1665 3113 betonen.
1723 3053 1795 3113 Sein
1844 3051 1963 3111 Haupt¬

1129 3092 1232 3152 motiv,
1253 3092 1297 3152 die
1317 3092 1560 3152 schaurig=schöne
1585 3092 1960 3152 Verschwisterung

1124 3129 1173 3189 von
1213 3131 1508 3191 Liebesgenuß
1548 3128 1606 3188 und
1631 3128 1902 3188 Todesnähe,
1932 3128 1965 3188 ist

1123 3165 1170 3225 der
1195 3169 1357 3229 eigentliche
1381 3168 1678 3228 Stimmungsfaktor
1703 3167 1745 3227 des
1770 3167 1894 3227 Barock,
1909 3166 1956 3226 das

1126 3206 1197 3266 nicht
1231 3206 1293 3266 nur
1327 3205 1350 3265 in
1394 3204 1442 3264 der
1467 3206 1562 3266 Kunst
1596 3206 1754 3266 Fischer
1783 3205 1855 3265 von
1889 3203 1960 3263 Er¬

1127 3245 1250 3305 lachs,
1285 3245 1408 3305 sondern
1448 3245 1512 3305 auch
1552 3245 1580 3305 im
1631 3242 1867 3302 österreichischen
1912 3240 1965 3300 Je¬

1127 3281 1322 3341 suitendrama
1360 3280 1434 3340 seine
1458 3280 1536 3340 Höhe
1560 3283 1709 3343 erreichte,
1733 3280 1793 3340 und
1826 3280 1867 3340 die
1896 3280 1956 3340 stets

1127 3319 1369 3379 wiederkehrende
1412 3319 1570 3379 Situation
1617 3319 1668 3379 bei
1701 3319 1878 3379 Schnitzler,
1912 3319 1962 3379 der

1124 3358 1229 3418 Rausch
1273 3358 1321 3418 der
1365 3357 1451 3417 Liebe
1490 3357 1518 3417 im
1568 3358 1716 3418 Angesicht
1760 3356 1808 3416 des
1857 3356 1967 3416 Todes,

1124 3397 1157 3457 ist
1182 3397 1219 3457 ein
1253 3397 1396 3457 Nachhall
1421 3397 1502 3457 jener
1531 3395 1631 3455 starken
1670 3394 1967 3454 Barock=Kontrafte,

1130 3433 1167 3493 die
1201 3436 1265 3496 hier
1292 3436 1319 3496 zu
1357 3436 1438 3496 einer
1471 3436 1638 3496 schmerzlich
1676 3436 1762 3496 stillen
1795 3433 1962 3493 Harmonie

1120 3474 1347 3534 verschmelzen.

1200 3527 1276 3587 Aber
1305 3528 1382 3588 nicht
1404 3528 1459 3588 nur
1498 3528 1559 3588 dies
1598 3528 1658 3588 eine
1687 3528 1802 3588 Motiv,
1836 3526 1952 3586 sondern

1129 3567 1198 3627 seine
1234 3568 1324 3628 ganze
1366 3567 1603 3627 Lebenshaltung
1649 3567 1714 3627 war
1750 3567 1850 3627 typisch
1891 3564 1966 3624 wie¬

1127 3606 1245 3666 nerisch.
1285 3606 1324 3666 Es
1354 3606 1388 3666 ist
1413 3606 1496 3666 jenes
1522 3606 1738 3666 Gehenlassen,
1758 3603 1812 3663 das
1842 3603 1866 3663 in
1901 3603 1950 3663 dem

1119 3645 1277 3705 bekannten
1306 3643 1385 3703 Liede
1409 3645 1549 3705 erklingt:
1578 3644 1619 3704 „'s
1643 3642 1676 3702 ist
1695 3642 1751 3702 mir
1775 3642 1844 3702 alles
1868 3642 1947 3702 eins,

1118 3684 1146 3744 es
1175 3684 1237 3744 war
1262 3684 1309 3744 das
1339 3682 1482 3742 Genießen
1512 3682 1559 3742 des
1583 3681 1794 3741 Augenblicks,
1809 3680 1861 3740 das
1891 3678 1962 3738 nicht

1119 3719 1181 3779 nach
1215 3722 1257 3782 dem
1302 3720 1426 3780 Morgen
1461 3722 1556 3782 fragt,
1585 3719 1638 3779 wie
1667 3719 1691 3779 es
1720 3719 1791 3779 schon
1826 3716 1960 3776 Abra¬

1124 3760 1195 3820 ham
1237 3758 1250 3818 a
1287 3758 1427 3818 Santa
1463 3758 1590 3818 Clara
1632 3758 1663 3818 an
1700 3755 1790 3815 seinen
1817 3755 1957 3815 Wienern

1121 3797 1240 3857 tadelte.
1279 3797 1437 3857 Schuitzler
1467 3796 1528 3856 war
1553 3797 1590 3857 ein
1625 3797 1758 3857 geradezu
1788 3794 1960 3854 fanatischer

1124 3833 1291 3893 Verfechter
1315 3833 1359 3893 des
1388 3833 1560 3893 Glaubens,
1580 3834 1632 3894 daß
1661 3833 1704 3893 der
1733 3833 1843 3893 Mensch
1872 3833 1963 3893 nicht¬

1126 3872 1170 3932 tun
1205 3870 1273 3930 kann
1304 3872 1382 3932 gegen
1417 3872 1465 3932 sein
1496 3872 1653 3932 Schicksal,
1668 3871 1717 3931 daß
1748 3869 1776 3929 er
1802 3869 1905 3929 unfrei
1925 3873 1973 3933 ist,

1124 3908 1188 3968 eine
1217 3908 1324 3968 Puppe
1362 3910 1389 3970 in
1432 3907 1483 3967 der
1512 3908 1595 3968 Hand
1638 3907 1717 3967 eines
1759 3910 1955 3970 unsichtbaren

1120 3949 1352 4009 Drahtziehers.
1386 3949 1431 4009 Es
1461 3949 1494 4009 ist
1517 3949 1579 4009 dies
1608 3949 1852 4009 lustig=traurige
1881 3949 1965 4009 Pup¬

2515 213 2566 273 d

2386 243 2497 303 preisen.

2062 351 2522 411 Ansichtsnummern
2556 345 2773 405 lostenlos

2058 428 2317 488 Adminiitration
2339 428 2648 488 Wochen=Ausgobe
2671 427 2705 487 A.
2713 425 2796 485 W.T.

2054 479 2230 539 Wien
2287 479 2326 539 I.,
2367 478 2691 538 Wollzeile
2727 473 2797 533 22.

2006 582 2134 642 penspiel
2157 580 2201 640 des
2229 581 2357 641 Lebens,
2376 578 2424 638 das
2452 578 2496 638 die
2523 577 2638 637 Wiener
2662 575 2839 635 Volksstücke

2008 619 2064 679 mit
2086 617 2281 677 unbewußter
2307 617 2419 677 Ironie
2446 617 2623 677 darstellten,
2641 614 2692 674 das
2718 614 2766 674 bei
2788 614 2831 674 ihm

2006 655 2074 715 aber
2101 655 2156 715 mit
2183 655 2260 715 einem
2303 655 2463 715 skeptischen
2493 652 2686 712 Künstlertum
2726 650 2842 710 geschil¬

2004 694 2070 754 dert
2093 691 2180 751 wird.
2216 694 2282 754 Das
2313 691 2449 751 Schicksal
2472 691 2555 751 spielt
2587 687 2648 747 mit
2679 687 2749 747 uns,
2781 688 2838 748 wir

2015 730 2112 790 spielen
2152 730 2240 790 unser
2276 730 2387 790 Leben:
2422 731 2480 791 „Es
2520 727 2622 787 fließen
2662 724 2843 784 ineinander

2471 766 2618 826 Wahrheit
2655 761 2710 821 und
2752 763 2849 823 Lüge.

2015 769 2111 829 Traum
2164 768 2221 828 und
2261 766 2436 826 Wachen/

2011 807 2175 867 Sicherheit
2198 805 2230 865 ist
2253 805 2440 865 nirgends./
2459 802 2523 862 Wir
2551 802 2641 862 wissen
2674 799 2761 859 nichts
2788 799 2838 859 von

2013 843 2137 903 andern,
2155 843 2245 903 nichts
2271 840 2318 900 von
2348 840 2425 900 uns.
2443 841 2451 901 /
2473 838 2537 898 Wir
2564 837 2666 897 spielen
2697 837 2765 897 alle,
2783 837 2843 897 wer

2014 879 2043 939 es
2063 880 2151 940 weiß,
2167 882 2201 942 ist
2221 882 2309 942 klug,“
2334 882 2413 942 heißt
2428 879 2452 939 es
2477 879 2501 939 in
2532 877 2620 937 seinem
2655 876 2837 936 tieffinnigen

2011 918 2256 978 „Paracelsus".

2089 975 2173 1035 „Das
2200 972 2290 1032 Leben
2317 972 2332 1032 —
2381 972 2422 1032 ein
2449 970 2603 1030 Traum",
2620 966 2682 1026 dies
2709 966 2846 1026 Grill¬

2011 1011 2293 1071 parzer=Motiv
2331 1010 2406 1070 wird
2445 1008 2496 1068 von
2525 1007 2684 1067 Schnitzler
2718 1005 2741 1065 in
2775 1005 2849 1065 viel¬

2015 1050 2103 1110 fachen
2143 1047 2350 1107 Wandlungen
2395 1045 2448 1105 und
2479 1046 2700 1106 Spiegelungen
2740 1042 2846 1102 aufge¬

2015 1085 2169 1145 nommen,
2195 1085 2298 1145 ebenso
2333 1085 2392 1145 wie
2427 1085 2470 1145 die
2505 1082 2745 1142 Verschmelzung
2784 1079 2835 1139 von

2015 1123 2096 1183 Liebe
2119 1124 2173 1184 und
2201 1123 2255 1183 Tod
2283 1122 2337 1182 aus
2364 1122 2436 1182 „Des
2464 1121 2582 1181 Meeres
2609 1118 2663 1178 und
2691 1118 2736 1178 der
2759 1115 2840 1175 Liebe

2016 1163 2134 1223 Welle".
2171 1161 2271 1221 Kunst
2304 1160 2362 1220 und
2399 1160 2504 1220 Natur
2541 1158 2623 1218 gehen
2665 1155 2842 1215 ineinander

2020 1200 2099 1260 über,
2127 1199 2183 1259 und
2216 1199 2267 1259 das
2296 1199 2379 1259 Leben
2422 1197 2445 1257 in
2478 1196 2524 1256 der
2548 1195 2712 1255 Phantasie
2745 1195 2777 1255 ist
2801 1193 2847 1253 oft

2014 1238 2172 1298 wirklicher
2205 1238 2251 1298 als
2289 1235 2340 1295 das
2378 1235 2456 1295 reale
2485 1235 2587 1295 Leben.
2630 1232 2732 1292 Daher
2770 1229 2844 1289 seine

2020 1276 2202 1336 Verehrung,
2227 1275 2245 1335 ja
2280 1274 2496 1334 Überschätzung
2526 1271 2568 1331 des
2597 1270 2770 1330 Künstlers,
2790 1268 2842 1328 sein

2020 1312 2229 1372 Asthetentum,
2249 1312 2332 1372 daher
2356 1312 2426 1372 aber
2450 1310 2510 1370 auch
2539 1311 2580 1371 die
2604 1308 2772 1368 Inbrunst,
2791 1306 2847 1366 mit

2019 1349 2063 1409 der
2089 1351 2138 1411 das
2169 1351 2305 1411 Formale
2330 1349 2446 1409 gegeben
2482 1348 2526 1408 ist.
2562 1347 2607 1407 In
2637 1344 2682 1404 der
2708 1345 2848 1405 Feinheit

2016 1388 2070 1448 und
2100 1390 2203 1450 Grazie
2233 1389 2321 1449 seines
2351 1387 2435 1447 Stils
2460 1384 2548 1444 folgte
2578 1382 2735 1442 Schnitzler
2760 1381 2848 1441 eben¬

2020 1429 2085 1489 falls
2109 1426 2155 1486 den
2188 1426 2277 1486 besten
2310 1426 2469 1486 heimischen
2503 1423 2657 1483 Mustern,
2681 1420 2732 1480 und
2765 1420 2848 1480 man¬

2017 1465 2073 1525 ches
2099 1465 2151 1525 aus
2177 1465 2265 1525 seiner
2286 1465 2373 1525 letzten
2405 1465 2493 1525 Prosa
2519 1462 2658 1522 gemahnt
2680 1461 2710 1521 an
2737 1460 2850 1520 Stif¬

2012 1505 2102 1565 ters
2133 1503 2371 1563 Erzählerkunst.

2096 1556 2153 1616 Aus
2187 1555 2277 1615 seinem
2317 1555 2486 1615 Wienertum
2532 1551 2636 1611 heraus
2669 1551 2766 1611 würde
2793 1548 2838 1608 der

2020 1594 2128 1654 Dichter
2168 1596 2191 1656 zu
2236 1593 2280 1653 dem
2329 1593 2570 1653 bezeichnendsten
2605 1590 2756 1650 Vertreter
2796 1587 2840 1647 des

2016 1631 2459 1691 Impressionismus.
2489 1629 2538 1689 Da
2563 1627 2588 1687 er
2613 1626 2671 1686 nur
2697 1626 2735 1686 die
2756 1626 2849 1686 Emp¬

2025 1668 2140 1728 findung
2169 1668 2215 1728 des
2244 1669 2434 1729 Augenblicks
2463 1665 2663 1725 anerkannte,
2682 1663 2724 1723 sich
2757 1662 2845 1722 allein

2015 1709 2044 1769 on
2075 1707 2124 1767 den
2154 1707 2308 1767 flüchtigen
2343 1706 2476 1766 Abglanz
2502 1704 2551 1764 des
2576 1702 2710 1762 Lebens,
2730 1701 2760 1761 an
2795 1701 2844 1761 den

2020 1742 2281 1802 Mummenschanz
2319 1742 2547 1802 verhuschender
2581 1739 2716 1799 Schatten
2759 1737 2851 1797 klam¬

2020 1781 2120 1841 merte,
2139 1781 2158 1841 so
2182 1781 2277 1841 wußte
2298 1781 2326 1841 er
2350 1781 2374 1841 in
2398 1781 2445 1841 das
2470 1778 2666 1838 Momentane
2690 1776 2733 1836 den
2762 1775 2852 1835 stärk¬

2025 1820 2068 1880 sten
2097 1820 2216 1880 Inhalt
2241 1820 2269 1880 zu
2299 1820 2398 1880 legen.
2437 1815 2528 1875 Seine
2557 1814 2652 1874 beiden
2687 1814 2768 1874 ersten
2807 1813 2854 1873 be¬

2020 1858 2206 1918 deutenderen
2236 1856 2392 1916 Arbeiten,
2412 1856 2456 1916 der
2481 1853 2720 1913 Einakterzyklus
2750 1851 2848 1911 „Ang¬

2023 1895 2077 1955 tol"
2102 1895 2155 1955 und
2180 1895 2219 1955 die
2244 1895 2361 1955 Novelle
2386 1892 2567 1952 „Sterben",
2582 1892 2709 1952 drangen
2739 1889 2846 1949 bereits

2019 1931 2042 1991 in
2081 1933 2210 1993 einzelne
2234 1932 2420 1992 Augenblicke
2450 1930 2540 1990 ganze
2564 1929 2674 1989 Welten
2713 1928 2755 1988 des
2789 1927 2851 1987 Er¬

2020 1972 2130 2032 lebens.
2169 1971 2236 2031 Das
2266 1969 2544 2029 impressionistische
2569 1966 2684 2026 Drama
2718 1964 2766 2024 hat
2795 1963 2847 2023 kein

2016 2008 2136 2068 höheres
2175 2008 2348 2068 Kunstwerk
2372 2005 2565 2065 aufzuweisen
2604 2003 2647 2063 als
2676 2002 2854 2062 Schnitzlers

2016 2047 2257 2107 „Einsamen
2292 2047 2420 2107 Weg",
2440 2044 2464 2104 in
2500 2044 2543 2104 dem
2588 2041 2652 2101 man
2692 2041 2765 2101 wohl
2795 2038 2849 2098 sein

2017 2084 2140 2144 bestes
2167 2084 2249 2144 Werk
2270 2083 2347 2143 sehen
2373 2083 2450 2143 darf.
2466 2080 2538 2140 Hier
2559 2080 2698 2140 entfaltet
2720 2080 2760 2140 sich
2792 2076 2848 2136 eine

2019 2122 2114 2182 Kunst
2134 2122 2182 2182 der
2206 2122 2369 2182 Halbtone,
2394 2121 2441 2181 der
2466 2119 2562 2179 feinen
2591 2119 2744 2179 Valeurs;
2789 2113 2855 2173 eine

2020 2160 2211 2220 silbergraue,
2239 2158 2290 2218 von
2328 2160 2463 2220 schweren
2497 2157 2608 2217 Farben
2651 2154 2729 2214 matt
2753 2154 2851 2214 durch¬

2020 2199 2153 2259 leuchtete
2173 2196 2434 2256 Herbststimmung
2465 2194 2498 2254 ist
2519 2193 2587 2253 über
2613 2193 2661 2253 das
2686 2193 2785 2253 Ganze
2810 2191 2854 2251 ge¬

2016 2235 2135 2295 breitet,
2159 2235 2211 2295 und
2236 2233 2278 2293 die
2307 2235 2412 2295 Tragik
2436 2234 2479 2294 des
2508 2232 2622 2292 Alters,
2642 2232 2684 2292 die
2709 2231 2770 2291 hier
2795 2228 2852 2288 an¬

2015 2274 2169 2334 geschlagen
2202 2273 2273 2333 wird
2306 2273 2362 2333 und
2390 2271 2436 2331 bei
2466 2270 2620 2330 Schnitzler
2648 2268 2756 2328 immer
2780 2265 2854 2325 wie¬

2016 2311 2157 2371 derkehrt,
2183 2310 2218 2370 ist
2239 2310 2284 2370 die
2315 2310 2482 2370 eigentliche
2514 2309 2625 2369 Tragik
2651 2306 2701 2366 des
2732 2305 2858 2365 impres¬

2021 2351 2197 2411 sionistischen
2232 2349 2404 2409 Menschen,
2424 2347 2470 2407 der
2495 2346 2560 2406 stets
2592 2345 2631 2405 die
2657 2343 2778 2403 Stunde
2809 2344 2853 2404 ge¬

2020 2387 2108 2447 nossen
2143 2387 2192 2447 hat
2222 2384 2276 2444 und
2307 2386 2370 2446 sich,
2385 2384 2444 2444 nun
2479 2384 2572 2444 einsam
2618 2381 2691 2441 sieht
2716 2381 2775 2441 mit
2800 2381 2844 2441 den

2020 2424 2155 2484 Schemen
2194 2423 2289 2483 seiner
2324 2421 2536 2481 Erinnerung.
2575 2420 2637 2480 Die
2671 2420 2849 2480 Wirkungen

2020 2463 2071 2523 und
2109 2462 2319 2522 Wandlungen
2357 2459 2408 2519 der
2441 2459 2548 2519 Seele,
2576 2459 2618 2519 die
2656 2459 2716 2519 „ein
2750 2459 2847 2519 wertes

2022 2501 2112 2561 Land"
2142 2501 2192 2561 ist,
2213 2499 2409 2559 beschäftigten
2446 2497 2601 2557 Schnitzler
2632 2495 2858 2555 hauptsächlich,

2017 2537 2063 2597 der
2095 2537 2141 2597 als
2167 2538 2270 2598 Arzt
2303 2537 2338 2597 ein
2386 2534 2567 2594 scharfer
2594 2531 2853 2591 Beobachter

2021 2577 2080 2637 war
2106 2576 2156 2636 und
2187 2576 2226 2636 sich
2257 2576 2312 2636 mit
2328 2573 2599 2633 Psychologie
2625 2570 2700 2630 nicht
2721 2570 2776 2630 nur
2806 2570 2846 2630 als

2021 2611 2231 2671 Künstler,
2247 2614 2362 2674 sondern
2393 2611 2453 2671 auch
2478 2608 2523 2668 als
2549 2608 2780 2668 Gelehrter
2805 2607 2850 2667 be¬

2025 2650 2175 2710 schäftigte.
2206 2650 2251 2710 In
2281 2647 2356 2707 einem
2392 2648 2502 2708 eigenen
2533 2647 2603 2707 Buch
2629 2647 2664 2707 ist
2679 2647 2729 2707 von
2755 2645 2850 2705 Theo¬

2017 2689 2066 2749 dor
2092 2689 2188 2749 Reik
2219 2686 2273 2746 auf
2300 2686 2345 2746 die
2370 2686 2537 2746 Beziehung
2572 2684 2688 2744 unseres
2714 2685 2850 2745 Dichters

2023 2730 2042 2790 zu
2077 2728 2121 2788 der
2151 2725 2376 2785 Psychoanalyse
2401 2723 2528 2783 Freud's
2553 2722 2738 2782 hingewiesen
2773 2719 2851 2779 wor¬

2020 2764 2088 2824 den,
2108 2764 2157 2824 der
2187 2762 2240 2822 sein
2275 2763 2382 2823 engster
2411 2761 2529 2821 Wiener
2559 2758 2749 2818 Landsmann
2784 2758 2847 2818 war

2025 2804 2074 2864 und
2104 2803 2157 2863 mit
2177 2801 2221 2861 dem
2261 2802 2290 2862 er
2316 2800 2354 2860 sich
2384 2800 2447 2860 auch
2473 2800 2497 2860 in
2531 2799 2620 2859 seinen
2650 2797 2855 2857 wissenschaft¬

2019 2839 2103 2899 lichen
2132 2838 2268 2898 Arbeiten
2308 2841 2382 2901 über
2405 2838 2541 2898 Hypnose
2575 2838 2631 2898 und
2671 2838 2846 2898 Suggestion

2018 2880 2174 2940 berührte.

2094 2934 2253 2994 Schnitzler
2273 2934 2310 2994 ist
2330 2934 2349 2994 in
2381 2932 2470 2992 seinen
2496 2931 2674 2991 Dichtungen
2707 2928 2751 2988 von
2784 2928 2847 2988 ver¬

2017 2973 2233 3033 hältnismäßig
2264 2973 2399 3033 einfachen
2430 2973 2596 3033 Gefühlen,
2612 2970 2667 3030 auf
2687 2969 2772 3029 denen
2803 2967 2843 3027 sich

2022 3009 2071 3069 sein
2116 3009 2318 3069 bekanntestes
2353 3009 2470 3069 Drama
2520 3007 2747 3067 „Liebelei"
2786 3005 2855 3065 auf¬

2020 3047 2118 3107 baute,
2143 3049 2167 3109 zu
2197 3047 2299 3107 immer
2334 3044 2579 3104 komplizierteren
2619 3044 2760 3104 seeiischen
2790 3040 2854 3100 Be¬

2021 3086 2171 3146 ziehungen
2202 3083 2257 3143 und
2288 3083 2403 3143 Rätseln
2434 3083 2680 3143 fortgeschritten,
2696 3081 2725 3141 er
2746 3080 2851 3140 dringt

2016 3124 2070 3184 tief
2090 3122 2114 3182 in
2144 3122 2187 3182 die
2212 3122 2290 3182 Welt
2311 3122 2355 3182 des
2385 3122 2600 3182 Unbewußten,
2621 3119 2664 3179 der
2689 3119 2851 3179 verdräng¬

2017 3163 2056 3223 ten
2092 3160 2223 3220 Gofühle
2254 3160 2308 3220 und
2339 3161 2470 3221 gestaltet
2496 3159 2556 3219 echt
2581 3158 2742 3218 Freud'sche
2773 3155 2853 3215 Pro¬

2016 3200 2124 3260 bleme,
2154 3200 2207 3260 wie
2247 3200 2271 3260 in
2311 3197 2354 3257 der
2384 3197 2506 3257 Novelle
2546 3197 2668 3257 „Frau
2713 3194 2849 3254 Beate

2016 3239 2094 3299 und
2139 3238 2207 3298 ihr
2252 3236 2389 3296 Sohn"
2439 3236 2507 3296 oder
2552 3234 2581 3294 in
2621 3233 2669 3293 der
2709 3233 2841 3293 genialen

2021 3274 2413 3334 „Traumnovelle".
2454 3271 2534 3331 Aber
2570 3271 2594 3331 so
2625 3271 2735 3331 wichtig
2776 3271 2851 3331 diese

2016 3313 2070 3373 tief
2101 3313 2248 3373 bohrende
2289 3311 2343 3371 und
2383 3310 2601 3370 zergliedernde
2636 3308 2769 3368 Analyse
2805 3307 2853 3367 für

2020 3353 2089 3413 seine
2110 3352 2206 3412 Kunst
2227 3352 2272 3412 ist,
2288 3350 2307 3410 so
2333 3349 2398 3409 darf
2419 3349 2479 3409 man
2510 3346 2560 3406 sein
2586 3346 2666 3406 Werk
2687 3346 2742 3406 doch
2768 3348 2858 3408 nicht,

2016 3390 2068 3450 wie
2088 3388 2116 3448 es
2141 3388 2207 3448 Reik
2227 3388 2308 3448 getan
2333 3388 2399 3448 hat,
2414 3388 2539 3448 einseitig
2563 3386 2596 3446 an
2626 3385 2669 3445 der
2693 3385 2856 3445 Freud'¬

2017 3429 2117 3489 schen
2142 3427 2283 3487 Methode
2305 3427 2425 3487 messen,
2441 3424 2556 3484 sondern
2588 3424 2652 3484 muß
2678 3421 2859 3481 betrachten,

2017 3466 2078 3526 was
2104 3466 2135 3526 er
2162 3466 2218 3526 aus
2250 3466 2332 3526 diesem
2379 3463 2482 3523 reichen
2514 3463 2747 3523 psychologischen
2783 3460 2855 3520 Ma¬

2021 3506 2108 3566 terial
2130 3505 2259 3565 lebendig
2286 3502 2416 3562 gestaltet
2437 3501 2504 3561 hat.

2098 3561 2169 3621 Man
2206 3560 2259 3620 hat
2284 3558 2439 3618 Schnitzler
2470 3555 2517 3615 oft
2548 3555 2764 3615 vorgeworfen,
2795 3555 2842 3615 daß

2019 3599 2088 3659 seine
2114 3597 2194 3657 Welt
2230 3598 2285 3658 und
2321 3597 2395 3657 seine
2421 3595 2522 3655 Stoffe
2558 3595 2587 3655 zu
2623 3594 2678 3654 eng
2714 3593 2854 3653 begrenzt

2017 3639 2106 3699 seien.
2137 3636 2308 3696 Tatsächlich
2339 3633 2393 3693 sind
2419 3633 2444 3693 es
2474 3633 2529 3693 nur
2555 3632 2625 3692 ganz
2645 3630 2756 3690 wenige
2781 3630 2851 3690 Mo¬

2015 3678 2084 3738 tive,
2104 3676 2232 3736 Figuren
2267 3672 2320 3732 und
2346 3669 2563 3729 Situationen,
2583 3669 2627 3729 die
2652 3669 2695 3729 sich
2721 3669 2770 3729 bei
2790 3669 2834 3729 ihm

2020 3713 2043 3773 in
2068 3714 2159 3774 feinen
2188 3710 2390 3770 Variationen
2415 3709 2481 3769 stets
2506 3707 2712 3767 wiederholen.
2752 3707 2794 3767 Da
2824 3707 2857 3767 ist

2016 3750 2059 3810 die
2083 3752 2222 3812 Stellung
2247 3749 2294 3809 des
2319 3749 2453 3809 Mannes
2477 3746 2601 3806 zwischen
2631 3744 2702 3804 zwei
2722 3743 2856 3803 Frauen,

2015 3791 2059 3851 dem
2099 3791 2197 3851 „süßen
2227 3788 2345 3848 Mädel"
2370 3786 2424 3846 und
2444 3782 2493 3842 der
2513 3782 2725 3842 verheirateten
2745 3782 2857 3842 Dame,

2015 3830 2069 3890 das
2095 3829 2130 3889 ist
2151 3827 2201 3887 das
2232 3824 2413 3884 „dreieckige"
2445 3821 2621 3881 Verhältnis
2652 3819 2676 3879 in
2707 3821 2752 3881 der
2783 3821 2858 3881 Ehe,

2016 3866 2045 3926 da
2076 3865 2136 3925 sind
2162 3864 2202 3924 die
2232 3863 2323 3923 beiden
2359 3862 2510 3922 Freunde,
2531 3860 2570 3920 die
2596 3857 2692 3917 beiden
2722 3857 2858 3917 Gegner,

2016 3902 2045 3962 da
2071 3905 2106 3965 ist
2126 3905 2171 3965 der
2192 3902 2272 3962 Liebe
2298 3902 2373 3962 kurze
2399 3899 2545 3959 Seligkeit
2565 3896 2615 3956 und
2646 3896 2726 3956 lange
2752 3896 2857 3956 Qual,

2022 3951 2053 4011 ist
2073 3946 2117 4006 die
2137 3943 2290 4003 Hoffnung
2316 3942 2367 4002 auf
2393 3940 2443 4000 das
2463 3937 2539 3997 Kind
2566 3937 2622 3997 und
2649 3934 2699 3994 das
2719 3937 2840 3997 Grauen
