3344 4352
91 298 218 358 12.
268 303 869 363 Schnitzler's
940 302 1175 362 Death

315 3891 512 3951 Schnitzler
556 3891 611 3951 als
650 3889 909 3949 medizinischer
954 3888 1226 3948 Schriftsteller.

298 3962 560 4022 Regierungsrat
607 3962 777 4022 Professor
808 3962 875 4022 Dr.
897 3962 1030 4022 Johann
1072 3958 1257 4018 Schnitzler,
1304 3954 1360 4014 aus

199 4007 451 4067 Groß=Kanizsa
482 4007 507 4067 in
539 4007 667 4067 Ungarn
704 4007 868 4067 gebürtig,
884 4005 971 4065 hatte
997 4004 1064 4064 1860
1095 4005 1141 4065 die
1172 4003 1362 4063 „Wiener

199 4056 518 4116 Medizinische
555 4053 730 4113 Presse“
761 4052 957 4112 begründet,
983 4052 1034 4112 bei
1061 4049 1148 4109 deren
1190 4047 1360 4107 Redaktion

207 4100 254 4160 ihm
297 4101 354 4161 zum
397 4100 512 4160 Schluß
538 4099 606 4159 Dr.
628 4097 706 4157 Bela
733 4098 816 4158 Weiß
849 4097 1021 4157 assistierte.
1043 4097 1085 4157 Im
1127 4097 1226 4157 letzten
1259 4092 1368 4152 Jahr¬

202 4145 281 4205 gang
312 4143 412 4203 seiner
443 4142 598 4202 Führung
629 4144 795 4204 erschienen
826 4141 895 4201 1886
946 4141 991 4201 die
1037 4141 1187 4201 frühesten
1223 4135 1363 4195 Kritiken

1239 4177 1335 4237 a

1384 306 1512 366 box
1590 309 1773 369 44/2

2256 616 2326 676 Nr.
2349 616 2413 676 29-

1535 619 1596 679 25.
1622 620 1782 680 Oktober
1814 619 1901 679 1931

1330 708 1487 768 muß.
1525 713 1598 773 Zum
1641 710 1804 770 Beispiel:
1852 709 2010 769 „Heine
2037 708 2126 768 sollte
2153 706 2363 766 Deutschland
2396 701 2558 761 gehaß?

1338 754 1524 814 haben?
1545 755 1590 815 Er
1616 755 1665 815 hat
1692 755 1737 815 sich
1762 753 1858 813 unter
1884 753 2020 813 bitteren
2051 751 2238 811 Schmerzen
2269 751 2318 811 von
2354 749 2450 809 seiner
2476 746 2566 806 Liebe

1335 803 1428 863 zu
1458 800 1624 860 demselben
1654 798 1747 858 heilen
1777 801 1909 861 wollen:
1934 796 1988 856 das
2013 798 2051 858 ist
2071 798 2116 858 die
2141 795 2321 855 Wahrheit.

1483 847 1527 907 Im
1578 847 1658 907 Juli
1694 843 1759 903 1888
1795 844 1875 904 schon
1916 844 2006 904 hatte
2043 843 2072 903 er
2108 843 2178 903 nach
2219 842 2304 902 einer
2340 840 2566 900 Studienreise

1391 894 1479 954 durch
1514 894 1665 954 England
1700 894 2150 954 Originalkorrespondenzen
2190 891 2214 951 in
2254 890 2351 950 seiner
2386 888 2567 948 Zeitschrift

1387 944 1554 1004 erscheinen
1589 944 1708 1004 lassen:
1733 942 1801 1002 drei
1832 942 2093 1002 „Londoner
2123 938 2320 998 Briefe“,
2340 936 2428 996 deren
2464 935 2566 995 letzter

1389 990 1455 1050 eine
1489 989 1608 1049 heitere
1637 989 1860 1049 Beobachtung
1913 989 1975 1049 aus
2009 989 2151 1049 dortigen
2194 983 2361 1043 Spitälern
2418 981 2566 1041 enthält:

1391 1040 1454 1100 „In
1489 1037 1543 1097 den
1582 1037 1699 1097 meisten
1739 1035 1861 1095 Sälen,
1886 1034 1954 1094 auch
1990 1034 2019 1094 in
2054 1034 2107 1094 den
2142 1034 2195 1094 für
2230 1033 2278 1093 den
2318 1031 2479 1091 Empfang
2514 1029 2568 1089 der

1389 1085 1671 1145 ambulatorischen
1710 1083 1853 1143 Kranken
1887 1082 2082 1142 bestimmten
2117 1080 2284 1140 Räumen,
2308 1079 2409 1139 finden
2447 1078 2495 1138 sich
2529 1077 2561 1137 an

1392 1131 1441 1191 den
1477 1131 1618 1191 Wänden
1649 1132 1713 1192 und
1744 1130 1850 1190 Türen
1880 1130 2127 1190 Bibelsprüche,
2147 1127 2192 1187 die
2218 1127 2278 1187 auf
2299 1125 2348 1185 die
2374 1124 2565 1184 Stimmung

1392 1179 1437 1239 der
1469 1178 1641 1238 Patienten
1683 1177 1764 1237 einen
1806 1177 1891 1237 mehr
1928 1177 2005 1237 oder
2038 1177 2164 1237 minder
2197 1171 2446 1231 ermunternden
2488 1170 2569 1230 Ein¬

1392 1226 1474 1286 druck
1501 1227 1531 1287 zu
1568 1226 1645 1286 üben
1682 1225 1837 1285 imstande
1863 1225 1946 1285 sind.
1988 1223 2039 1283 Es
2086 1225 2158 1285 läßt
2205 1222 2256 1282 sich
2293 1219 2433 1279 sicherlich
2470 1219 2567 1279 nichts

1392 1277 1522 1337 dagegen
1560 1273 1765 1333 einwenden,
1799 1273 1892 1333 wenn
1939 1273 1995 1333 der
2028 1273 2153 1333 Kranke
2196 1273 2229 1333 zu
2280 1269 2355 1329 lesen
2398 1267 2570 1327 bekommt:

1397 1324 1470 1384 „Tut
1491 1322 1648 1382 einander
1673 1321 1815 1381 Gutes',
1835 1321 1898 1381 und
1924 1321 1997 1381 auch
2027 1321 2076 1381 dem
2120 1318 2267 1378 Spruche
2298 1316 2376 1376 Wen
2411 1316 2459 1376 der
2489 1315 2573 1375 Herr

1395 1367 1484 1427 liebt,
1500 1369 1555 1429 den
1586 1368 1696 1428 schlägt
1721 1368 1786 1428 er',
1807 1368 1877 1428 kann
1907 1368 1972 1428 eine
1998 1367 2118 1427 gewisse
2144 1365 2294 1425 Wirkung
2324 1364 2379 1424 auf
2400 1362 2575 1422 Gemüter,

1391 1416 1442 1476 die
1468 1416 1519 1476 für
1545 1417 1622 1477 diese
1648 1418 1710 1478 Art
1736 1416 1792 1476 von
1824 1416 2050 1476 Schmeichelei
2071 1416 2276 1476 empfänglich
2313 1413 2395 1473 sind,
2411 1410 2493 1470 nicht
2519 1407 2575 1467 ab¬

1392 1466 1569 1526 gesprochen
1609 1464 1756 1524 werden;
1801 1464 1889 1524 wenn
1944 1465 1977 1525 es
2033 1464 2120 1524 einem
2165 1461 2308 1521 Kranken
2367 1458 2461 1518 jedoch
2515 1456 2578 1516 mit

1396 1513 1581 1573 gewaltigen
1623 1512 1814 1572 Buchstaben
1856 1513 2135 1573 entgegendräut:
2187 1509 2275 1569 „Wer
2307 1507 2482 1567 gesündigt
2513 1508 2585 1568 hat,

1392 1559 1467 1619 muß
1492 1559 1653 1619 sterben',
1674 1562 1699 1622 so
1730 1560 1805 1620 wird
1831 1559 1866 1619 er
1891 1559 2012 1619 daraus
2043 1559 2093 1619 bei
2114 1556 2255 1616 genauer
2286 1553 2573 1613 Berücksichtigung

1394 1608 1488 1668 seiner
1544 1607 1726 1667 bisherigen
1766 1607 2039 1667 Lebensführung
2095 1604 2185 1664 wohl
2236 1604 2301 1664 nur
2337 1604 2427 1664 selten
2468 1602 2568 1662 seinen

1392 1657 1520 1717 wahren
1555 1656 1618 1716 und
1648 1655 1830 1715 bleibenden
1870 1655 1963 1715 Trost
1993 1655 2131 1715 schöpfen
2166 1652 2367 1712 können....

1492 1708 1529 1768 Zu
1588 1703 1742 1763 Neujahr
1796 1700 1870 1760 1889
1924 1703 2179 1763 veröffentlichte
2239 1698 2350 1758 Artur
2404 1697 2580 1757 Schnitzler

1397 1749 2051 1809 „Silvesterbetrachtungen“,
2091 1747 2139 1807 die
2195 1747 2292 1807 unter
2342 1744 2465 1804 anderm
2514 1742 2568 1802 von

1391 1798 1645 1858 konfessioneller
1675 1797 1934 1857 Unduldsamkeit
1964 1798 2101 1858 sprachen
2141 1794 2199 1854 und
2234 1794 2316 1854 einen
2351 1792 2566 1852 auffallenden

1394 1846 1535 1906 ethischen
1570 1846 1795 1906 Pessimismus
1825 1846 1996 1906 verraten:
2016 1846 2045 1906 es
2070 1844 2147 1904 gäbe
2172 1843 2324 1903 vielleicht
2344 1843 2446 1903 genug
2476 1842 2569 1902 große

1392 1894 1525 1954 Aerzte,
1547 1894 1618 1954 aber
1650 1893 1742 1953 sicher
1768 1893 1871 1953 wenig
1923 1896 2026 1956 große
2057 1891 2247 1951 Menschen.
2284 1889 2361 1949 Wie
2392 1889 2459 1949 mag
2495 1888 2572 1948 diese

1394 1941 1643 2001 Moralpredigt
1693 1941 1741 2001 des
1792 1943 1913 2003 jungen
1948 1941 2149 2001 Redakteurs
2204 1938 2257 1998 von
2316 1938 2370 1998 den
2405 1938 2566 1998 würdigen

1394 1989 1526 2049 Aerzten
1566 1990 1614 2050 als
1649 1989 1756 2049 Lesern
1797 1989 2041 2049 aufgenommen
2081 1988 2209 2048 worden
2249 1984 2341 2044 sein?
2371 1985 2420 2045 Im
2469 1984 2567 2044 selben

1393 2040 1500 2100 Jahre
1537 2038 1609 2098 aber
1645 2040 1707 2100 ließ
1743 2037 1851 2097 Artur
1888 2037 2062 2097 Schnitzler
2099 2036 2191 2096 auch,
2223 2036 2279 2096 auf
2310 2034 2428 2094 Grund
2470 2032 2573 2092 seiner

1393 2087 1518 2147 eigenen
1548 2087 1805 2147 Erfahrungen,
1821 2085 1865 2145 die
1891 2087 1961 2147 erste
1987 2085 2047 2145 und
2078 2086 2198 2146 einzige
2224 2082 2430 2142 selbständige
2456 2082 2576 2142 wissen¬

1398 2136 1561 2196 schaftliche
1594 2133 1715 2193 Arbeit
1743 2135 1768 2195 in
1806 2133 1895 2193 jener
1928 2132 2113 2192 Zeitschrift
2156 2131 2331 2191 erscheinen
2389 2130 2453 2190 (10.
2480 2130 2574 2190 März

1398 2180 1445 2240 bis
1467 2180 1498 2240 7.
1520 2183 1614 2243 April
1641 2180 1741 2240 1889),
1763 2182 1810 2242 die
1832 2180 1910 2240 dann
1948 2182 1995 2242 als
2028 2180 2297 2240 Sonderabdruck
2318 2180 2365 2240 bei
2388 2180 2445 2240 W.
2467 2177 2577 2237 Brau¬

1396 2231 1616 2291 müller=Wien
1652 2231 1777 2291 verlegt
1802 2231 1922 2291 worden
1958 2231 2013 2291 ist:
2044 2230 2159 2290 „Ueber
2190 2228 2395 2288 funktionelle
2426 2229 2571 2289 Aphonie

1398 2277 1457 2337 und
1488 2279 1578 2339 deren
1609 2279 1829 2339 Behandlung
1860 2279 1945 2339 durch
1981 2278 2131 2338 Hypnose
2157 2279 2216 2339 und
2252 2279 2488 2339 Suggestion“.
2508 2279 2573 2339 Der

1393 2327 1546 2387 nämliche
1594 2327 1720 2387 Verlag
1774 2327 1831 2387 gab
1891 2327 1964 2387 1891
1996 2327 2043 2387 bis
2081 2326 2155 2386 1895
2203 2327 2339 2387 Johann
2383 2325 2572 2385 Schnitzlers

1398 2374 1588 2434 „Klinischen
1640 2374 1737 2434 Atlas
1789 2373 1845 2433 der
1877 2374 2123 2434 Laryngologie
2175 2374 2272 2434 (nebst
2299 2371 2478 2431 Anleitung
2515 2374 2571 2434 zur

1393 2422 1557 2482 Diagnose
1589 2422 1651 2482 und
1687 2424 1847 2484 Therapie
1873 2422 1924 2482 der
1956 2423 2167 2483 Krankheiten
2210 2420 2256 2480 des
2292 2420 2478 2480 Kehlkopfes
2515 2422 2571 2482 und

1393 2470 1449 2530 der
1480 2470 1692 2530 Luftröhre)“
1723 2470 1863 2530 heraus,
1884 2471 1935 2531 der
1971 2473 2090 2533 unter.
2122 2470 2343 2530 Mitwirkung
2380 2470 2431 2530 der
2468 2470 2571 2530 beiden

1396 2521 1686 2581 laryngologischen
1729 2521 1913 2581 Assistenten
1956 2521 2230 2581 (Schwiegersohn
2272 2518 2330 2578 und
2373 2518 2488 2578 Sohn)
2521 2518 2567 2578 des

1399 2568 1562 2628 Gelehrten
1606 2568 1785 2628 entstanden
1829 2568 1918 2628 war:
1951 2568 2025 2628 Dr.
2046 2568 2210 2628 Marcusz
2243 2568 2358 2628 Hajek,
2386 2565 2438 2625 der
2471 2565 2576 2625 jetzige

1399 2619 1499 2679 Leiter
1531 2619 1583 2679 der
1616 2617 1726 2677 Klinik
1774 2616 1827 2676 für
1859 2616 2239 2676 Kehlkopfkrankheiten,
2282 2616 2345 2676 und
2377 2613 2445 2673 Dr.
2467 2613 2572 2673 Artur

1397 2667 1589 2727 Schnitzler.
1607 2665 1716 2725 Dieser
1750 2664 1838 2724 hatte
1866 2664 1943 2724 aber
1977 2664 2037 2724 nur
2071 2664 2136 2724 beim
2181 2666 2258 2726 Text
2286 2664 2341 2724 der
2374 2662 2462 2722 ersten
2502 2661 2573 2721 fünf

1398 2715 1454 2775 von
1486 2716 1542 2776 den
1578 2715 1671 2775 sieben
1708 2715 1914 2775 Lieferungen
1956 2715 2163 2775 mitgewirkt.

1772 2789 1843 2849 Die
1867 2789 1973 2849 ersten
2009 2787 2210 2847 Novellen.

1490 2846 1534 2906 In
1569 2849 1642 2909 diese
1665 2851 1733 2911 acht
1757 2849 1863 2909 Jahre
1887 2849 1989 2909 seiner
2012 2849 2165 2909 fachlichen
2200 2847 2460 2907 Schriftstellerei
2483 2846 2567 2906 fallen

1401 2895 1473 2955 aber
1499 2897 1571 2957 auch
1608 2896 1675 2956 die
1706 2894 1840 2954 ersten
1872 2894 2244 2954 Publikationen
2276 2891 2348 2951 des
2374 2891 2576 2951 Dichters

1398 2942 1657 3002 Schnitzler,
1679 2941 1720 3001 die
1747 2941 1795 3001 bis
1822 2941 1874 3001 zum
1917 2939 2101 2999 Erscheinen
2134 2938 2181 2998 des
2208 2938 2297 2998 ersten
2330 2935 2451 2995 Buches
2478 2935 2578 2995 (1893)

1400 2988 1449 3048 als
1478 2986 1546 3046 eine
1576 2986 1645 3046 Art
1670 2985 1910 3045 Wiegendrucke
1935 2984 2111 3044 betrachtet
2141 2983 2258 3043 werden
2293 2983 2435 3043 können,
2474 2980 2577 3040 wobei

1457 3029 1518 3089 wie
1545 3033 1580 3093 an
1612 3031 1756 3091 richtigen
1787 3031 1998 3091 Inkunabeln
2031 3027 2040 3087 —
2092 3027 2143 3087 der
2170 3029 2355 3089 inhaltliche
2376 3028 2469 3088 Wert
2500 3027 2577 3087 nicht

1398 3077 1572 3137 besonders
1599 3077 1732 3137 beachtet
1753 3076 1870 3136 werden
1902 3077 1989 3137 muß.
2011 3076 2164 3136 Zunächst
2186 3076 2247 3136 war
2273 3073 2375 3133 Artur
2402 3073 2571 3133 Schnitzler

1403 3124 1476 3184 Gast
1509 3124 1534 3184 in
1572 3123 1624 3183 der
1657 3121 2111 3181 belletristisch-musikalischen
2148 3121 2332 3181 Zeitschrift
2375 3118 2454 3178 „An
2502 3117 2570 3177 der

1409 3168 1572 3228 schönen
1615 3168 1778 3228 blauen
1816 3168 2016 3228 Donau",
2053 3165 2100 3225 die
2132 3165 2196 3225 Dr.
2223 3165 2264 3225 F.
2286 3162 2454 3222 Mamroth
2487 3159 2581 3219 halb¬

1404 3213 1568 3273 monatlich
1615 3214 1815 3274 herausgab.
1852 3213 1944 3273 Dort
1986 3211 2114 3271 erschien
2161 3210 2192 3270 im
2249 3210 2279 3270 4.
2300 3211 2475 3271 Jahrgang
2506 3207 2573 3267 1889

1401 3258 1501 3318 zuerst
1546 3259 1582 3319 am
1648 3258 1697 3318 15.
1739 3258 1874 3318 Jänner
1920 3258 1970 3318 die
2021 3257 2157 3317 Novelle
2202 3258 2343 3318 „Mein
2394 3255 2575 3315 Freund

1403 3306 1625 3366 Ypsilon",
1646 3304 1707 3364 mit
1729 3303 1780 3363 dem
1827 3303 2064 3363 überleitenden
2101 3303 2302 3363 Untertitel:
2344 3303 2452 3363 „Aus
2494 3299 2566 3359 den

1403 3350 1624 3410 Papieren
1702 3348 1830 3408 eines
1893 3349 2103 3409 Arztes“.
2155 3346 2243 3406 Nach
2311 3347 2397 3407 einer
2465 3345 2573 3405 Skizze

1408 3395 1644 3455 „Amerika“
1680 3395 1772 3455 folgte
1804 3394 1860 3454 das
1891 3393 1968 3453 erste
1999 3395 2179 3455 Bruchstück
2211 3392 2267 3452 aus
2298 3392 2349 3452 dem
2396 3391 2575 3451 „Anatol“¬

1398 3440 1517 3500 Kreis:
1543 3440 1734 3500 „Episode“.
1755 3440 1854 3500 Dann
1890 3438 1935 3498 die
1965 3440 2101 3500 Novelle
2132 3439 2211 3499 „Der
2237 3437 2367 3497 Andre.
2408 3437 2478 3497 Aus
2509 3434 2558 3494 dem

1397 3487 1563 3547 Tagebuch
1608 3486 1691 3546 eines
1736 3485 2069 3545 Hinterbliebenen",
2104 3485 2167 3545 also
2212 3484 2275 3544 mit
2301 3482 2383 3542 einem
2428 3480 2575 3540 charakte¬

1403 3532 1548 3592 ristischen
1578 3529 1719 3589 Thema,
1749 3529 1799 3589 die
1840 3529 1915 3589 aber
1961 3529 1990 3589 in
2026 3529 2070 3589 die
2096 3529 2327 3589 Gesammelten
2358 3526 2468 3586 Werke
2493 3525 2573 3585 nicht

1403 3577 1553 3637 Eingang
1584 3574 1684 3634 fand;
1725 3574 1941 3634 ebensowenig
1992 3575 2052 3635 wie
2098 3574 2153 3634 das
2199 3573 2405 3633 dramatische
2446 3571 2581 3631 Gedicht

1408 3622 1578 3682 „Alkandis
1609 3619 1717 3679 Lied",
1738 3619 1784 3679 ein
1817 3620 1981 3680 Versstück
2008 3619 2033 3679 in
2064 3619 2152 3679 einem
2199 3620 2343 3680 Aufzug,
2365 3616 2416 3676 das
2447 3616 2514 3676 1890
2545 3614 2571 3674 in

1398 3668 1495 3728 dieser
1527 3665 1706 3725 Zeitschrift
1728 3667 1877 3727 erschien.
1898 3667 1980 3727 Nach
2012 3667 2063 3727 dem
2105 3664 2243 3724 Abgang
2275 3662 2485 3722 Mamroths,
2522 3659 2573 3719 der

2505 3706 2573 3766 ge¬

1405 3713 1532 3773 indessen
1572 3712 2012 3772 Feuilletonredakteur=der
2047 3712 2277 3772 „Frankfurter
2312 3709 2449 3769 Zeitung

1408 3757 1522 3817 worden
1556 3758 1641 3818 war,
1675 3756 1737 3816 und
1781 3756 1895 3816 Artur
1919 3756 2095 3816 Schnitzler
2139 3755 2210 3815 auch
2239 3753 2315 3813 dort
2340 3753 2425 3813 durch
2459 3751 2573 3811 Publi¬

1399 3803 1543 3863 kationen
1590 3802 1754 3862 gefördert
1796 3801 1826 3861 zu
1878 3801 1976 3861 haben
2007 3801 2135 3861 scheint,
2151 3799 2254 3859 leitete
2280 3800 2321 3860 Z.
2337 3798 2378 3858 K.
2399 3798 2501 3858 Lecher
2528 3798 2574 3858 die

1404 3849 1579 3909 „Donau“.
1599 3849 1654 3909 Sie
1680 3847 1800 3907 brachte
1825 3846 1900 3906 aber
1926 3847 1996 3907 1891
2037 3846 2101 3906 nur
2127 3846 2212 3906 mehr
2237 3846 2307 3906 zehn
2358 3843 2518 3903 „Sprüche
2544 3843 2568 3903 in

1403 3894 1540 3954 Versen“
1566 3894 1619 3954 von
1649 3892 1757 3952 Artur
1782 3894 1973 3954 Schnitzler.
2003 3894 2160 3954 Indessen
2210 3891 2293 3951 hatte
2333 3889 2367 3949 er
2392 3888 2456 3948 eine
2481 3885 2579 3945 andre

1405 3940 1616 4000 Verbindung
1646 3938 1842 3998 gewonnen.
1862 3938 1901 3998 E.
1921 3938 1979 3998 M.
2000 3938 2092 3998 Kafka
2122 3937 2176 3997 gab
2206 3933 2274 3993 1890
2304 3933 2328 3993 in
2363 3932 2475 3992 Brünn
2510 3931 2573 3991 eine

1404 3986 1579 4046 auffallend
1630 3987 1689 4047 gut
1730 3983 1900 4043 redigierte
1931 3983 2186 4043 Monatsschrift
2227 3981 2282 4041 für
2313 3980 2478 4040 Literatur
2514 3977 2568 4037 und

1404 4031 1504 4091 Kritik
1536 4031 1679 4091 heraus:
1706 4028 1890 4088 „Moderne
1923 4028 2123 4088 Dichtung",
2150 4028 2197 4088 die
2229 4028 2387 4088 ungefähr
2425 4023 2567 4083 dieselben

1406 4076 1616 4136 bedeutenden
1667 4073 1882 4133 Mitarbeiter
1923 4075 2013 4135 hatte
2059 4075 2113 4135 wie
2139 4073 2219 4133 Otto
2245 4073 2389 4133 Brahms
2416 4070 2575 4130 gleichalte

1411 4123 1516 4183 „Freie
1543 4120 1679 4180 Bühne“
1712 4120 1738 4180 in
1770 4120 1901 4180 Berlin.
1922 4118 2017 4178 Dort
2039 4117 2070 4177 in
2102 4117 2222 4177 Brünn
2254 4117 2318 4177 also
2345 4117 2470 4177 erschien
2508 4113 2570 4173 1890

1406 4165 1457 4225 das
1488 4165 1590 4225 zweite
1617 4165 1715 4225 Stück
1736 4168 1792 4228 aus
1823 4166 2009 4226 „Anatol“:
2030 4166 2107 4226 „Die
2133 4166 2240 4226 Frage
2262 4165 2298 4225 an
2329 4165 2380 4225 das
2412 4162 2576 4222 Schicksal“
