3436 4384
1449 360 1586 420 box
1668 363 1853 423 44/3

187 369 311 429 12.
377 366 1006 426 Schnitzler's
1081 366 1321 426 Death

898 1522 1159 1582 WOLLZEILE
1198 1521 1237 1581 11

730 1572 951 1632 TELEPHON
989 1573 1168 1633 R-23-0-43

526 1704 760 1764 Ausschnitt
786 1704 852 1764 aus
873 1705 882 1765 :

795 1816 881 1876 None

524 1927 653 1987 vom:

992 1966 1180 2026 G.NOV.
1216 1963 1286 2023 135

1607 2092 1648 2152 am
1691 2097 1869 2157 Vorlesetisch
1928 2100 1980 2160 und
2033 2104 2080 2164 las
2133 2108 2270 2168 zunächst
2318 2110 2375 2170 aus
2429 2112 2475 2172 dem
2523 2117 2628 2177 Bande
2660 2122 2781 2182 „Kleine

634 2118 1362 2178 Tagesneuigkeiten.

1608 2143 1774 2203 Komödie"
1828 2147 1881 2207 von
1921 2149 2014 2209 Artur
2048 2154 2214 2214 Schnitzler
2261 2157 2315 2217 die
2369 2160 2642 2220 beziehungsreiche
2676 2166 2788 2226 Studie

454 2167 622 2227 Manuskripte
647 2172 730 2232 werden
760 2178 819 2238 nicht
839 2180 1026 2240 zurückgeschickt;
1052 2187 1224 2247 Schadenersatz
1244 2190 1298 2250 wird
1328 2192 1387 2252 nicht
1407 2196 1496 2256 geleiste

1606 2191 1790 2251 „Geschichte
1825 2194 1900 2254 eines
1936 2196 2068 2256 Genies"
2104 2201 2173 2261 vor,
2202 2205 2225 2265 in
2266 2205 2311 2265 der
2347 2207 2387 2267 die
2423 2213 2671 2273 Lebenstragödie
2706 2217 2781 2277 eines

1611 2240 1876 2300 Schmetterlings,
1899 2244 1943 2304 der
1971 2247 1998 2307 im
2037 2249 2242 2309 Vorfrühling
2270 2253 2325 2313 aus
2359 2255 2408 2315 der
2436 2259 2541 2319 Puppe
2570 2263 2707 2323 schlüpft,
2730 2265 2785 2325 mit

1599 2288 1798 2348 ergreifender
1831 2290 1971 2350 Naivität
1999 2294 2047 2354 zum
2096 2299 2247 2359 Ausdruck
2274 2304 2409 2364 gebracht
2437 2306 2528 2366 wird.
2550 2310 2604 2370 Ein
2637 2315 2706 2375 Fest
2729 2315 2777 2375 für

530 2321 1259 2381 Wildgans=Ehrung
1343 2335 1388 2395 im

1604 2332 1652 2392 die
1674 2337 1809 2397 Zuhörer
1837 2338 1896 2398 war
1929 2342 1972 2402 die
2000 2344 2075 2404 Art,
2097 2346 2150 2406 mit
2178 2350 2227 2410 der
2254 2352 2286 2412 sie
2314 2352 2356 2412 die
2384 2354 2486 2414 lustige
2515 2359 2676 2419 Geschichte
2704 2363 2779 2423 „Der

1608 2381 1726 2441 Erfolg“
1753 2387 1888 2447 vortrug,
1905 2390 1932 2450 in
1959 2391 2002 2451 der
2024 2397 2137 2457 gezeigt
2154 2396 2245 2456 wird,
2262 2399 2316 2459 wie
2339 2401 2376 2461 ein
2403 2406 2787 2466 Sicherheitswachmann,

644 2423 1339 2483 Akademietheater.

1595 2427 1653 2487 der
1685 2432 1737 2492 von
1780 2435 1870 2495 seinen
1907 2438 2102 2498 Vorgesetzten
2140 2444 2251 2504 immer
2288 2447 2415 2507 getadelt
2447 2452 2536 2512 wird,
2568 2453 2637 2513 weil
2669 2456 2695 2516 er
2733 2460 2779 2520 nie

1608 2479 1684 2539 einen
1723 2483 1828 2543 „Fall“
1862 2484 1917 2544 auf
1946 2486 2000 2546 das
2034 2492 2260 2552 Kommissariat
2295 2497 2322 2557 zu
2361 2498 2477 2558 bringen
2516 2504 2687 2564 verstanden
2727 2511 2787 2571 hat,

392 2485 750 2545 Originalbericht
792 2492 859 2552 des
900 2495 1069 2555 „Neuen
1111 2502 1273 2562 Wiener
1308 2509 1551 2569 Journals"

1599 2524 1684 2584 durch
1712 2528 1774 2588 eine
1804 2533 2018 2593 Enttäuschung
2053 2540 2109 2600 mit
2132 2542 2223 2602 seiner
2251 2543 2353 2603 Braut
2381 2547 2432 2607 auf
2456 2548 2506 2608 den
2540 2552 2670 2612 richtigen
2705 2556 2772 2616 Weg

492 2532 565 2592 Von
615 2537 663 2597 der
713 2549 1204 2609 Anton=Wildgans=Gesellschaft
1247 2559 1456 2619 veranstaltet,
1494 2563 1560 2623 fand
1604 2571 1652 2631 des
1684 2579 1954 2639 Gesetzeswächters
1985 2585 2119 2645 gebracht
2145 2588 2236 2648 wird.
2261 2590 2347 2650 Alma
2385 2592 2501 2652 Seidler
2532 2599 2599 2659 fand
2630 2599 2660 2659 da
2692 2602 2771 2662 einen

390 2582 496 2642 gestern
534 2585 696 2645 vormittag
734 2587 759 2647 im
804 2594 1078 2654 Akademietheater
1110 2599 1179 2659 eine
1205 2602 1267 2662 Art
1293 2607 1486 2667 Gedenkfeier
1518 2614 1567 2674 für
1606 2622 1799 2682 entzückenden
1831 2629 1893 2689 Ton
1925 2633 2125 2693 wienerischer
2157 2639 2357 2699 Nochalance,
2383 2643 2426 2703 der
2458 2646 2483 2706 im
2527 2650 2670 2710 Publikum
2715 2650 2777 2710 leb¬

382 2627 432 2687 die
467 2631 534 2691 drei
563 2633 630 2693 kurz
659 2638 902 2698 hintereinander
942 2646 1139 2706 verstorbenen
1179 2653 1411 2713 österreichischen
1451 2658 1568 2718 Dichter

1602 2671 1694 2731 haften
1727 2674 1896 2734 Widerhall
1918 2679 2005 2739 fand.

379 2677 475 2737 Hugo
509 2680 543 2740 v.
572 2685 825 2745 Hofmannsthal,
854 2691 949 2751 Artur
979 2695 1142 2755 Schnitzler
1182 2699 1232 2759 und
1267 2701 1362 2761 Anton
1403 2706 1560 2766 Wildgans

1698 2734 1760 2794 Zum
1805 2735 1911 2795 Schluß
1943 2739 1992 2799 des
2018 2744 2218 2804 Programms
2250 2749 2381 2809 huldigte
2407 2751 2476 2811 dann
2514 2756 2582 2816 Fred
2615 2759 2764 2819 Hennings

386 2726 475 2786 statt,
496 2730 543 2790 die
572 2731 653 2791 durch
688 2733 736 2793 den
771 2737 887 2797 Lyriker
915 2741 1004 2801 Felix
1040 2745 1142 2805 Braun
1177 2748 1341 2808 eingeleitet
1370 2753 1485 2813 wurde,
1514 2761 1561 2821 der
1597 2769 1644 2829 dem
1693 2781 1809 2841 Dichter
1838 2784 1933 2844 Anton
1975 2788 2132 2848 Wildgans
2161 2791 2250 2851 durch
2278 2796 2325 2856 die
2354 2797 2518 2857 Vorlesung
2546 2801 2628 2861 eines
2656 2804 2772 2864 Bruch¬

375 2775 480 2835 einige
507 2782 751 2842 tiefdurchdachte
778 2787 883 2847 Worte
916 2789 983 2849 über
1016 2793 1069 2853 das
1106 2796 1200 2856 Wesen
1239 2799 1323 2859 dieser
1355 2800 1418 2860 drei
1445 2805 1566 2865 Dichter

1593 2822 1693 2882 stückes
1741 2828 1798 2888 aus
1851 2831 1940 2891 seinem
2004 2837 2236 2897 nachgelassenen
2278 2844 2468 2904 „Tagebuch"
2500 2847 2557 2907 und
2605 2847 2657 2907 der
2711 2850 2763 2910 von

378 2826 503 2886 sprach.
525 2827 573 2887 Als
602 2830 685 2890 erster
714 2834 755 2894 las
784 2836 839 2896 nun
868 2837 973 2897 Raoul
1002 2841 1113 2901 Aslan,
1135 2844 1183 2904 der
1205 2846 1260 2906 mit
1282 2849 1393 2909 einigen
1422 2855 1554 2915 Kollegen
1598 2872 1786 2932 dichterischem
1829 2878 2045 2938 Skeptizismus
2074 2883 2200 2943 erfüllten
2236 2891 2333 2951 Skizze
2355 2892 2439 2952 „Von
2467 2895 2677 2955 schöpferischer
2699 2899 2775 2959 Ein¬

375 2869 438 2929 vom
486 2875 686 2935 Burgtheater
718 2880 765 2940 die
792 2885 991 2945 Ausführung
1029 2889 1076 2949 des
1108 2894 1308 2954 Programms
1340 2899 1555 2959 übernommen

1595 2919 1705 2979 gebung
1743 2922 1795 2982 und
1832 2925 2043 2985 künstlerischer
2075 2931 2217 2991 Arbeit“.
2244 2936 2333 2996 Dann
2375 2937 2475 2997 folgten
2518 2943 2776 3003 formvollendete,

378 2917 485 2977 hatte,
504 2920 593 2980 einige
618 2925 755 2985 Gedichte
780 2930 833 2990 von
858 2934 1103 2994 Hofmannsthal
1128 2941 1200 3001 vor,
1213 2943 1266 3003 von
1291 2945 1374 3005 denen
1405 2950 1560 3010 besonders
1597 2960 1650 3020 von
1675 2967 1783 3027 tiefster
1807 2972 2059 3032 Lebenssehnsucht
2084 2977 2138 3037 und
2168 2980 2246 3040 leiser
2270 2985 2456 3045 Resignation
2487 2988 2600 3048 erfüllte
2625 2992 2774 3052 Gedichte,

384 2967 435 3027 das
472 2973 699 3033 gedankenvolle
740 2979 828 3039 „Vor
860 2980 947 3040 Tag“
984 2986 1128 3046 mächtige
1165 2991 1304 3051 Wirkung
1340 2997 1485 3057 ausübte,
1511 3001 1547 3061 un

1595 3012 1675 3072 unter
1725 3015 1848 3075 anderen
1903 3021 1978 3081 „Ein
2033 3027 2113 3087 Herz
2162 3027 2292 3087 allein",
2335 3029 2416 3089 deren
2470 3034 2567 3094 Reihe
2611 3036 2659 3096 die
2708 3037 2772 3097 tief¬

386 3018 409 3078 so
445 3019 544 3079 mehr,
569 3021 609 3081 als
645 3024 697 3084 der
727 3028 933 3088 Vortragende
969 3032 1021 3092 mit
1051 3034 1097 3094 der
1127 3036 1174 3096 ihm
1222 3039 1333 3099 eigenen
1369 3045 1474 3105 Grazie
1504 3051 1556 3111 des
1592 3059 1803 3119 empfundenen
1834 3067 1915 3127 Verse
1939 3071 2127 3131 „Helldunkle
2151 3074 2286 3134 Stunde"
2316 3077 2492 3137 beschlossen.
2516 3083 2574 3143 Der
2598 3084 2768 3144 wirkungs¬

382 3065 503 3125 Wortes
537 3068 586 3128 den
625 3072 779 3132 Gedanken
818 3076 867 3136 des
901 3080 1038 3140 Dichters
1072 3083 1160 3143 Leben
1199 3089 1326 3149 verlieh.
1376 3095 1430 3155 Die
1464 3099 1557 3159 ganze
1597 3104 1668 3164 volle
1691 3109 1817 3169 Vortrag
1845 3115 1916 3175 Fred
1939 3116 2110 3176 Hennings'
2127 3120 2181 3180 rief
2199 3122 2264 3182 jene
2287 3125 2496 3185 Ergriffenheit
2519 3131 2640 3191 hervor,
2651 3133 2695 3193 die
2718 3132 2767 3192 das

383 3113 580 3173 schöngeistige
614 3121 817 3181 Melancholie
846 3130 1111 3190 Hofmannsthals
1145 3134 1190 3194 kam
1236 3138 1314 3198 dann
1349 3141 1371 3201 in
1411 3146 1557 3206 „Manche

1594 3153 1735 3213 Publikum
1800 3161 1905 3221 immer
1959 3167 2124 3227 gegenüber
2171 3173 2436 3233 Herzensergüssen
2496 3178 2577 3238 eines
2631 3179 2765 3239 Dichters

389 3163 580 3223 freilich..."
607 3170 651 3230 zum
695 3169 861 3229 Ausdruck.
880 3175 957 3235 Nach
984 3179 1027 3239 der
1054 3182 1150 3242 Pause
1177 3184 1290 3244 erschien
1327 3189 1404 3249 Alma
1440 3194 1553 3254 Seidlei

1589 3202 1773 3262 empfindet.
