3392 4320
161 257 248 317 2.
307 261 905 321 Schnitzler!s
975 261 1209 321 Death

127 1460 259 1520 blatt

735 1483 863 1543 23

123 1719 278 1779 puisten

108 2878 224 2938 hrung
246 2879 346 2939 seinen

406 2885 497 2945 Igor
535 2888 773 2948 Stravinsky
817 2887 875 2947 für
908 2886 962 2946 die
995 2888 1254 2948 Uraufführung

557 2936 667 2996 eines
687 2938 787 2998 neuen
817 2939 1122 2999 Violin-Konzerts.

129 3132 281 3192 dier
346 3131 487 3191 des
565 3142 1026 3202 Propheten

129 3250 170 3310 er
193 3250 361 3310 Museen
394 3250 499 3310 nach
522 3252 775 3312 Kleinasien
808 3255 881 3315 und
914 3258 1220 3318 Vorderindien

123 3342 310 3402 Teilnehmer
343 3342 444 3402 zweier
477 3342 688 3402 Expeditionen
721 3345 783 3405 nach
808 3345 963 3405 Ktesiphon
997 3348 1051 3408 und
1083 3349 1184 3409 Meso¬

105 3387 114 3447 u
145 3384 265 3444 nächsten
295 3384 370 3444 Jahr
396 3384 466 3444 wird
487 3385 551 3445 eine
572 3389 828 3449 Forschungsreise
854 3390 934 3450 durch
960 3392 1165 3452 Nordzeylon—

101 3429 273 3489 ruommen.
313 3429 376 3489 Das
411 3429 465 3489 sind
495 3430 538 3490 die
569 3431 725 3491 Aktionen,
750 3434 794 3494 die
819 3435 873 3495 auf
898 3435 947 3495 dem
987 3437 1188 3497 Forschungs¬

104 3473 133 3533 en
164 3473 274 3533 stehen.
314 3473 369 3533 Sie
395 3473 510 3533 werden
540 3475 590 3535 zum
631 3476 750 3536 größten
781 3479 846 3539 Teil
877 3479 926 3539 von
957 3482 1177 3542 ausländischen

117 3518 168 3578 und
198 3518 341 3578 deutschen
371 3518 601 3578 Privatmitteln
631 3521 798 3581 bestritten.

117 3599 343 3659 Kaiser=Fried¬

404 3600 465 3660 eine
492 3600 642 3660 christliche
674 3602 773 3662 Kirche
800 3604 872 3664 frei.
909 3605 986 3665 Jetzt
1013 3608 1085 3668 wird
1117 3608 1179 3668 man
1216 3608 1247 3668 an

103 3644 254 3704 ovember
297 3642 343 3702 die

406 3644 453 3704 den
487 3644 720 3704 Ruinen=Hügel
745 3644 782 3704 El
807 3647 944 3707 Maarid,
969 3649 1035 3709 Umm
1074 3650 1102 3710 es
1131 3651 1255 3711 Saatir,

110 3688 119 3748 r
151 3688 253 3748 südlich
289 3686 335 3746 von

405 3685 453 3745 der
484 3688 602 3748 Mutter
634 3686 682 3746 des
713 3689 898 3749 Thymians,
929 3691 982 3751 und
1013 3692 1048 3752 am
1093 3693 1242 3753 Goldenen

110 3734 187 3794 stadt
210 3733 348 3793 Ktesi¬

403 3730 496 3790 Hügel
525 3730 590 3790 Tell
623 3730 735 3790 Dheheb
773 3733 899 3793 graben,
928 3735 1016 3795 unter
1050 3736 1138 3796 denen
1181 3738 1241 3798 man

107 3775 209 3835 Jahren
244 3775 341 3835 wegen

406 3775 621 3835 Sassanidische
655 3778 793 3838 Landsitze
827 3780 989 3840 vermutet.
1038 3779 1080 3839 So
1119 3781 1171 3841 soll
1205 3781 1243 3841 ein

104 3820 242 3880 mußten.
269 3819 343 3879 Jetzt

405 3820 538 3880 Einblick
570 3820 595 3880 in
632 3820 677 3880 die
709 3821 786 3881 letzte
817 3820 915 3880 Phase
946 3823 997 3883 der
1029 3823 1239 3883 sassanidischen

124 3865 149 3925 in
170 3865 226 3925 New
263 3864 334 3924 York

405 3863 462 3923 und
494 3862 520 3922 in
553 3864 600 3924 die
633 3865 701 3925 erste
728 3867 839 3927 Epoche
871 3868 918 3928 der
945 3868 1119 3928 islamischen
1157 3870 1252 3930 Kunst

112 3906 334 3966 teilzunehmer

402 3906 564 3966 gewonnen
595 3906 726 3966 werden.

103 3948 145 4008 enn
184 3948 226 4008 die
264 3948 335 4008 Not¬

394 3948 473 4008 Die
499 3951 672 4011 ältesten
704 3949 876 4009 Tempel
902 3950 969 4010 der
1001 3951 1105 4011 Welt

98 3993 177 4053 schaft
206 3993 262 4053 und
297 3990 342 4050 die

452 3994 493 4054 In
540 3991 586 4051 die
628 3993 726 4053 Ebene
768 3993 897 4053 zwischen
944 3997 1146 4057 Euphrat
1188 3996 1244 4056 und

130 4035 156 4095 im
216 4035 332 4095 Winter

398 4037 574 4097 Tigris,
604 4037 669 4097 nach
701 4038 957 4098 Mesopotamien,
989 4038 1058 4098 wird
1099 4038 1160 4098 eine
1190 4039 1250 4099 Ex¬

136 4079 225 4139 heute
257 4079 335 4139 nicht

399 4079 524 4139 pedition
555 4079 676 4139 führen,
692 4078 736 4138 die
757 4077 813 4137 seit
833 4079 878 4139 dem
919 4079 1025 4139 Kriege
1046 4080 1157 4140 bereits
1182 4081 1232 4141 zum

112 4121 184 4181 tun.

397 4121 505 4181 pierten
551 4121 641 4181 Male
687 4122 928 4182 Ausgrabungen
979 4124 1005 4184 in
1056 4124 1106 4184 der
1152 4124 1246 4184 Stadt

1430 261 1550 321 box
1627 263 1808 323 42/6

1485 662 2105 722 OBSERVE

1573 703 1597 763 I.
1613 708 1735 768 österr.
1745 719 1862 779 behrd
1903 723 1913 783 k

1531 746 1766 806 Unternehmen
1799 758 1848 818 für
1873 763 2055 823 Zestungs-A

1583 806 1725 866 WIEN,
1758 813 1803 873 I.,
1830 820 2103 880 WOLLZEILE
2156 827 2194 887 11

1672 860 1889 920 TELEPHON
1925 870 2100 930 R-23-0-43

1467 993 1693 1053 Ausschnitt
1716 1002 1809 1062 aus:

1878 1103 1970 1163 R.A.
1979 1108 2189 1168 AmEtag,
2198 1109 2307 1169 Lerln

1455 1215 1573 1275 vom:

1814 1372 1908 1432 22.
1918 1361 2051 1421 0KT.
2080 1354 2155 1414 193

2363 1464 2513 1524 rstag,
2542 1467 2635 1527 22.
2655 1461 2899 1521 Oktober
2928 1462 3059 1522 1931

1380 1768 1525 1828 Das
1579 1771 1871 1831 Sterben
1953 1769 2085 1829 des
2153 1772 2684 1832 Schtionsrats
2740 1774 3017 1834 Robert

1901 1861 1979 1921 Von
2029 1864 2187 1924 Arlhur

2234 1864 2457 1924 Schnitzler

1379 1939 1472 1999 Einen
1509 1941 1565 2001 Tag
1602 1942 1653 2002 vor
1685 1942 1804 2002 Arthur
1840 1944 2011 2004 Schnitzlers
2043 1945 2104 2005 Tod
2141 1946 2177 2006 ist

2241 1940 2300 2000 heit
2327 1942 2387 2002 auf
2414 1943 2464 2003 das
2491 1942 2716 2002 Nachttischchen
2751 1944 2846 2004 gelegt
2873 1944 2976 2004 hatte,
2994 1945 3079 2005 erhob

1333 1985 1379 2045 sein
1410 1984 1497 2044 letztes
1529 1985 1626 2045 Werk,
1643 1985 1688 2045 der
1715 1989 1828 2049 Roman
1859 1988 2024 2048 „Flucht
2045 1990 2081 2050 in
2107 1990 2174 2050 die

2234 1984 2277 2044 sich
2310 1987 2402 2047 rasch,
2424 1986 2510 2046 steckte
2538 1985 2586 2045 die
2614 1986 2712 2046 Waffe
2739 1987 2766 2047 in
2804 1988 2874 2048 seine
2907 1990 3080 2050 Recktasche,

1324 2028 1590 2088 Finsternis"
1626 2028 1787 2088 erschienen
1833 2031 1883 2091 (S.
1909 2031 2019 2091 Fischer
2050 2032 2175 2092 Verlag,

2240 2031 2348 2091 wußte,
2368 2031 2416 2091 daß
2446 2031 2475 2091 er
2500 2031 2618 2091 erwacht
2643 2031 2702 2091 war
2722 2031 2775 2091 und
2795 2031 2903 2091 dachte:
2923 2034 2976 2094 Ein
2997 2034 3079 2094 Tele¬

1325 2071 1457 2131 Berlin).
1502 2073 1674 2133 Schnitzler,
1704 2074 1753 2134 der
1783 2074 1831 2134 als
1862 2076 1974 2136 Dichter
2009 2074 2062 2134 und
2097 2076 2171 2136 Arzt

2235 2076 2391 2136 gramm?,
2412 2073 2462 2133 und
2493 2075 2518 2135 er
2548 2073 2655 2133 fragte:
2680 2074 2766 2134 „Wer
2792 2074 2827 2134 ist
2848 2073 2943 2133 das?"

1327 2117 1371 2177 sich
1395 2118 1499 2178 immer
1522 2116 1626 2176 wieder
1650 2118 1704 2178 mit
1722 2118 1772 2178 dem
1809 2119 1913 2179 großen
1941 2120 2073 2180 Problem
2109 2121 2159 2181 vom

2292 2120 2356 2180 „Ich
2387 2116 2477 2176 bin's,
2498 2118 2648 2178 Robert",
2664 2121 2824 2181 erwiderte
2850 2121 2910 2181 eine
2936 2124 3081 2184 Stimme.

1325 2160 1448 2220 Sterben
1478 2162 1645 2222 beschäftigt
1671 2162 1739 2222 hat,
1760 2163 1897 2223 schildert
1917 2163 1981 2223 auch
2011 2163 2035 2223 in
2066 2164 2154 2224 diesem

2287 2161 2352 2221 Das
2390 2160 2469 2220 Blut
2502 2161 2638 2221 erstarrte
2676 2164 2751 2224 ihm.
2803 2163 2845 2223 Es
2883 2165 2948 2225 war
2986 2166 3075 2226 seines

1327 2203 1396 2263 Buch
1434 2205 1490 2265 das
1523 2208 1607 2268 Ende
1641 2208 1724 2268 eines
1762 2208 1930 2268 Menschen,
1959 2209 2043 2269 eines
2077 2209 2169 2269 hohen

2233 2205 2364 2265 Bruders
2392 2206 2462 2266 Otto
2486 2207 2631 2267 Stimme.
2665 2208 2758 2268 Schon
2792 2208 2847 2268 also
2876 2210 2937 2270 war
2961 2211 2988 2271 er
3017 2211 3058 2271 ihm

1325 2246 1441 2306 Wiener
1470 2248 1632 2308 Beamten,
1656 2249 1703 2309 der
1736 2249 1791 2309 auf
1815 2251 1866 2311 der
1895 2252 1997 2312 Flucht
2025 2251 2076 2311 vor
2109 2253 2156 2313 dem

2234 2249 2425 2309 nachgereist,
2445 2249 2517 2309 schon
2556 2250 2613 2310 war
2642 2249 2671 2309 er
2700 2250 2752 2310 da,
2777 2252 2810 2312 um
2854 2252 2906 2312 sein
2940 2252 3084 2312 fürchter¬

1321 2291 1470 2351 nahenden
1503 2294 1662 2354 Wahnsinn
1700 2294 1727 2354 in
1761 2295 1839 2355 einem
1887 2294 1994 2354 kleinen
2028 2297 2163 2357 Dörschen

2234 2293 2314 2353 liches
2342 2290 2427 2350 Werk
2450 2294 2476 2354 zu
2509 2294 2708 2354 vollbringen.
2747 2295 2800 2355 Ein
2828 2297 2930 2357 Glück,
2952 2298 3000 2358 daß
3028 2299 3076 2359 die

2231 2336 2295 2396 Tür
2323 2337 2474 2397 versperrt
2503 2339 2580 2399 war.

1323 2336 1460 2396 gelandet
1486 2336 1535 2396 ist.
1575 2336 1618 2396 Er
1644 2336 1677 2396 ist
1703 2338 1752 2398 sich
1787 2338 1860 2398 nicht
1885 2339 2013 2399 darüber
2038 2340 2116 2400 klar,
2137 2342 2166 2402 ob

1323 2380 1351 2440 er
1380 2379 1423 2439 die
1447 2378 1538 2438 schöne
1567 2381 1692 2441 Albate,
1711 2382 1754 2442 die
1778 2381 1806 2441 er
1836 2383 1960 2443 heimlich
1985 2384 2090 2444 liebte,
2114 2384 2166 2444 und

2288 2381 2383 2441 „Darf
2411 2382 2475 2442 man
2508 2384 2646 2444 herein?"
2679 2383 2774 2443 fragte
2796 2384 2886 2444 Otto.
2924 2386 2999 2446 Doch
3031 2384 3079 2444 ehe

1323 2420 1367 2480 die
1397 2423 1549 2483 kraftvolle
1579 2425 1697 2485 Paula,
1722 2426 1781 2486 mit
1812 2424 1860 2484 der
1890 2426 1919 2486 er
1949 2426 1993 2486 sich
2028 2426 2175 2486 verlobte,

2227 2423 2345 2483 Robert
2370 2426 2428 2486 noch
2458 2426 2482 2486 zu
2512 2426 2674 2486 antworten
2704 2427 2881 2487 vermochte,
2896 2428 3004 2488 öffnete
3029 2428 3068 2488 sich

1331 2464 1474 2524 ermordet
1509 2465 1562 2525 hat
1592 2464 1607 2524 —
1662 2467 1750 2527 dabei
1790 2467 1863 2527 weiß
1903 2470 1952 2530 er,
1987 2470 2041 2530 daß
2086 2470 2168 2530 beide

2228 2468 2275 2528 die
2297 2467 2376 2527 Tür,
2397 2468 2440 2528 die
2462 2469 2577 2529 Robert
2599 2472 2789 2532 zuzusperren
2822 2473 2954 2533 vergessen
2986 2473 3081 2533 hatte.

1323 2505 1396 2565 jeben
1422 2509 1436 2569 .
1451 2511 1495 2571 ..
1535 2509 1647 2569 Seinen
1682 2511 1805 2571 Bruder
1835 2512 1923 2572 Otto,
1948 2512 1996 2572 der
2022 2512 2095 2572 Arzt
2125 2516 2173 2576 ist,

2290 2512 2379 2572 „Was
2418 2512 2502 2572 willst
2535 2512 2613 2572 du?"
2646 2515 2747 2575 fragte
2779 2514 2895 2574 Robert
2922 2518 2980 2578 mit
3013 2517 3081 2577 auf¬

1325 2549 1374 2609 hat
1399 2551 1428 2611 er
1453 2551 1557 2611 früher
1587 2554 1700 2614 einmal
1725 2555 1779 2615 das
1809 2555 1824 2615 —
1873 2556 1966 2616 längst
1992 2557 2110 2617 bereute

2229 2555 2383 2615 gerissenen
2423 2556 2543 2616 Augen,
2572 2557 2625 2617 und
2664 2557 2751 2617 dabei
2785 2559 2847 2619 war
2877 2560 2910 2620 er
2940 2560 2988 2620 sich
3022 2559 3079 2619 wie

1323 2596 1504 2656 Versprechen
1537 2598 1770 2658 abgenommen,
1789 2599 1836 2659 ihn
1869 2599 1892 2659 zu
1925 2599 2018 2659 töten,
2042 2602 2106 2662 falls
2135 2600 2167 2660 er

2229 2599 2307 2659 einer
2337 2599 2426 2659 Qual
2456 2599 2504 2659 des
2535 2602 2712 2662 Umstandes
2742 2604 2879 2664 bewußt,
2905 2605 2959 2665 daß
2994 2605 3072 2665 beide

1325 2640 1348 2700 in
1378 2638 1416 2698 die
1440 2638 1531 2698 Nacht
1556 2640 1599 2700 des
1628 2641 1810 2701 Wahnsinns
1840 2643 1921 2703 fallen
1950 2640 2041 2700 sollte.
2061 2643 2070 2703 —
2119 2645 2157 2705 Im

2232 2641 2395 2701 Lidspalten
2425 2645 2514 2705 gleich
2544 2646 2612 2706 weit
2638 2645 2711 2705 offen
2742 2646 2879 2706 standen.

1320 2682 1410 2742 letzten
1438 2685 1560 2745 Kapitel
1579 2685 1628 2745 des
1651 2686 1787 2746 Romans
1810 2688 1919 2748 wartet
1937 2687 1987 2747 der
2010 2688 2164 2748 Sektions¬

2283 2689 2352 2749 Otto
2383 2693 2463 2753 stand
2494 2694 2544 2754 ihm
2590 2694 2614 2754 in
2650 2694 2700 2754 der
2731 2694 2790 2754 Tür
2826 2694 3007 2754 gegenüber,
3033 2695 3057 2755 im

1318 2724 1368 2784 rat
1397 2727 1514 2787 Robert
1556 2727 1579 2787 in
1626 2730 1705 2790 einem
1762 2731 1915 2791 ärmlichen
1958 2731 2084 2791 Gasthof
2117 2733 2149 2793 au

2230 2736 2300 2796 Pelz
2325 2737 2380 2797 und
2411 2736 2461 2796 mit
2487 2736 2567 2796 einem
2603 2735 2689 2795 dicken
2720 2736 2810 2796 Schal
2836 2737 2870 2797 um
2906 2739 2956 2799 den
2987 2739 3072 2799 Hals.

1327 2772 1440 2832 Paula,
1456 2773 1499 2833 die
1521 2775 1553 2835 er
1575 2775 1753 2835 telegrafisch
1781 2778 1807 2838 zu
1835 2779 1883 2839 sich
1905 2778 2018 2838 gebeten
2046 2775 2110 2835 hat.

2228 2781 2323 2841 Hastig
2358 2782 2449 2842 sprach
2480 2781 2524 2841 er:
2555 2781 2640 2841 „Man
2677 2781 2726 2841 hat
2757 2781 2817 2841 mir
2848 2784 2928 2844 unten
2964 2784 3079 2844 gesagt,

2225 2824 2279 2884 daß
2309 2826 2343 2886 du
2378 2826 2407 2886 um
2447 2826 2461 2886 2
2491 2826 2550 2886 Uhr
2580 2824 2634 2884 auf
2654 2824 2698 2884 die
2728 2825 2811 2885 Bahn
2846 2826 2984 2886 wolltest,
3004 2826 3068 2886 aber

2225 2867 2259 2927 du
2294 2869 2357 2929 hast
2382 2867 2573 2927 verschlafen.
2618 2867 2785 2927 Uebrigens
2820 2868 2898 2928 wäre
2923 2869 2962 2929 ich
2997 2867 3070 2927 nicht

1376 2888 1419 2948 Er
1452 2890 1516 2950 trat
1549 2893 1598 2953 ins
1631 2894 1771 2954 Haustor
1805 2894 1864 2954 und
1897 2897 1994 2957 fragte
2027 2897 2075 2957 für
2114 2896 2167 2956 alle

2224 2912 2334 2972 darauf
2360 2912 2536 2972 gekommen,
2557 2913 2632 2973 wenn
2664 2914 2698 2974 ich
2724 2915 2779 2975 dich
2810 2915 2880 2975 nicht
2906 2915 2925 2975 in
2957 2914 3052 2974 deinem

1321 2936 1402 2996 Fälle
1432 2934 1599 2994 nochmals,
1619 2936 1652 2996 ob
1682 2938 1758 2998 nicht
1787 2937 1850 2997 eine
1879 2939 2013 2999 Depesche
2042 2940 2090 3000 für
2124 2939 2167 2999 ihn

2229 2956 2351 3016 Zimmer
2381 2954 2493 3014 gesehen
2533 2956 2625 3016 hätte.

1323 2978 1481 3038 gekommen
1511 2978 1563 3038 sei.
1598 2978 1660 3038 Der
1684 2980 1766 3040 Wirt
1791 2981 1882 3041 klärte
1902 2983 1944 3043 ihn
1974 2984 2041 3044 auf,
2061 2984 2108 3044 daß
2143 2984 2171 3044 es

2280 3000 2350 3060 „Wo
2383 2999 2420 3059 ist
2443 2999 2583 3059 Paula?"
2617 2999 2714 3059 fragte
2742 2999 2861 3059 Robert
2889 3000 2991 3060 heiser.

1325 3023 1343 3083 in
1378 3023 1468 3083 diesem
1512 3023 1622 3083 kleinen
1651 3025 1727 3085 Orte
1762 3024 1809 3084 von
1843 3023 1857 3083 7
1891 3025 1948 3085 Uhr
1978 3026 2087 3086 abends
2121 3026 2164 3086 bis

2308 3044 2401 3104 Paula
2446 3044 2554 3104 kommt
2589 3043 2726 3103 morgen.
2776 3044 2938 3104 Vorläufig
2983 3044 3066 3104 mußt

1318 3064 1332 3124 7
1363 3065 1416 3125 Uhr
1446 3067 1510 3127 früh
1545 3067 1632 3127 keinen
1667 3068 1942 3128 Telegrafendienst
1963 3070 2050 3130 gäbe.
2090 3072 2159 3132 Nun

2219 3085 2253 3145 du
2283 3088 2332 3148 dich
2362 3088 2416 3148 mit
2437 3088 2515 3148 ihren
2550 3085 2668 3145 Grüßen
2699 3085 2881 3145 begnügen."
2921 3088 2965 3148 Er
2990 3088 3068 3148 hatte

1315 3109 1362 3169 kam
1406 3109 1516 3169 Robert
1541 3110 1594 3170 auf
1618 3110 1690 3170 seine
1719 3112 1787 3172 erste
1816 3112 2018 3172 Vermutung.

2220 3130 2392 3190 immerfort
2424 3131 2465 3191 ein
2498 3130 2607 3190 starres
2639 3130 2752 3190 Lächeln
2794 3129 2825 3189 um
2872 3130 2916 3190 die
2949 3130 3071 3190 Lippen.

1374 3165 1413 3225 Er
1438 3163 1526 3223 suchte
1552 3163 1600 3223 sein
1631 3166 1763 3226 Zimmer
1789 3166 1837 3226 auf
1862 3166 1916 3226 und
1941 3166 2015 3226 legte
2040 3167 2084 3227 sich
2109 3165 2167 3225 un¬

2272 3176 2363 3236 „Was
2397 3175 2483 3235 willst
2508 3174 2542 3234 du
2576 3174 2657 3234 hier?
2687 3175 2802 3235 Warum
2846 3175 2961 3235 kommst
2986 3175 3043 3235 du?

1318 3208 1517 3268 ausgekleidet
1541 3208 1613 3268 aufs
1641 3208 1722 3268 Bett.
1764 3209 1836 3269 Eine
1864 3209 1981 3269 Stunde
2013 3211 2108 3271 wollte
2136 3209 2163 3269 er

2221 3217 2261 3277 Er
2293 3217 2365 3277 setzte
2396 3219 2437 3279 sich
2474 3217 2499 3277 im
2541 3217 2613 3277 Bett
2639 3218 2711 3278 auf,
2733 3220 2830 3280 fühlte
2856 3220 2908 3280 das
2945 3220 3058 3280 Glühen

1316 3252 1425 3312 ruhen,
1444 3252 1516 3312 denn
1549 3250 1750 3310 Mitternacht
1777 3251 1841 3311 war
1868 3252 2009 3312 vorüber,
2033 3252 2087 3312 und
2120 3255 2165 3315 sich

2222 3261 2276 3321 und
2309 3261 2422 3321 Drohen
2459 3260 2549 3320 seiner
2577 3261 2690 3321 eigenen
2727 3261 2831 3321 Blicke.

1314 3293 1388 3353 dann
1417 3294 1525 3354 wieder
1549 3294 1581 3354 an
1609 3294 1656 3354 den
1685 3297 1830 3357 Bahnhof
1849 3294 1984 3354 begeben.
2004 3294 2045 3354 Er
2065 3296 2167 3356 löschte

2280 3304 2409 3364 „Warum
2457 3303 2495 3363 ich
2534 3306 2668 3366 komme?
2707 3305 2774 3365 Nun
2812 3304 2884 3364 —“,
2918 3306 2975 3366 und
3014 3304 3056 3364 ein

1312 3336 1365 3396 das
1393 3338 1470 3398 Licht
1494 3339 1566 3399 nicht
1589 3339 1643 3399 aus
1671 3339 1725 3399 und
1753 3339 1861 3399 starrte
1885 3339 1934 3399 von
1966 3340 2052 3400 seinem
2094 3339 2166 3399 Bett

2218 3348 2433 3408 unterdrücktes
2491 3348 2707 3408 Aufschluchzen
2768 3348 2834 3408 war
2886 3350 2914 3410 in
2976 3348 3064 3408 Ottos

1315 3379 1367 3439 aus
1396 3383 1478 3443 durch
1507 3383 1560 3443 das
1589 3381 1891 3441 gegenüberliegende
1921 3384 2036 3444 Fenster
2066 3383 2089 3443 in
2118 3384 2166 3444 die

2218 3393 2348 3453 Stimme
2372 3391 2386 3451 —
2438 3395 2530 3455 „nun,
2554 3392 2605 3452 zum
2643 3393 2764 3453 Teusel,
2783 3393 2820 3453 ich
2848 3393 2973 3453 komme,
2993 3393 3062 3453 weil

1316 3423 1414 3483 Nacht.
1452 3426 1494 3486 Er
1522 3426 1569 3486 sah
1603 3426 1658 3486 nur
1687 3426 1733 3486 den
1767 3427 1898 3487 Himmel
1927 3426 1978 3486 und
2011 3427 2072 3487 eine
2101 3428 2166 3488 ein¬

2218 3438 2246 3498 es
2279 3438 2334 3498 mir
2363 3439 2386 3499 so
2414 3438 2539 3498 beliebt!
2577 3437 2652 3497 Was
2680 3435 2717 3495 ist
2741 3437 2787 3497 dir
2816 3438 2885 3498 denn
2918 3438 2973 3498 nur
3002 3435 3062 3495 ein¬

1316 3468 1381 3528 same
1405 3467 1607 3527 Felsenspitze,
1626 3467 1696 3527 über
1720 3470 1767 3530 der
1791 3469 1832 3529 ein
1861 3467 1946 3527 Stern
1974 3468 2162 3528 schimmerte.

2213 3482 2352 3542 gefallen,
2372 3481 2507 3541 Robert?
2531 3479 2603 3539 Was
2632 3479 2694 3539 hast
2714 3479 2747 3539 du
2782 3481 2824 3541 dir
2849 3480 2921 3540 denn
2950 3480 3056 3540 wieder

1316 3509 1372 3569 Vom
1410 3512 1568 3572 Kirchturm
1606 3512 1700 3572 schlug
1738 3513 1770 3573 es
1808 3513 1873 3573 halb
1916 3514 1995 3574 eins,
2028 3515 2084 3575 und
2113 3515 2159 3575 die

2216 3527 2241 3587 in
2276 3524 2321 3584 den
2356 3526 2436 3586 Kopf
2456 3522 2575 3582 gesetzt?

1315 3556 1426 3616 Klänge
1455 3556 1552 3616 tönten
1586 3557 1674 3617 lange
1703 3557 1777 3617 fort,
1801 3557 1847 3617 als
1880 3557 1973 3617 wollte
2002 3558 2043 3618 die
2072 3557 2160 3617 Nacht

2273 3569 2401 3629 „Warum
2449 3568 2507 3628 bist
2535 3566 2566 3626 du
2604 3566 2662 3626 da?
2711 3566 2784 3626 Was
2823 3566 2907 3626 willst
2934 3564 2966 3624 du
3004 3566 3056 3626 von

1316 3599 1342 3659 sie
1370 3599 1443 3659 nicht
1466 3596 1575 3656 wieder
1598 3599 1825 3659 herausgeben;
1844 3600 1875 3660 sie
1903 3599 2021 3659 wurden
2062 3601 2166 3661 auter,

2217 3611 2293 3671 mir?
2327 3611 2417 3671 Nimm
2461 3609 2475 3669 —
2528 3610 2604 3670 nimm
2652 3610 2733 3670 deine
2767 3611 2871 3671 Hände
2901 3611 2958 3671 aus
2992 3611 3039 3671 dem

1312 3641 1403 3701 voller
1430 3640 1485 3700 und
1513 3642 1618 3702 endlich
1645 3644 1800 3704 dröhnend
1828 3643 1883 3703 wie
1906 3644 2102 3704 Orgelklang.
2120 3646 2156 3706 In

2220 3656 2311 3716 Pelz!

1312 3682 1386 3742 einer
1406 3684 1546 3744 riesigen,
1561 3685 1636 3745 sonst
1655 3685 1744 3745 völlig
1772 3686 1861 3746 leeren
1890 3688 1983 3748 Kirche
2012 3685 2157 3745 wandelte

2266 3696 2336 3756 Otto
2362 3696 2407 3756 sah
2433 3694 2478 3754 ihm
2520 3693 2590 3753 starr
2617 3692 2662 3752 ins
2688 3694 2814 3754 Gesicht.
2846 3694 2952 3754 Zuerst
2973 3694 3053 3754 schien

1309 3727 1426 3787 Robert
1450 3727 1505 3787 mit
1534 3727 1590 3787 Dr.
1614 3728 1763 3788 Leimbach
1792 3730 1913 3790 umher,
1937 3730 1988 3790 und
2031 3730 2063 3790 an
2110 3730 2156 3790 der

2212 3736 2242 3796 er
2274 3739 2348 3799 nicht
2380 3739 2454 3799 recht
2486 3736 2516 3796 zu
2556 3736 2715 3796 verstehen.
2764 3736 2852 3796 Dann
2892 3735 2975 3795 aber,
3002 3736 3055 3796 mit

1310 3772 1415 3832 Orgel,
1435 3770 1613 3830 ungesehen,
1638 3772 1704 3832 aber
1735 3775 1849 3835 Robert
1869 3775 1931 3835 doch
1956 3775 2091 3835 bewußt,
2115 3776 2158 3836 saß

2210 3780 2434 3840 übertriebener
2463 3778 2616 3838 Gebärde,
2636 3779 2679 3839 riß
2708 3778 2736 3838 er
2765 3778 2841 3838 beide
2870 3779 2970 3839 Hände
2995 3780 3052 3840 aus

1310 3814 1354 3874 der
1379 3814 1497 3874 Pianist
1522 3814 1577 3874 aus
1602 3814 1650 3874 dem
1691 3817 1878 3877 Nachtlokal,
1898 3817 2031 3877 während
2057 3817 2160 3877 Höhn¬

2209 3821 2258 3881 den
2294 3823 2410 3883 Taschen
2447 3821 2537 3881 seines
2568 3822 2694 3882 Pelzes,
2715 3822 2861 3882 schüttelte
2892 3823 2942 3883 den
2978 3823 3058 3883 Kopf

1310 3856 1381 3916 burg
1410 3857 1453 3917 die
1477 3856 1606 3916 Register
1631 3858 1692 3918 trat
1722 3859 1774 3919 und
1803 3860 1889 3920 dabei
1913 3861 1960 3921 wie
1985 3859 2027 3919 ein
2057 3859 2157 3919 Hans¬

2212 3864 2268 3924 und
2301 3865 2399 3925 verzog
2432 3865 2478 3925 den
2512 3865 2628 3925 Mund,
2666 3863 2712 3923 als
2746 3864 2825 3924 wenn
2877 3864 2909 3924 er
2956 3865 3044 3925 lachen

1308 3899 1401 3959 wurst
1426 3897 1475 3957 den
1510 3900 1593 3960 Kopf
1623 3900 1691 3960 weit
1721 3900 1794 3960 über
1834 3901 1878 3961 die
1908 3903 2059 3963 Brüstung
2099 3903 2148 3963 des

2213 3906 2325 3966 wollte,
2341 3907 2414 3967 dann
2444 3904 2488 3964 biß
2513 3905 2537 3965 er
2562 3906 2606 3966 sich
2631 3906 2655 3966 in
2686 3906 2724 3966 die
2749 3906 2852 3966 Llppen
2887 3906 2936 3966 und
2961 3906 3054 3966 sagte:

1308 3941 1403 4001 Chors
1443 3942 1553 4002 streckte
1592 3943 1644 4003 und
1688 3944 1798 4004 immer
1847 3945 1952 4005 wieder
1991 3948 2164 4008 zurückzog.

2212 3952 2270 4012 „Du
2303 3950 2316 4010 —
2362 3948 2393 4008 du
2426 3948 2553 4008 träumst
2572 3948 2709 4008 offenbar
2737 3949 2818 4009 noch.
2855 3948 2951 4008 Komm
2992 3948 3051 4008 doch

1307 3987 1450 4047 Leimbach
1475 3987 1543 4047 aber
1568 3987 1706 4047 erklärte,
1727 3988 1775 4048 daß
1805 3990 1849 4050 der
1874 3990 1967 4050 Mann
1992 3990 2061 4050 dort
2081 3990 2150 4050 oben

2208 3995 2237 4055 zu
2268 3993 2326 4053 dir.
2362 3992 2410 4052 Ich
2436 3990 2529 4050 bin's,
2544 3991 2673 4051 Robert,
2693 3991 2703 4051 —
2748 3990 2806 4050 dein
2837 3991 2974 4051 Bruder,
2990 3990 3048 4050 dein

1306 4028 1379 4088 nicht
1405 4029 1478 4089 etwa
1508 4029 1571 4089 eine
1601 4031 1684 4091 Fuge
1714 4032 1763 4092 von
1798 4032 1871 4092 Bach
1901 4033 2004 4093 spiele,
2029 4034 2147 4094 sondern

2210 4035 2345 4095 Freund.
2384 4035 2460 4095 Was
2488 4034 2591 4094 bildest
2618 4032 2650 4092 du
2683 4034 2727 4094 dir
2755 4032 2825 4092 denn
2864 4035 2928 4095 ein?
2973 4032 3048 4092 Dein

1304 4071 1358 4131 daß
1389 4074 1419 4134 er
1444 4074 1721 4134 Leben=geschichten
1752 4073 1777 4133 in
1807 4071 1902 4131 Musik
1923 4076 1998 4136 setze,
2019 4075 2074 4135 wie
2100 4076 2149 4136 da¬

2212 4074 2325 4134 Bruder
2355 4073 2369 4133 —
2425 4074 2553 4134 Robert.
2593 4075 2637 4135 So
2667 4076 2775 4136 glaube
2810 4076 2888 4136 doch,
2914 4076 2938 4136 so
2973 4076 3051 4136 wisse

1307 4115 1482 4175 bekanntlich
1508 4118 1563 4178 alle
1588 4118 1729 4178 begabten
1765 4116 1911 4176 Pianisten
1941 4117 2011 4177 tun.
2047 4118 2147 4178 Gleich

2212 4119 2271 4179 doch
2296 4118 2422 4178 endlich,
2441 4118 2471 4178 es
2495 4118 2531 4178 ist
2556 4118 2616 4178 doch
2641 4118 2719 4178 nicht
2744 4119 2767 4179 im
2804 4119 2894 4179 Ernst
2919 4119 3051 4179 möglich,
