3392 4320
359 128 444 188 Maße
505 127 625 187 Arthur
655 125 831 185 Schnitzler
862 127 930 187 war
960 124 1059 184 selbst
1090 124 1166 184 Arzt
1223 125 1252 185 In
1291 127 1390 187 seinem
1442 129 1630 189 Schauspiel

357 168 537 228 „Professor
580 165 776 225 Bernhardi“
820 167 875 227 hat
914 168 948 228 er
987 165 1055 225 eine
1094 165 1277 225 großartige
1321 167 1530 227 Darstellung
1573 169 1628 229 der

359 210 577 270 Beziehungen
615 210 672 270 und
710 210 925 270 Spannungen
962 210 987 270 in
1020 207 1106 267 einem
1157 209 1429 269 Aerztekollegium
1479 213 1611 273 gegeben

358 252 416 312 Mit
444 252 688 312 Genehmigung
720 252 774 312 des
801 251 950 311 Verlages
978 252 1009 312 S.
1023 250 1258 310 Fischer-Berlin
1295 253 1389 313 geben
1421 254 1479 314 wir
1507 256 1624 316 Szenen

356 298 412 358 aus
437 297 540 357 diesem
586 294 778 354 Schauspiel
799 294 938 354 wieder:

249 357 495 417 (Sitzungszimmer
524 354 544 414 im
589 351 783 411 Krankenhaus
816 351 921 411 „Elisa¬

1002 356 1028 416 es
1061 354 1124 414 auch
1157 354 1211 414 sei,
1239 357 1361 417 sondern
1408 358 1444 418 ich
1476 359 1549 419 stehe
1586 360 1635 420 vor

242 392 414 452 bethinum“.
450 390 500 450 Die
528 391 633 451 meisten
665 389 712 449 der
743 389 837 449 Aerzte
865 386 915 446 sind

1005 395 1091 455 Ihnen
1128 395 1173 455 als
1201 398 1338 458 Direktor
1375 400 1466 460 dieser
1507 401 1639 461 Anstalt,

249 431 430 491 versammelt.
451 428 585 488 Professor
606 428 682 488 Filitz
699 425 755 485 liest
776 425 824 485 aus
849 424 921 484 einer

1001 437 1035 497 um
1075 437 1131 497 Sie
1153 438 1178 498 zu
1210 440 1331 500 fragen,
1353 442 1405 502 wie
1431 443 1483 503 wir
1510 443 1566 503 uns
1592 443 1639 503 der

248 469 448 529 Abendzeitung
473 468 511 528 die
528 467 736 527 Interpellation
764 464 834 524 einer
855 464 925 524 poli¬

1001 479 1134 539 Tatsache
1170 481 1219 541 der
1260 487 1633 547 Kuratoriumsdemission

244 509 334 569 tischen
362 506 460 566 Partei
481 506 543 566 vor,
559 505 630 565 durch
657 503 744 563 welche
768 503 810 563 der
831 500 925 560 Direk¬

1001 524 1164 584 gegenüber
1187 524 1214 584 zu
1241 527 1390 587 verhalten
1417 528 1528 588 haben.
1560 530 1634 590 Herr

243 547 286 607 tor
318 545 361 605 des
397 545 637 605 Krankenhauses,
661 541 802 601 Professor
835 539 925 599 Bern¬

1012 567 1153 627 Professor
1177 569 1304 629 Cyprian
1336 572 1386 632 hat
1410 570 1460 630 das
1488 570 1588 630 Wort.

245 583 339 643 hardi,
355 583 511 643 beschuldigt
535 580 613 640 wird,
633 579 703 639 einem
735 577 852 637 Pfarrer
872 577 915 637 den

968 608 1096 668 Cyprian
1132 607 1297 667 (eintönig):
1343 612 1407 672 Wir
1444 613 1539 673 wissen
1577 616 1644 676 alle,

247 621 349 681 Zutritt
373 622 397 682 zu
425 619 495 679 einer
515 619 680 679 Sterbenden
712 615 869 675 verweigert
894 616 917 676 zu

1004 652 1055 712 daß
1083 652 1270 712 Bernhardi,
1289 657 1336 717 als
1365 655 1393 715 er
1417 657 1468 717 dem
1506 658 1636 718 Priester

279 661 374 721 haben.
396 659 535 719 Professor
561 656 717 716 Bernhardi
739 654 800 714 tritt
826 655 891 715 ein.)

1004 694 1048 754 den
1076 694 1209 754 Eintritt
1237 697 1259 757 in
1291 699 1344 759 das
1375 700 1639 760 Krankenzimmer

245 712 422 772 Bernhardi
449 708 515 768 (sehr
538 703 728 763 aufgeräumt,
747 703 844 763 nimmt
867 699 910 759 dem

1003 739 1208 799 verweigerte,
1246 743 1464 803 ausschließlich
1498 742 1520 802 in
1558 744 1637 804 Aus¬

287 751 383 811 Diener
405 750 442 810 die
464 748 657 808 Abendblätter
678 744 729 804 aus
750 744 796 804 der
817 744 922 804 Hand):

1004 781 1102 841 übung
1137 783 1225 843 seiner
1255 786 1412 846 ärztlichen
1447 786 1560 846 Pflicht
1590 787 1638 847 ge¬

284 796 379 856 Guten
411 795 529 855 Abend,
552 793 643 853 meine
670 790 797 850 Herren.
834 789 924 849 Hier,

1009 822 1125 882 handelt
1149 825 1210 885 hat.
1229 825 1289 885 Wir
1313 828 1370 888 alle
1393 829 1486 889 hätten
1516 831 1571 891 uns
1600 828 1623 888 im

285 839 371 899 bitte,
391 838 434 898 sich
458 837 486 897 zu
511 837 670 897 bedienen.
704 835 751 895 Ich
776 834 848 894 bitte
872 833 905 893 um

1004 868 1119 928 gleichen
1163 870 1230 930 Fall
1265 873 1356 933 genau
1395 873 1424 933 so
1463 876 1631 936 benommen

283 882 554 942 Entschuldigung,
593 879 647 939 daß
687 878 721 938 ich
766 876 829 936 mich
874 875 913 935 ein

1003 909 1061 969 wie
1089 909 1134 969 er.

285 924 378 984 wenig
411 924 556 984 verspätet
585 921 668 981 habe.
712 918 767 978 Die
805 921 912 981 Herren

966 954 1145 1014 Ebenwald:
1190 955 1248 1015 Sie
1281 960 1401 1020 haben's
1434 960 1461 1020 ja
1494 963 1559 1023 doch
1592 963 1640 1023 nie

284 966 369 1026 haben
410 967 455 1027 sich
486 967 516 1027 ja
552 965 714 1025 hoffentlich
755 963 835 1023 indes
871 962 926 1022 gut

1004 995 1107 1055 getan.

285 1010 472 1070 unterhalten
511 1008 568 1068 ..
593 1010 607 1070 .
637 1007 689 1067 Ich
728 1004 838 1064 erkläre
877 1004 920 1064 die

973 1039 1179 1099 Schreimann:
1199 1040 1274 1100 Auch
1306 1041 1351 1101 bei
1377 1043 1467 1103 Herrn
1498 1046 1638 1106 Direktor

287 1052 406 1112 Sitzung
438 1053 484 1113 für
511 1049 650 1109 eröffnet.
687 1048 739 1108 Ich
766 1046 838 1106 habe
870 1046 921 1106 mir

1009 1082 1181 1142 Vernhardi
1203 1082 1257 1142 war
1293 1086 1327 1146 es
1362 1088 1479 1148 unseres
1507 1089 1638 1149 Wissens

283 1097 421 1157 erlaubt.
451 1094 505 1154 Sie
535 1094 559 1154 zu
594 1092 673 1152 einer
703 1089 924 1149 außerordent¬

1012 1124 1059 1184 das
1092 1124 1226 1184 erstemal

287 1138 369 1198 lichen
419 1136 540 1196 Sitzung
585 1133 818 1193 einzuberufen.
868 1132 923 1192 Sie

973 1169 1121 1229 Cyprian:
1169 1169 1355 1229 Bernhardis
1393 1175 1520 1235 Fehler,
1558 1174 1637 1234 wenn

285 1179 380 1239 wissen
409 1178 433 1238 ja
457 1180 525 1240 alle,
544 1178 640 1238 warum
678 1178 711 1238 ich
732 1175 789 1235 mir
804 1173 923 1233 erlaubt

1010 1202 1065 1262 wir
1085 1204 1130 1264 ihn
1156 1204 1322 1264 überhaupt
1339 1210 1500 1270 lo.nennen
1526 1211 1646 1271 wollen,

287 1213 371 1273 habe,
396 1213 453 1273 Sie
481 1210 713 1270 einzuberufen.
746 1209 916 1269 Immerhin

1006 1248 1119 1308 bestand
1154 1248 1207 1308 also
1237 1249 1296 1309 nur
1321 1249 1424 1309 darin,
1449 1249 1503 1309 daß
1538 1249 1567 1309 er
1597 1250 1641 1310 die

288 1256 321 1316 ist
349 1255 377 1315 es
411 1255 499 1315 meine
533 1255 655 1315 Pflicht,
678 1252 722 1312 den
756 1252 851 1312 Brief
873 1251 923 1311 zur

1013 1291 1098 1351 Folge
1129 1291 1204 1351 nicht
1230 1291 1377 1351 bedachte,
1403 1291 1453 1351 daß
1489 1291 1519 1351 er
1550 1293 1640 1353 seiner

287 1297 450 1357 Verlesung
477 1300 502 1360 zu
529 1298 671 1358 bringen,
687 1297 734 1357 der
761 1297 813 1357 mir
840 1296 918 1356 heute

1005 1334 1334 1394 ärztlich-menschlichen
1374 1333 1555 1393 Eingebung
1595 1337 1644 1397 ge¬

292 1344 402 1404 morgen
436 1345 586 1405 zugestellt
608 1342 719 1402 wurde.

1011 1378 1085 1438 folgt
1102 1378 1154 1438 ist.
1166 1378 1208 1438 die
1235 1378 1288 1438 wir
1310 1378 1363 1438 alle
1385 1375 1432 1435 als
1454 1379 1560 1439 Aerzte
1588 1380 1640 1440 und

252 1387 354 1447 Filitz:
372 1388 469 1448 Hört!

1012 1422 1154 1482 Menschen
1189 1422 1341 1482 gutheißen
1386 1420 1513 1480 müssen;
1553 1422 1641 1482 somit

251 1430 418 1490 Bernhardi
446 1426 546 1486 (liest):
592 1425 837 1485 „Hochverehrter
866 1420 876 1480 —

1012 1464 1071 1524 gibt
1096 1464 1126 1524 es
1161 1464 1220 1524 eine
1245 1466 1358 1526 einzige
1399 1464 1556 1524 Antwort,
1602 1465 1645 1525 die

286 1470 363 1530 usw.
384 1473 461 1533 usw.
487 1472 549 1532 „Ich
580 1471 683 1531 beehre
715 1470 797 1530 mich,
818 1467 916 1527 Ihnen

1012 1503 1055 1563 dem
1099 1506 1194 1566 Briefe
1219 1506 1267 1566 des
1291 1507 1512 1567 Kuratoriums
1537 1509 1642 1569 gegen¬

289 1517 489 1577 mitzuteilen,
511 1515 561 1575 daß
593 1512 639 1572 die
665 1512 840 1572 Mitglieder
871 1509 917 1569 des

1012 1549 1076 1609 über
1107 1551 1221 1611 geboten
1257 1553 1411 1613 erscheint,
1436 1551 1560 1611 nämlich
1591 1553 1645 1613 un¬

286 1560 506 1620 Kuratoriums
534 1553 585 1613 —"
610 1554 656 1614 usw
703 1554 778 1614 usw.
797 1554 810 1614 —
854 1553 918 1613 „den

1010 1593 1082 1653 serem
1145 1593 1299 1653 Direktor,
1339 1596 1434 1656 Herrn
1488 1596 1642 1656 Professor

291 1602 502 1662 einstimmigen
533 1600 667 1660 Beschluß
693 1598 796 1658 gefaßt
817 1597 924 1657 haben,

1015 1637 1197 1697 Bernhardi,
1217 1636 1301 1696 unser
1326 1637 1444 1697 vollstes
1469 1639 1636 1699 Vertrauen

289 1643 354 1703 ihre
380 1643 572 1703 Ehrenstellen
608 1640 846 1700 zurückzulegen.
867 1638 927 1698 In¬

1008 1679 1154 1739 einmütig
1180 1682 1426 1742 auszusprechen.

285 1686 339 1746 dem
379 1688 414 1748 ich
444 1688 563 1748 Ihnen,
603 1685 826 1745 hochverehrter
851 1682 929 1742 Herr

978 1721 1181 1781 Pflugfelder:
1202 1721 1320 1781 Bravo!

286 1733 444 1793 Direktor,
459 1730 547 1790 diesen
577 1730 710 1790 Beschluß
740 1726 789 1786 zur
814 1724 927 1784 Kennt¬

979 1765 1161 1825 Bernhardi:
1202 1767 1282 1827 Herr
1314 1769 1516 1829 Vizedirektor
1548 1769 1648 1829 Eben¬

286 1775 333 1835 nis
368 1775 488 1835 bringe,
513 1773 598 1833 richte
629 1769 662 1829 ich
696 1769 748 1829 das
783 1768 917 1828 Ersuchen

1012 1807 1085 1867 wald
1120 1808 1168 1868 hat
1193 1810 1246 1870 das
1276 1810 1372 1870 Wort.

288 1816 322 1876 an
347 1816 421 1876 Sie,
436 1816 480 1876 die
501 1816 648 1876 verehrten
678 1811 851 1871 Mitglieder
876 1811 924 1871 des

970 1849 1152 1909 Ebenwald:
1197 1849 1300 1909 Meine
1340 1852 1468 1912 Herren,
1513 1852 1641 1912 täuschen

290 1858 510 1918 Direktoriums
543 1858 599 1918 und
637 1855 688 1915 des
727 1855 923 1915 Lehrkörpers

1010 1892 1069 1952 wir
1099 1894 1153 1954 uns
1188 1896 1276 1956 nicht,
1321 1896 1365 1956 die
1400 1897 1558 1957 Demission
1593 1896 1641 1956 des

285 1903 381 1963 davon
415 1903 439 1963 in
478 1903 627 1963 Kenntnis
662 1902 690 1962 zu
725 1900 820 1960 setzen.
865 1894 927 1954 Ge¬

1009 1936 1224 1996 Kuratoriums
1262 1939 1299 1999 ist
1333 1938 1421 1998 unter
1459 1939 1511 1999 den
1549 1939 1646 1999 heuti¬

667 1942 742 2002 usw.
776 1942 855 2002 usw.
893 1936 902 1996 —

289 1948 444 2008 nehmigen
490 1942 544 2002 Sie

1011 1981 1055 2041 gen
1107 1981 1285 2041 Umständen
1336 1981 1361 2041 so
1408 1982 1539 2042 ziemlich
1591 1981 1641 2041 das

287 1992 416 2052 „Hofrat
442 1987 571 2047 Winkler
603 1986 643 2046 als
675 1984 928 2044 Schriftführer“.

1009 2022 1211 2082 Schlimmste,
1245 2024 1307 2084 was
1351 2025 1451 2085 unserm
1495 2025 1644 2085 Institute

253 2032 412 2092 Ebenwald
444 2027 530 2087 (beugt
553 2027 593 2087 sich
617 2025 680 2085 über
703 2023 743 2083 den
771 2022 875 2082 Brief).

1010 2065 1145 2125 passieren
1175 2067 1290 2127 konnte.
1330 2067 1377 2127 Ich
1403 2067 1474 2127 stehe
1499 2067 1576 2127 nicht
1601 2070 1629 2130 an

255 2074 445 2134 Bernhardi:
466 2070 565 2130 Bitte?
601 2069 651 2129 (der
677 2067 756 2127 Brief
777 2064 927 2124 zirkuliert,

1010 2109 1043 2169 sie
1073 2110 1116 2170 als
1150 2109 1207 2169 eine
1237 2109 1434 2169 Katastrophe
1464 2112 1488 2172 zu
1522 2112 1647 2172 bezeich¬

293 2115 451 2175 Bernhardi
471 2112 590 2172 lächelt.)
605 2114 708 2174 Meine
729 2114 857 2174 Herren,
873 2112 926 2172 Sie

1010 2152 1081 2212 nen.
1101 2151 1162 2211 Wir
1182 2154 1268 2214 stehen
1302 2154 1403 2214 einfach
1432 2154 1484 2214 vor
1504 2154 1551 2214 der
1575 2155 1647 2215 Tat¬

292 2162 402 2222 werden
448 2161 493 2221 sich
534 2160 695 2220 hoffentlich
731 2157 932 2217 überzeugen,

1016 2196 1101 2256 sache,
1116 2197 1166 2257 daß
1192 2196 1232 2256 die
1253 2199 1403 2259 Förderer
1424 2199 1524 2259 unsres
1550 2198 1645 2258 Insti¬

287 2205 342 2265 daß
378 2205 418 2265 ich
454 2203 554 2263 Ihnen
596 2202 671 2262 keine
707 2199 797 2259 Silbe
834 2199 924 2259 dieses

1010 2240 1088 2300 tuts,
1108 2239 1192 2299 denen
1225 2239 1276 2299 wir
1305 2240 1450 2300 materiell
1478 2240 1530 2300 und
1563 2240 1646 2300 ideell

288 2246 495 2306 interessanten
529 2245 708 2305 Schreibens
747 2243 930 2303 unterschla¬

1012 2279 1035 2339 so
1068 2283 1133 2343 viel
1166 2282 1343 2342 verdanken,
1372 2285 1427 2345 und
1465 2283 1521 2343 auf
1554 2285 1638 2345 deren

289 2296 334 2356 gen
367 2291 453 2351 habe.
490 2290 554 2350 Das
582 2287 768 2347 Kuratorium
810 2285 855 2345 hat
879 2283 928 2343 de¬

1009 2325 1173 2385 materielle
1206 2326 1255 2386 und
1293 2327 1397 2387 ideelle
1430 2327 1644 2387 Weiterunter¬

293 2336 471 2396 missioniert
505 2332 562 2392 und
601 2330 648 2390 die
683 2327 923 2387 Tagesordnung

1015 2372 1136 2432 stützung
1169 2368 1225 2428 wir
1259 2369 1437 2429 angewiesen
1475 2369 1530 2429 sind
1574 2366 1648 2426 (Ein¬

291 2377 407 2437 unserer
431 2375 562 2435 heutigen
590 2374 707 2434 Sitzung
736 2373 833 2433 lautet
853 2371 927 2431 logi¬

1007 2410 1122 2470 würfe),
1146 2411 1194 2471 daß
1229 2412 1300 2472 diese
1330 2414 1478 2474 Förderer
1508 2414 1556 2474 sich
1590 2414 1637 2474 von

288 2420 466 2480 scherweise:
481 2417 734 2477 Stellungnahme
754 2415 801 2475 des
825 2415 927 2475 Direk¬

1012 2456 1066 2516 uns
1098 2455 1289 2515 abgewendet
1321 2455 1430 2515 haben;
1458 2457 1512 2517 und
1549 2456 1635 2516 stehen

289 2463 421 2523 toriums
449 2461 503 2521 und
531 2461 577 2521 des
604 2459 750 2519 Plenums
778 2458 805 2518 zu
838 2458 924 2518 dieser

1011 2497 1062 2557 vor
1097 2499 1145 2559 der
1180 2497 1314 2557 weiteren
1353 2500 1638 2560 unbezweifelbaren

291 2506 439 2566 Tatsache.
479 2506 553 2566 Herr
583 2503 735 2563 Professor
760 2500 923 2560 Ebenwald

1011 2542 1156 2602 Tatsache,
1182 2541 1227 2601 daß
1263 2541 1307 2601 für
1338 2541 1428 2601 dieses
1459 2542 1645 2602 Mißgeschick

291 2548 417 2608 wünscht
437 2548 490 2608 das
515 2548 616 2608 Wort.

1009 2584 1095 2644 unser
1123 2586 1269 2646 verehrter
1297 2587 1447 2647 Direktor,
1470 2587 1543 2647 Herr
1570 2585 1647 2645 Pro¬

254 2593 434 2653 Ebenwald:
460 2593 510 2653 Ich
541 2590 617 2650 stelle
647 2589 692 2649 die
723 2590 853 2650 Anfrage
884 2589 919 2649 an

1016 2626 1096 2686 fessor
1121 2629 1308 2689 Bernhardi,
1330 2629 1374 2689 die
1405 2630 1541 2690 alleinige
1572 2628 1647 2688 Ver¬

291 2636 333 2696 den
366 2634 460 2694 Herrn
489 2632 640 2692 Direktor,
659 2632 692 2692 ob
721 2632 763 2692 ihm
806 2632 848 2692 die
872 2630 928 2690 Ur¬

1011 2670 1202 2730 antwortung
1230 2670 1323 2730 trägt.

291 2677 362 2737 sache
392 2676 511 2736 bekannt
531 2676 573 2736 ist,
598 2675 641 2735 die
656 2673 703 2733 das
723 2676 909 2736 Kuratorium

973 2715 1161 2775 Bernhardi:
1181 2713 1230 2773 Ich
1255 2715 1339 2775 trage
1365 2715 1413 2775 sie.

291 2722 344 2782 zur
368 2721 523 2781 Demission
553 2718 717 2778 veranlaßt
738 2718 805 2778 hat!

134 2751 206 2811 ent¬

975 2757 1152 2817 Ebenwald:
1196 2757 1258 2817 Und
1292 2755 1330 2815 ich
1359 2758 1455 2818 finde,
1489 2759 1517 2819 es
1561 2756 1642 2816 wäre

259 2763 445 2823 Bernhardi:
465 2763 510 2823 Ich
536 2762 637 2822 könnte
663 2760 778 2820 hierauf
804 2760 853 2820 mit
874 2760 924 2820 der

1008 2802 1127 2862 töricht,
1155 2799 1233 2859 wenn
1270 2799 1325 2859 wir
1358 2799 1413 2859 uns
1454 2799 1509 2859 mit
1538 2800 1629 2860 seinem

291 2811 389 2871 Frage
419 2805 582 2865 erwidern,
622 2803 656 2863 ob
696 2803 770 2863 diese
810 2803 927 2863 Ursache

1012 2843 1157 2903 Vorgehen
1238 2843 1408 2903 solidarisch
1484 2843 1630 2903 erklärten

293 2850 384 2910 Herrn
438 2849 592 2909 Professor
641 2846 809 2906 Ebenwald
858 2845 930 2905 oder

1016 2882 1231 2942 (Entsprechende
1259 2882 1396 2942 Unruhe.)
1437 2885 1538 2945 Daher
1571 2886 1648 2946 stelle

290 2893 369 2953 einem
414 2891 462 2951 der
489 2891 612 2951 anderen
643 2889 748 2949 Herren
784 2888 854 2948 nicht
881 2885 929 2945 be¬

132 2922 206 2982 Werk

1012 2927 1043 2987 ich
1080 2929 1130 2989 den
1168 2930 1281 2990 Antrag
1323 2927 1455 2987 unserm,
1483 2930 1639 2990 Bedauern

296 2936 382 2996 kannt
407 2935 454 2995 ist.
494 2933 570 2993 Aber
595 2933 623 2993 da
657 2933 710 2993 wir
735 2933 759 2993 ja
783 2932 840 2992 alle
860 2931 927 2991 auch

1015 2972 1084 3032 über
1118 2969 1164 3029 den
1202 2972 1361 3032 bekannten
1404 2972 1525 3032 Vorfall
1554 2974 1647 3034 gezie¬

290 2981 457 3041 außerhalb
486 2977 574 3037 dieses
607 2975 719 3035 Saales
752 2978 812 3038 noch
845 2977 929 3037 man¬

1009 3014 1127 3074 menden
1164 3014 1309 3074 Ausdruck
1337 3015 1368 3075 zu
1401 3014 1546 3074 verleihen
1588 3013 1637 3073 und

293 3023 398 3083 cherlei
422 3023 449 3083 zu
477 3020 523 3080 tun
555 3019 642 3079 haben
670 3015 684 3075 -

138 3028 206 3088 aiden

1009 3063 1040 3123 zu
1091 3058 1227 3118 betonen,
1264 3057 1318 3117 daß
1369 3058 1423 3118 wir
1469 3055 1523 3115 das
1569 3056 1646 3116 Vor¬

140 3070 205 3130 ruft
256 3064 414 3124 Cyprian:
430 3064 511 3124 Sehr
537 3061 633 3121 richtig

1015 3104 1094 3164 gehen
1132 3100 1183 3160 des
1216 3101 1305 3161 Herrn
1343 3100 1497 3160 Direktors
1531 3100 1642 3160 Seiner

258 3108 449 3168 Bernhardi:
479 3105 488 3165 -
547 3105 601 3165 und
641 3106 685 3166 die
710 3105 920 3165 Verhandlung

1014 3145 1205 3205 Hochwürden
1234 3143 1398 3203 gegenüber
1426 3144 1492 3204 aufs
1520 3143 1646 3203 schärfste

295 3151 370 3211 nicht
397 3148 570 3208 überflüssig
611 3149 636 3209 in
677 3146 723 3206 die
754 3147 856 3207 Länge
887 3146 937 3206 ge¬

1015 3187 1211 3247 mißbilligen.
1244 3184 1289 3244 (Er
1317 3181 1478 3241 überschreit
1506 3181 1542 3241 die
1570 3183 1652 3243 wach¬

291 3193 376 3253 zogen
409 3193 518 3253 werden
555 3191 619 3251 soll,
655 3189 682 3249 so
720 3190 860 3250 erwidere
888 3190 924 3250 ich

1016 3226 1086 3286 sende
1113 3228 1245 3288 Unruhe.)
1263 3229 1307 3289 Ich
1334 3229 1404 3289 stelle
1427 3229 1475 3289 den
1507 3229 1639 3289 weiteren

296 3237 339 3297 die
354 3238 483 3298 Anfrage
508 3235 550 3295 des
570 3234 662 3294 Herrn
686 3232 931 3292 Vize=Direktors

1017 3272 1147 3332 Antrag,
1180 3272 1231 3332 daß
1264 3272 1339 3332 diese
1372 3272 1544 3332 Resolution
1582 3272 1628 3332 dem

301 3280 446 3340 Professor
473 3276 637 3336 Ebenwald
679 3275 733 3335 mit
770 3276 928 3336 gebotener

1016 3318 1202 3378 Kuratorium
1244 3315 1270 3375 in
1307 3315 1525 3375 angemessener
1553 3314 1643 3374 Weise

297 3321 407 3381 Kürze:
433 3322 494 3382 Ja,
514 3320 559 3380 die
591 3319 706 3379 Ursache
737 3317 772 3377 ist
803 3318 859 3378 mir
884 3316 934 3376 be¬

1016 3364 1064 3424 zur
1100 3360 1246 3420 Kenntnis
1282 3359 1415 3419 gebracht
1451 3356 1508 3416 und
1544 3358 1632 3418 diesem

293 3365 393 3425 kannt.
435 3363 640 3423 Die-Ursache
668 3362 741 3422 liegt
783 3361 805 3421 in
851 3359 929 3419 dem¬

137 3366 206 3426 nten

1015 3404 1064 3464 auf
1092 3405 1201 3465 Grund
1234 3402 1320 3462 dessen
1357 3401 1403 3461 die
1431 3401 1517 3461 Bitte
1545 3401 1649 3461 unter¬

294 3408 388 3468 selben
422 3408 554 3468 Vorfall,
597 3404 649 3464 von
692 3404 739 3464 dem
782 3402 838 3462 Sie
877 3404 938 3464 eine

1012 3447 1119 3507 breitet
1148 3447 1236 3507 wird,
1260 3444 1307 3504 die
1340 3444 1499 3504 Demission
1537 3446 1649 3506 zurück¬

296 3450 492 3510 Schilderung
524 3449 624 3509 soeben
661 3447 683 3507 in
725 3447 770 3507 den
811 3450 929 3510 Abend¬

1016 3491 1167 3551 zuziehen.
1199 3485 1296 3545 (Große
1320 3483 1453 3543 Unruhe.)

296 3494 426 3554 blättern
455 3494 510 3554 mit
530 3492 670 3552 größerem
708 3489 773 3549 oder
797 3491 933 3551 geringe¬

978 3535 1160 3595 Bernhardi:
1179 3533 1279 3593 Meine
1298 3531 1431 3591 Herren!
1450 3531 1486 3591 Um
1519 3531 1573 3591 Sie
1596 3530 1646 3590 vor

295 3536 340 3596 rem
391 3536 586 3596 Vergnügen,
623 3536 713 3596 unter
755 3533 804 3593 der
837 3534 914 3594 Form

142 3539 209 3599 gung

1019 3577 1157 3637 Schritten
1189 3575 1210 3635 zu
1238 3575 1411 3635 bewahren,
1425 3575 1470 3635 die
1493 3575 1545 3635 Sie
1569 3574 1653 3634 nach¬

296 3580 377 3640 einer
411 3581 511 3641 sogen.
540 3578 775 3638 Interpellation
814 3579 919 3639 gelesen

140 3582 215 3642 wiß.

1015 3622 1064 3682 her
1110 3620 1228 3680 bereuen
1279 3617 1419 3677 könnten,
1457 3618 1565 3678 möchte
1607 3617 1643 3677 ich

136 3622 215 3682 sihls¬

300 3623 411 3683 haben.

1016 3664 1112 3724 Ihnen
1149 3662 1299 3722 verraten,
1322 3661 1372 3721 daß
1409 3659 1463 3719 wir
1492 3660 1518 3720 in
1551 3662 1651 3722 abseh¬

137 3663 215 3723 arm.

262 3664 472 3724 Schreimann:
493 3664 543 3724 Die
569 3664 795 3724 Interpellation
826 3664 926 3724 gehört

1015 3705 1101 3765 barer
1131 3703 1200 3763 Zeit
1231 3703 1269 3763 ein
1313 3703 1502 3763 Kuratorium
1550 3703 1649 3763 wahr¬

298 3708 372 3768 nicht
397 3705 445 3765 her

1015 3749 1155 3809 scheinlich
1194 3749 1269 3809 nicht
1307 3748 1386 3808 mehr
1429 3747 1508 3807 nötig
1551 3747 1640 3807 haben

258 3750 450 3810 Bernhardi:
471 3749 633 3809 Uebrigens
658 3748 698 3808 bin
718 3748 752 3808 ich
772 3750 846 3810 nicht
861 3750 939 3810 hier,

139 3751 212 3811 unde

1017 3793 1148 3853 werden.
1167 3793 1223 3853 Die
1247 3790 1501 3850 Verstaatlichung
1530 3791 1647 3851 unseres

135 3796 206 3856 sollen

296 3793 330 3853 um
370 3796 434 3856 mich
464 3798 493 3858 zu
523 3796 739 3856 rechtfertigen,
779 3795 828 3855 vor
858 3795 912 3855 wem

1717 133 1783 193 hat,
1806 132 1827 192 in
1863 130 2071 190 allerernsteste
2098 130 2270 190 Erwägung
2301 132 2350 192 ge¬

1714 171 1825 231 zogen.

1683 214 1893 274 Schreimann:
1912 213 2168 273 Zukunftsmusik!

1682 257 1856 317 Ebenwald:
1879 257 1954 317 Eine
1977 257 2173 317 Subvention
2200 258 2262 318 jetzt
2285 258 2347 318 nach

1717 300 1768 360 der
1793 298 1968 358 Geschichte!

1683 342 1779 402 Filitz:
1827 342 1899 402 Nach
1957 343 2047 403 dieser
2096 344 2350 404 Interpellation!

1725 380 1822 440 (Große
1848 380 1983 440 Unruhe.)

1685 427 1850 487 Bernhardi
1878 423 1980 483 (stark):
1998 425 2055 485 Sie
2079 426 2243 486 vergessen,
2262 426 2350 486 meine

1719 473 1846 533 Herren,
1888 470 1942 530 daß
1993 470 2065 530 diese
2111 470 2344 530 Interpellation

1720 515 1781 575 auch
1813 515 1875 575 ihre
1902 513 2048 573 Antwort
2070 512 2167 572 finden
2199 512 2287 572 wird.
2310 510 2349 570 Es

1722 557 1810 617 liegen
1845 557 1921 617 zwei
1948 555 2080 615 Anträge
2112 554 2177 614 vor.
2201 554 2262 614 Der
2289 553 2350 613 eine

1717 598 1770 658 von
1828 598 1983 658 Professor
2032 596 2196 656 Ebenwald
2249 597 2355 657 dahin¬

1963 637 2131 697 (Löwenstein
2165 637 2227 697 tritt
2258 636 2291 696 ein
2325 634 2333 694 —

1728 640 1831 700 gehend

1720 676 1755 736 die
1783 679 1933 739 Vorigen.)

1684 727 1880 787 Löwenstein:
1904 727 2007 787 Meine
2036 727 2162 787 Herren,
2187 724 2219 784 ich
2252 727 2355 787 komme

1722 769 1776 829 aus
1800 772 1844 832 dem
1886 769 2068 829 Parlament
2091 764 2281 824 (Bewegung).
2296 769 2350 829 Die

2151 810 2352 870 beantwortet

1722 813 1956 873 Interpellation

1720 855 1855 915 worden.
1884 852 1926 912 (Zu
1955 849 2138 909 Bernhardi):
2158 851 2195 911 Es
2219 854 2251 914 ist
2271 852 2285 912 —
2327 852 2350 912 es

1720 897 1791 957 wird
1821 900 1878 960 eine
1902 897 2123 957 Untersuchung
2152 897 2243 957 wegen
2272 895 2353 955 Reli¬

1721 944 1932 1004 gionsstörung
1961 942 2047 1002 gegen
2086 940 2138 1000 dich
2177 942 2354 1002 eingeleitet.

1691 984 1892 1044 Pflugfelder:
1907 984 1968 1044 Das
1993 984 2026 1044 ist
2041 983 2103 1043 doch
2127 981 2199 1041 nicht
2218 982 2352 1042 möglich:

1679 1026 1861 1086 Ebenwald:
1899 1025 1979 1085 Herr
2017 1025 2139 1085 Kollege
2182 1025 2355 1085 Löwenstein

1719 1068 1792 1128 wird
1820 1070 1961 1130 vielleicht
1985 1067 2025 1127 die
2049 1064 2359 1124 Liebenswürdigkeit

1723 1112 1836 1172 haben,
1854 1112 1907 1172 uns
1938 1112 2027 1172 etwas
2057 1110 2188 1170 genauer
2212 1111 2235 1171 zu
2265 1109 2360 1169 infor¬

1726 1154 1852 1214 mieren.

1683 1193 1871 1253 Bernhardi:
1896 1188 1973 1248 (steht
1998 1188 2191 1248 regungolos).

1692 1234 1835 1294 Cyprlan:
1857 1233 1899 1293 So
1921 1233 2010 1293 sprich
2032 1231 2095 1291 doch
2117 1231 2244 1291 endlich!

1687 1276 1862 1336 Bernhardi
1884 1275 2015 1335 (gefaßt):
2038 1273 2085 1333 Ich
2117 1276 2218 1336 nehme
2245 1276 2286 1336 die
2314 1274 2355 1334 für

1720 1320 1801 1380 kurze
1846 1321 1913 1381 Zeit
1957 1318 2165 1378 unterbrochen
2213 1319 2358 1379 gewesene

1726 1363 1844 1423 Sitzung
1879 1361 1986 1421 wieder
2016 1362 2080 1422 auf.
2106 1363 2208 1423 Meine
2238 1363 2361 1423 Herren.

1726 1404 1754 1464 es
1779 1407 1870 1467 liegen
1900 1404 1972 1464 zwei
1992 1404 2127 1464 Anträge
2152 1404 2219 1464 vor.

1691 1449 1868 1509 Ebenwald:
1898 1448 1948 1508 Ich
1983 1449 2061 1509 ziehe
2091 1449 2205 1509 meinen
2245 1449 2358 1509 Antrag

1729 1491 1840 1551 zurück.
1860 1488 2053 1548 (Bewegung.)

1692 1534 1867 1594 Ebenwald:
1904 1536 2090 1596 Respektive,
2121 1535 2157 1595 ich
2199 1533 2271 1593 lasse
2308 1535 2354 1595 ihn

1723 1581 1862 1641 aufgehen
1901 1578 1923 1638 in
1957 1578 2035 1638 einem
2074 1578 2199 1638 anderen
2233 1581 2363 1641 Antrag,

1727 1619 1776 1679 der
1807 1620 1863 1680 mir
1894 1619 1918 1679 im
1960 1619 2096 1679 Hinblick
2122 1621 2177 1681 auf
2203 1621 2248 1681 die
2279 1621 2359 1681 durch

1726 1662 1770 1722 die
1800 1661 1943 1721 Antwort
1973 1663 2022 1723 des
2052 1663 2209 1723 Ministers
2240 1663 2362 1723 geschaf¬

1726 1710 1785 1770 fene
1815 1708 1959 1768 Sachlage
1989 1707 2018 1767 im
2059 1709 2207 1769 Interesse
2237 1709 2356 1769 unseres

1726 1751 1871 1811 Instituts
1897 1748 2017 1808 geboten
2048 1751 2192 1811 erscheint.

1691 1795 1839 1855 Cyprian:
1864 1791 1921 1851 Die
1950 1793 2089 1853 Antwort
2119 1795 2166 1855 des
2196 1793 2353 1853 Ministers

1728 1835 1832 1895 gehört
1852 1834 1927 1894 nicht
1947 1835 2060 1895 hierher

1687 1879 1869 1939 Ebenwald:
1889 1876 1954 1936 Also
1973 1879 2005 1939 ich
2025 1879 2203 1939 beantrage:
2222 1881 2362 1941 Suspen¬

1728 1923 1849 1983 dierung
1873 1922 1989 1982 unseres
2013 1921 2162 1981 verehrten
2191 1922 2279 1982 Herrn
2308 1919 2359 1979 Di¬

1726 1966 1837 2026 rektors
1866 1966 1917 2026 von
1955 1966 2001 2026 der
2030 1966 2156 2026 Leitung
2184 1966 2236 2026 des
2264 1966 2357 2026 Elisa¬

1725 2008 1896 2068 bethinums
1938 2010 1982 2070 bis
2023 2008 2074 2068 zum
2130 2009 2266 2069 Abschluß
2307 2011 2357 2071 der

1724 2053 1805 2113 gegen
1850 2052 1897 2112 ihn
1947 2052 2149 2112 eingeleiteten
2198 2052 2361 2112 strafrecht¬

1729 2094 1810 2154 lichen
1839 2094 2054 2154 Untersuchung
2084 2094 2170 2154 (große
2194 2091 2328 2151 Unruhe).

1695 2138 1897 2198 Pflugfelder:
1924 2139 2063 2199 Schämen
2101 2139 2157 2199 Sie
2189 2140 2235 2200 sich
2267 2138 2360 2198 Eben¬

1728 2181 1830 2241 wald!

1691 2225 1843 2285 Cyprian:
1864 2222 1952 2282 Wenn
1982 2224 2036 2284 Sie
2061 2222 2150 2282 Ihren
2185 2225 2268 2285 ersten
2298 2224 2361 2284 An¬

1733 2267 1788 2327 trag
1818 2267 2036 2327 zurückziehen,
2058 2267 2077 2327 so
2103 2267 2199 2327 bleibt
2225 2265 2285 2325 doch
2311 2267 2361 2327 der

1723 2309 1815 2369 meine
1855 2309 2001 2369 aufrecht,
2035 2309 2089 2369 daß
2138 2309 2191 2369 wir
2236 2309 2357 2369 nämlich

1731 2354 1815 2414 Herrn
1855 2354 1992 2414 Direktor
2032 2354 2204 2414 Bernhardi
2240 2354 2357 2414 unseres

1731 2396 1918 2456 Vertrauens
1948 2393 1960 2453 —

1695 2437 1876 2497 Pflugfelder
1902 2434 2104 2494 (unterbricht):
2125 2438 2190 2498 Was
2216 2437 2281 2497 geht
2302 2439 2352 2499 uns

1724 2479 1767 2539 die
1796 2482 2033 2542 Interpellation
2068 2481 2125 2541 und
2154 2482 2217 2542 ihre
2246 2481 2361 2541 Beant¬

1727 2524 1864 2584 wortung
1891 2524 2058 2584 überhaupt
2081 2524 2138 2584 an?

1686 2569 1879 2629 Löwenstein:
1918 2567 2067 2627 Professor
2112 2569 2285 2629 Bernhardi
2324 2567 2357 2627 ist

1726 2611 1779 2671 und
1813 2612 1909 2672 bleibt
1934 2611 2074 2671 Direktor
2104 2611 2152 2671 des
2181 2613 2365 2673 Elisabethi¬

1725 2654 1830 2714 nums.
1871 2652 1942 2712 Kein
1983 2655 2094 2715 Mensch
2130 2655 2195 2715 kann
2231 2655 2276 2715 ihn
2312 2653 2367 2713 ab¬

1727 2697 1829 2757 setzen.

1693 2740 1792 2800 Filitz:
1815 2741 1875 2801 Für
1904 2741 1969 2801 mich
1998 2739 2036 2799 ist
2059 2742 2086 2802 er
2114 2742 2141 2802 es
2170 2742 2241 2802 schon
2275 2741 2357 2801 heute

1725 2783 1803 2843 nicht
1828 2784 1921 2844 mehr.

1692 2830 1820 2890 Cyprian
1878 2829 1919 2889 (zu
1966 2826 2152 2886 Bernhardi):
2184 2830 2240 2890 Laß
2287 2831 2359 2891 über

1729 2873 1836 2933 meinen
1870 2874 1987 2934 Antrag
2015 2873 2207 2933 abstimmen!

1692 2921 1878 2981 Bernhardi:
1898 2921 2001 2981 Meine
2026 2920 2153 2980 Herren!
2178 2918 2319 2978 (Unruhe.)

1691 2968 1906 3028 Schreimann:
1930 2969 1981 3029 Ist
2005 2969 2074 3029 denn
2108 2969 2164 3029 das
2192 2969 2360 3029 überhaupt

1726 3011 1790 3071 noch
1820 3011 1879 3071 eine
1910 3012 2048 3072 Sitzung!
2078 3011 2260 3071 Kaffeehaus
2301 3012 2364 3072 oder

1730 3052 1848 3112 Billard

1692 3100 1878 3160 Bernhardi:
1899 3100 1949 3160 Ich
1980 3102 2046 3162 muß
2076 3102 2141 3162 mich
2168 3103 2289 3163 schuldig
2319 3101 2364 3161 be¬

1728 3144 1848 3204 kennen,
1868 3142 1877 3202 —
1926 3145 2065 3205 schuldig,
2090 3144 2138 3204 daß
2167 3144 2205 3204 ich
2235 3145 2278 3205 als
2303 3144 2360 3204 Di¬

1727 3187 1821 3247 rektor
1845 3187 1891 3247 des
1920 3187 2070 3247 Instituts
2099 3187 2174 3247 nicht
2193 3186 2244 3246 das
2273 3186 2362 3246 Mög¬

1728 3230 1819 3290 lichste
1851 3232 1932 3292 getan
1974 3229 2060 3289 habe,
2087 3229 2146 3289 eine
2178 3229 2364 3289 Interpella¬

1726 3273 1785 3333 tion
1831 3273 1858 3333 zu
1909 3272 2105 3332 verhindern,
2142 3273 2187 3333 die
2229 3273 2361 3333 geeignet

1728 3315 1842 3375 scheint,
1866 3315 1918 3375 das
1951 3315 2084 3375 Ansehen
2118 3312 2237 3372 unseres
2270 3317 2365 3377 Insti¬

1727 3355 1785 3415 tuts
1812 3357 1856 3417 bei
1875 3357 1946 3417 allen
1973 3357 2129 3417 Heuchlern
2156 3356 2209 3416 und
2237 3357 2361 3417 Dumm¬

1726 3401 1821 3461 köpfen
1856 3399 2081 3459 herabzusetzen.
2111 3401 2168 3461 Und
2202 3401 2235 3461 um
2279 3401 2360 3461 selbst

1728 3445 1773 3505 die
1796 3445 1924 3505 richtigen
1957 3444 2175 3504 Konsequenzen
2203 3446 2230 3506 zu
2253 3447 2367 3507 ziehen,

1727 3487 1815 3547 sowie
1838 3486 1868 3546 um
1909 3487 2042 3547 weiteren
2073 3488 2215 3548 Aufschub
2242 3486 2268 3546 zu
2300 3487 2361 3547 ver¬

1726 3532 1863 3592 hindern,
1883 3530 1944 3590 lege
1964 3530 2002 3590 ich
2026 3530 2149 3590 hiermit
2173 3530 2216 3590 die
2235 3530 2358 3590 Leitung

1724 3575 1769 3635 des
1816 3575 1967 3635 Instituts
2009 3573 2129 3633 nieder!
2175 3571 2276 3631 (Große
2309 3567 2363 3627 Be¬

1727 3614 1864 3674 wegung.)

1696 3659 1845 3719 Cyprian:
1864 3662 1934 3722 Was
1958 3659 2024 3719 fällt
2048 3659 2090 3719 dir
2114 3659 2184 3719 denn
2212 3660 2254 3720 ein

1691 3703 1891 3763 Löwenstein:
1915 3703 1973 3763 Das
2001 3703 2097 3763 darfst
2116 3703 2151 3763 du
2184 3702 2270 3762 nicht.

1697 3745 1898 3805 Pflugfelder:
1947 3746 1990 3806 Es
2048 3748 2115 3808 muß
2173 3746 2360 3806 abgestimmt

1735 3790 1867 3850 werden.

2397 139 2490 199 Filitz:
2517 142 2682 202 Besonders
2713 142 2744 202 da
2780 144 2806 204 es
2838 144 2908 204 schon
2945 143 3060 203 gespro¬

2429 183 2493 243 chen
2526 183 2572 243 ist.

2393 233 2606 293 Schreimann:
2624 234 2681 294 Hat
2699 234 2775 294 Herr
2797 234 2943 294 Professor
2966 233 3059 293 Bern¬

2432 276 2518 336 hardi
2559 278 2609 338 die
2655 279 2805 339 Direktion
2861 279 3056 339 niedergelegt

2429 319 2497 379 oder
2530 320 2627 380 nicht?

2399 361 2588 421 Bernhardi:
2612 363 2660 423 Ja.

2398 412 2579 472 Ebenwald:
2607 413 2648 473 Da
2680 413 2757 473 Herr
2790 413 2939 473 Professor
2967 412 3062 472 Bern¬

2436 455 2524 515 hardi
2551 455 2577 515 zu
2609 455 2724 515 unserem
2764 455 2919 515 Bedauern
2946 457 2990 517 die
3012 455 3065 515 Di¬

2436 498 2603 558 rektorstelle
2644 497 2843 557 niedergelegt
2883 500 2945 560 hat,
2976 499 3064 559 über¬

2434 539 2531 599 nehme
2559 540 2594 600 ich
2626 539 2688 599 nach
2719 542 2893 602 Paragraph
2920 539 2955 599 87
2983 541 3067 601 unse¬

2434 580 2482 640 rer
2509 583 2646 643 Statuten
2682 582 2721 642 die
2748 583 2867 643 Leitung
2898 580 2942 640 des
2969 582 3065 642 Elisa¬

2437 625 2609 685 bethinums
2643 625 2694 685 und
2727 625 2849 685 zugleich
2883 625 2929 685 den
2962 627 3070 687 Vorsitz

2439 667 2532 727 dieser
2566 670 2630 730 noch
2668 669 2696 729 im
2744 670 2828 730 Gang
2870 670 3057 730 befindlichen

2439 711 2572 771 Sitzung.
2593 713 2637 773 Ich
2662 712 2731 772 bitte
2751 712 2820 772 Sie,
2836 712 2924 772 meine
2944 712 3072 772 Herren,

2436 751 2472 811 um
2514 757 2563 817 das
2596 757 2695 817 gleiche
2723 754 2910 814 Vertrauen,
2929 755 2978 815 das
3011 754 3065 814 Sie

2437 798 2484 858 dem
2548 798 2725 858 scheidenden
2778 798 2912 858 Direktor
2961 795 2984 855 in

2434 839 2533 899 reichem
2581 840 2675 900 Maße
2709 840 2993 900 entgegengebracht
3022 835 3073 895 ha¬

2430 883 2496 943 ben,
2515 882 2595 942 hoffe
2620 882 2685 942 mich
2714 882 2861 942 desselben
2895 879 3008 939 würdig
3037 880 3065 940 zu

2434 923 2563 983 erweisen
2598 924 2653 984 und
2678 924 2782 984 erteile
2802 924 2892 984 Herrn
2922 923 3070 983 Professor

2438 966 2529 1026 Filitz
2550 966 2601 1026 das
2632 966 2729 1026 Wort.

2403 1016 2604 1076 Löwenstein:
2624 1017 2748 1077 Infam!

2416 1068 2612 1128 Pflugfelder:
2638 1068 2694 1128 Sie
2731 1069 2787 1129 sind
2819 1070 2896 1130 nicht
2923 1067 3077 1127 Direktor,

2448 1111 2515 1171 Herr
2541 1112 2688 1172 Professor
2715 1112 2887 1172 Ebenwald,
2907 1112 2967 1172 noch
2987 1111 3073 1171 nicht!

2448 1149 2598 1209 (Unruhe.)

2415 1194 2510 1254 Filitz:
2536 1193 2599 1253 Wir
2624 1194 2704 1254 stehen
2737 1195 2794 1255 nun
2827 1195 2875 1255 vor
2900 1195 2939 1255 der
2964 1195 3076 1255 Frage,

2443 1235 2501 1295 wer
2550 1234 2596 1294 die
2645 1236 2767 1296 Leiung
2821 1237 2873 1297 von
2927 1235 3075 1295 Professor

2449 1279 2632 1339 Bernhardis
2669 1280 2833 1340 Abteilung
2869 1280 2893 1340 zu
2929 1281 3076 1341 überneh¬

2445 1319 2505 1379 men
2539 1321 2604 1381 hat.

2410 1363 2585 1423 Bernhardi
2613 1360 2669 1420 (der
2704 1360 2754 1420 nun
2789 1362 2856 1422 ganz
2885 1361 2924 1421 die
2953 1363 3071 1423 Fassung

2442 1401 2556 1461 verloren
2587 1403 2666 1463 hat):
2686 1403 2731 1463 Es
2761 1405 2810 1465 hat
2841 1407 2980 1467 natürlich
3015 1405 3079 1465 nie¬

2444 1448 2530 1508 mand
2558 1448 2612 1508 das
2640 1447 2743 1507 Recht,
2765 1449 2830 1509 mich
2858 1450 2906 1510 von
2939 1449 2987 1509 der
3015 1448 3074 1508 Lei¬

2444 1492 2509 1552 tung
2540 1492 2652 1552 meiner
2678 1493 2840 1553 Abteilung
2866 1494 2897 1554 zu
2923 1494 3080 1554 entheben,

2445 1533 2513 1593 aber
2541 1533 2578 1593 ich
2605 1536 2705 1596 nehme
2732 1536 2843 1596 Urlaub
2876 1536 2918 1596 bis
2945 1537 2998 1597 zur
3020 1534 3077 1594 Er¬

2444 1578 2584 1638 ledigung
2615 1578 2726 1638 meiner
2756 1581 2998 1641 Angelegenheit.

2408 1622 2560 1682 Cyprian:
2581 1620 2649 1680 Was
2679 1620 2738 1680 tust
2763 1622 2792 1682 du
2822 1622 2920 1682 denn?

2406 1661 2597 1721 Bernhardi:
2618 1662 2627 1722 —
2673 1664 2768 1724 nehme
2794 1666 2905 1726 Urlaub
2926 1663 2940 1723 -

2408 1706 2590 1766 Ebenwald:
2607 1706 2655 1766 Ist
2677 1706 2789 1766 erteilt.

2407 1759 2595 1819 Bernhardi:
2623 1760 2690 1820 Und
2723 1760 2801 1820 nun,
2829 1762 2923 1822 meine
2952 1762 3079 1822 Herren,

2443 1802 2515 1862 trete
2551 1802 2587 1862 ich
2629 1805 2737 1865 meinen
2779 1805 2892 1865 Urlaub
2934 1805 2964 1865 an
3011 1805 3068 1865 und

2441 1848 2516 1908 habe
2545 1844 2591 1904 die
2621 1846 2713 1906 Ehre,
2737 1849 2800 1909 mich
2835 1849 2864 1909 zu
2900 1846 3073 1906 empfehlen.

2412 1897 2612 1957 Pflugfelder:
2635 1897 2694 1957 Und
2721 1897 2770 1957 Sie
2793 1899 2879 1959 lassen
2907 1897 2949 1957 ihn
2972 1899 3079 1959 gehen,

2445 1941 2535 2001 meine
2566 1942 2701 2002 Herren?
2752 1942 2803 2002 Ich
2834 1942 2909 2002 bitte
2935 1940 2989 2000 Sie
3025 1940 3065 2000 ein

2443 1984 2535 2044 letztes
2568 1986 2655 2046 Mal,
2676 1984 2800 2044 kommen
2838 1984 2894 2044 Sie
2921 1984 2983 2044 doch
3019 1984 3071 2044 zur

2442 2025 2629 2085 Besinnung.
2669 2028 2728 2088 Sie
2763 2027 2861 2087 dürfen
2901 2025 3074 2085 Bernhardi

2443 2068 2516 2128 nicht
2549 2070 2627 2130 gehen
2665 2070 2771 2130 lassen.
2798 2070 2887 2130 Lassen
2925 2067 2977 2127 Sie
3004 2067 3067 2127 doch

2438 2112 2508 2172 alles
2549 2112 2732 2172 Persönliche
2774 2112 2905 2172 beiseite.
2952 2112 3068 2172 Werfen

2443 2154 2501 2214 Sie
2528 2154 2585 2214 doch
2618 2157 2696 2217 einen
2729 2154 2807 2214 Blick
2835 2157 2945 2217 zurück,
2967 2155 3061 2215 denken

2448 2197 2511 2257 Sie,
2544 2199 2597 2259 wie
2629 2199 2703 2259 diese
2736 2199 2825 2259 ganze
2863 2199 3070 2259 unglückselige

2443 2240 2601 2300 Geschichte
2631 2242 2813 2302 angefangen
2854 2242 2917 2302 hat,
2943 2237 2957 2297 —
3012 2239 3066 2299 und

2444 2282 2493 2342 Sie
2523 2282 2627 2342 müssen
2657 2282 2705 2342 zur
2736 2285 2903 2345 Besinnung
2934 2282 3077 2342 kommen.

2443 2324 2492 2384 Ein
2527 2327 2625 2387 armes
2655 2327 2877 2387 Menschenkind
2907 2326 2980 2386 liegt
3011 2325 3069 2385 tod¬

2443 2367 2525 2427 krank
2559 2369 2587 2429 im
2631 2369 2761 2429 Spital,
2790 2368 2828 2428 ein
2868 2369 2973 2429 junges
3012 2367 3070 2427 Ge¬

2443 2411 2548 2471 schöpf,
2569 2413 2614 2473 das
2645 2411 2695 2471 das
2726 2411 2837 2471 bißchen
2868 2414 2984 2474 Jugend
3015 2411 3065 2471 und

2443 2450 2525 2510 Glück
2550 2455 2603 2515 und
2633 2453 2754 2513 Sünde,
2775 2454 2852 2514 wenn
2882 2455 2935 2515 Sie
2959 2455 3081 2515 wollen,

2439 2496 2522 2556 teuer
2560 2498 2653 2558 genug
2701 2497 2756 2557 mit
2794 2497 2976 2557 Todesangst
3014 2497 3070 2557 und

2437 2539 2521 2599 Qual
2551 2539 2599 2599 und
2635 2539 2688 2599 mit
2713 2539 2763 2599 dem
2803 2539 2891 2599 Leben
2921 2539 3004 2599 selbst
3030 2538 3074 2598 be¬

2444 2582 2537 2642 zahlt.
2557 2583 2591 2643 In
2621 2583 2670 2643 den
2700 2581 2788 2641 letzten
2819 2582 2951 2642 Stunden
2986 2584 3020 2644 ist
3040 2584 3074 2644 sie

2444 2625 2552 2685 wieder
2583 2626 2725 2686 glücklich,
2750 2626 2784 2686 sie
2814 2626 2888 2686 ahnt
2918 2626 2992 2686 nicht
3017 2624 3066 2684 den

2443 2667 2530 2727 nahen
2567 2667 2639 2727 Tod.
2661 2667 2790 2727 Genesen
2822 2667 2925 2727 glaubt
2952 2667 2983 2727 sie
3009 2667 3076 2727 sich!

2443 2709 2495 2769 Sie
2522 2712 2638 2772 träumt
2665 2711 2776 2771 davon,
2798 2712 2850 2772 daß
2882 2712 2924 2772 ihr
2951 2712 3072 2772 Gelieb¬

2440 2754 2485 2814 ter
2511 2754 2637 2814 kommen
2669 2753 2760 2813 wird,
2781 2754 2816 2814 sie
2842 2754 3024 2814 abzuholen,
3045 2754 3075 2814 sie

2448 2796 2707 2856 hinauszuführen
2752 2798 2804 2858 aus
2843 2796 2891 2856 den
2935 2796 3065 2856 Räumen

2444 2838 2484 2898 des
2520 2840 2631 2900 Elends
2667 2838 2717 2898 und
2753 2840 2799 2900 des
2835 2840 2916 2900 Leids
2947 2840 2997 2900 ins
3028 2839 3078 2899 Le¬

2444 2880 2488 2940 ben
2523 2881 2576 2941 und
2602 2881 2645 2941 ins
2670 2882 2774 2942 Glück.
2789 2882 2823 2942 Es
2853 2882 2911 2942 war
2932 2882 3069 2942 vielleicht

2444 2922 2493 2982 der
2518 2924 2637 2984 schönste
2657 2924 2834 2984 Augenblick
2855 2926 2933 2986 ihres
2954 2924 3082 2984 Lebens,

2448 2966 2492 3026 ihr
2518 2969 2613 3029 letzter
2639 2969 2765 3029 Traum.
2791 2966 2856 3026 Und
2887 2966 2937 3026 aus
2968 2966 3058 3026 diesem

2447 3009 2547 3069 Traum
2596 3011 2691 3071 wollte
2725 3011 2897 3071 Bernhardi
2927 3011 2964 3071 sie
2999 3011 3075 3071 nicht

2444 3052 2525 3112 mehr
2565 3052 2617 3112 zur
2656 3053 2840 3113 furchtbaren
2888 3052 3081 3112 Wirklichkeit

2440 3097 2584 3157 erwachen
2609 3095 2715 3155 lassen.
2730 3097 2787 3157 Das
2812 3095 2845 3155 ist
2865 3096 2932 3156 seine
2957 3097 3077 3157 Schuld!

2450 3141 2541 3201 Dieses
2571 3139 2749 3199 Verbrechen
2784 3139 2832 3199 hat
2857 3139 2885 3199 er
2910 3139 3079 3199 begangen!

2442 3181 2512 3241 Dies
2550 3182 2601 3242 und
2634 3181 2728 3241 nichts
2757 3181 2836 3241 mehr
2875 3181 2916 3241 Er
2945 3181 2991 3241 hat
3020 3181 3067 3241 den

2447 3226 2572 3286 Pfarrer
2606 3226 2741 3286 gebeten,
2770 3226 2823 3286 das
2857 3225 2939 3285 arme
2973 3226 3079 3286 Mädel

2439 3266 2530 3326 ruhig
2559 3266 2875 3326 hinüberschlummern
2914 3267 2937 3327 zu
2971 3267 3076 3327 lassen.

2442 3310 2592 3370 Gebeten.
2621 3309 2677 3369 Sie
2705 3312 2799 3372 wissen
2828 3310 2861 3370 es
2885 3310 2955 3370 alle.
2984 3311 3073 3371 Wenn

2437 3351 2466 3411 er
2486 3354 2553 3414 auch
2578 3354 2689 3414 minder
2714 3354 2810 3414 höflich
2835 3354 2956 3414 gewesen
2986 3353 3077 3413 wäre,

2445 3394 2522 3454 jeder
2570 3397 2667 3457 müßte
2715 3398 2748 3458 es
2798 3396 2845 3456 ihm
2908 3396 3077 3456 verzeihen.

2447 3437 2538 3497 Rufen
2567 3440 2620 3500 Sie
2640 3441 2683 3501 ihn
2712 3438 2823 3498 zurück,
2843 3441 2930 3501 meine
2949 3441 3079 3501 Herren,

2440 3481 2475 3541 ich
2517 3482 2672 3542 beschwöre
2709 3482 2780 3542 Sie,
2807 3484 2889 3544 rufen
2931 3483 2982 3543 Sie
3019 3485 3065 3545 ihn

2445 3525 2548 3585 zurück

2406 3577 2583 3637 Ebenwald:
2608 3575 2656 3635 Ich
2690 3575 2814 3635 erlaube
2848 3575 2901 3635 mir
2935 3577 2978 3637 die
3007 3577 3069 3637 An¬

2444 3619 2537 3679 frage,
2557 3619 2586 3679 ob
2611 3618 2685 3678 Herr
2710 3620 2857 3680 Professor
2882 3620 3069 3680 Pflugfelder

2440 3660 2496 3720 mit
2521 3662 2610 3722 seinem
2649 3662 2781 3722 Couplet
2801 3662 2829 3722 zu
2858 3662 2938 3722 Ende
2958 3663 3015 3723 ist?
3039 3663 3076 3723 Es

2442 3702 2562 3762 scheint.
2581 3703 2682 3763 Somit
2716 3703 2812 3763 meine
2836 3706 2961 3766 Herren,
2980 3708 3066 3768 gehen

2446 3748 2500 3808 wir
2523 3748 2573 3808 zur
2596 3748 2832 3808 Tagesordnung
2860 3750 2941 3810 über.

2661 3792 2823 3852 Vorhang.
