3392 4320
1807 92 1952 152 ora

1165 94 1281 154 Arthur
1325 97 1564 157 Schnitzler
1624 97 1666 157 ist
1704 96 1739 156 am

1151 133 1199 193 69.
1229 133 1446 193 Lebensjahre
1481 133 1737 193 gestorben.
1781 133 1829 193 Am
1878 133 2066 193 Vormittag

1149 170 1239 230 erlitt
1261 171 1291 231 er
1318 171 1373 231 auf
1396 170 1482 230 einem
1521 170 1746 230 Spaziergang
1777 170 1846 230 eine
1868 168 2066 228 Gehirn¬

1143 207 1338 267 blutung
1386 207 1446 267 und
1495 208 1642 268 verschied
1691 207 1760 267 nach
1808 207 2064 267 mehrstündiger

1156 246 1469 306 Bewußtlosigkeit.

1233 341 1420 401 Schnitzler,
1443 339 1537 399 dessen
1575 339 1678 399 Vater
1711 340 1790 400 Arzt
1819 342 1903 402 war,
1927 339 2071 399 widmete

1156 375 1201 435 sich
1229 378 1383 438 ebenfalls
1415 380 1552 440 zunächst
1575 377 1812 437 medizinischen
1844 377 1981 437 Studien
2013 375 2072 435 und

1153 416 1376 476 promovierte
1398 418 1432 478 an
1463 416 1514 476 der
1536 416 1664 476 Wiener
1691 413 1905 473 Universität.
1940 413 1983 473 Er
2009 412 2073 472 war

1155 455 1444 515 Regimentsarzt,
1468 453 1570 513 später
1599 453 1786 513 praktischer
1819 452 1917 512 Arzt,
1941 452 1978 512 um
2025 451 2071 511 sich

1154 494 1233 554 dann
1269 494 1455 554 vollständig
1487 491 1539 551 der
1571 491 1837 551 Schriftstellerei
1860 491 1890 551 zu
1926 491 2081 551 widmen.

1158 531 1235 591 Eine
1267 531 1371 591 seiner
1403 530 1494 590 ersten
1535 530 1712 590 Novellen,
1735 530 1921 590 „Leutnant
1949 527 2075 587 Gustl“,

1160 569 1202 629 die
1235 569 1258 629 in
1291 569 1342 629 der
1375 569 1500 629 „Neuen
1534 566 1650 626 Freien
1688 566 1808 626 Presse“
1842 566 2074 626 veröfsentlicht

1154 608 1285 668 wurde,
1309 608 1390 668 hatte
1422 606 1481 666 zur
1513 605 1631 665 Folge,
1659 605 1713 665 daß
1745 604 1840 664 gegen
1877 604 1927 664 ihn
1964 602 2068 662 wegen

1156 646 1370 706 Beleidigung
1397 644 1447 704 der
1475 646 1589 706 Armee
1617 645 1657 705 ein
1690 643 1963 703 ehrenrechtliches
1991 642 2072 702 Ver¬

1160 685 1259 745 fahren
1296 685 1483 745 eingeleitet
1507 682 1570 742 und
1598 682 1629 742 er
1657 682 1757 742 seines
1790 682 2076 742 Regimentsarzt¬

1156 724 1249 784 titels
1277 723 1328 783 für
1352 723 1496 783 verlustig
1525 721 1650 781 erklärt
1674 721 1795 781 wurde.

1217 765 1258 825 Er
1282 761 1319 821 ist
1338 760 1389 820 der
1413 762 1628 822 bedeutendste
1652 759 1825 819 Vertreter
1848 758 1900 818 der
1924 757 2068 817 typischen

1160 799 1290 859 Wiener
1314 800 1500 860 Dekadenz,
1514 798 1565 858 der
1589 797 1756 857 Dekadenz
1780 796 1868 856 einer
1892 795 1994 855 Stadt
2013 794 2068 854 und

1163 838 1244 898 einer
1285 838 1385 898 Welt,
1417 838 1480 898 die,
1508 838 1612 898 genau
1653 837 1866 897 genommen,
1894 834 1975 894 schon
2017 832 2075 892 seit

1165 879 1425 939 Jahrhunderten
1473 874 1496 934 in
1543 876 1668 936 Agonie
1706 876 1775 936 lag.
1819 875 1911 935 Diese
1949 873 2074 933 Agonie

1160 918 1273 978 äußert
1294 918 1337 978 sich
1363 915 1475 975 freilich
1501 915 1579 975 nicht
1599 915 1623 975 in
1654 915 1702 975 der
1728 915 1835 975 wilden
1866 912 2077 972 Wahnsinns¬

1441 1952 1579 2012 Arthur
1609 1950 1816 2010 Schnitzler

1172 2064 1299 2124 raserei
1320 2061 1404 2121 eines
1432 2061 1622 2121 Wedekind,
1638 2058 1718 2118 nicht
1739 2058 1765 2118 in
1797 2056 1850 2116 der
1872 2053 2094 2113 selbstzerflei¬

1176 2101 1310 2161 schenden
1343 2100 1506 2160 Grübelei
1535 2097 1623 2157 eines
1657 2094 1871 2154 Strindberg,
1895 2094 2021 2154 sondern
2058 2091 2081 2151 in

1161 2139 1223 2199 den
1257 2138 1506 2198 hauchzartesten
1536 2136 1645 2196 Tönen
1679 2133 1924 2193 verklingender
1954 2130 2092 2190 Geigen¬

1175 2179 1270 2239 musik
1293 2178 1347 2238 und
1375 2176 1584 2236 erlöschenden
1616 2173 1834 2233 Abendrotes,
1853 2169 1875 2229 in
1902 2169 1952 2229 der
1976 2166 2084 2226 müden

1177 2219 1348 2279 Schönheit
1382 2216 1535 2276 fallender
1568 2211 1721 2271 Blätter.
1749 2207 1823 2267 Von
1861 2208 1912 2268 den
1954 2204 2079 2264 gleichen

1184 2256 1286 2316 Tönen
1334 2255 1394 2315 und
1427 2252 1549 2312 Farben
1596 2249 1633 2309 ist
1671 2248 1736 2308 auch
1774 2246 1971 2306 Schnitzlers
2004 2240 2097 2300 Werk

1183 2296 1389 2356 überhaucht;
1409 2291 1488 2351 seine
1518 2289 1674 2349 Menschen
1709 2285 1802 2345 haben
1832 2282 1910 2342 nicht
1935 2281 2018 2341 mehr
2048 2278 2092 2338 die

1179 2332 1276 2392 Kraft
1295 2334 1351 2394 zur
1374 2332 1462 2392 Liebe
1487 2329 1542 2389 auf
1561 2327 1626 2387 Tod
1655 2324 1714 2384 und
1738 2322 1855 2382 Leben,
1874 2321 1999 2381 sondern
2032 2317 2092 2377 nur

1179 2372 1246 2432 noch
1285 2373 1342 2433 zur
1381 2366 1640 2426 „Liebelei“,
1679 2362 1737 2422 wie
1776 2360 1833 2420 sein
1877 2358 2093 2418 bekanntestes

1179 2408 1274 2468 Stück
1303 2411 1403 2471 heißt,
1428 2406 1480 2466 das
1514 2405 1576 2465 wir
1605 2402 1662 2462 vor
1696 2401 1772 2461 zwei
1802 2397 1926 2457 Jahren
1965 2396 2026 2456 auch
2060 2392 2088 2452 in

1181 2447 1348 2507 Chemnitz
1372 2444 1429 2504 mit
1454 2443 1592 2503 Käthe
1616 2439 1768 2499 Dorsch
1803 2437 1850 2497 als
1879 2434 1960 2494 Gast
1989 2431 2098 2491 sahen.

1186 2487 1373 2547 Schnitzlers
1402 2482 1564 2542 Menschen
1594 2480 1603 2540 —
1651 2478 1717 2538 sehr
1742 2473 1842 2533 subtil
1862 2472 2101 2532 empfindende,

1186 2524 1274 2584 kluge
1302 2525 1363 2585 und
1391 2521 1418 2581 in
1452 2521 1526 2581 allen
1559 2518 1690 2578 Dingen
1723 2515 1769 2575 des
1802 2512 1923 2572 Lebens
1956 2510 2017 2570 und
2045 2508 2096 2568 der

1185 2562 1287 2622 Kunst
1316 2560 1483 2620 erfahrene
1516 2558 1678 2618 Menschen
1716 2553 1730 2613 —
1782 2551 1879 2611 haben
1917 2549 1986 2609 auch
2019 2545 2098 2605 nicht

1184 2601 1270 2661 mehr
1299 2600 1341 2660 die
1366 2599 1461 2659 Kraft
1481 2599 1533 2659 zum
1577 2593 1772 2653 Herzschlage
1797 2588 1911 2648 großen
1946 2586 2103 2646 Gefühls,

1184 2638 1255 2698 ihre
1284 2638 1432 2698 Wünsche
1466 2635 1522 2695 und
1556 2632 1746 2692 Sehnsüchte
1780 2629 1842 2689 sind
1876 2626 2033 2686 vielmehr
2062 2623 2090 2683 in

1184 2678 1346 2738 „Agonie“
1380 2674 1557 2734 begriffen,
1581 2672 1638 2732 wie
1672 2668 1724 2728 der
1759 2665 1978 2725 bezeichnende
2012 2661 2102 2721 Titel

1185 2715 1273 2775 eines
1316 2715 1488 2775 Einakters
1540 2711 1600 2771 aus
1652 2705 1703 2765 dem
1764 2703 2095 2763 Anatol-Zyklus

1186 2753 1306 2813 lautet.
1344 2753 1413 2813 Und
1447 2751 1530 2811 wenn
1572 2748 1707 2808 wirklich
1749 2743 1818 2803 noch
1847 2741 2023 2801 Sehnsucht
2056 2738 2084 2798 im

1190 2793 1290 2853 letzten
1324 2790 1472 2850 Wunsche
1501 2787 1644 2847 flackert,
1668 2785 1691 2845 so
1721 2783 1797 2843 geht
1821 2780 1859 2840 sie
1888 2778 1959 2838 nach
1988 2778 2107 2838 unten,

1190 2829 1236 2889 die
1264 2829 1380 2889 Stufen
1414 2827 1502 2887 hinab
1535 2826 1585 2886 ins
1619 2825 1730 2885 dunkle
1759 2819 1847 2879 Reich
1875 2815 1926 2875 der
1959 2814 2103 2874 Einsam¬

1190 2865 1263 2925 keit,
1284 2868 1338 2928 wie
1363 2867 1387 2927 im
1432 2864 1683 2924 „Einsamen
1713 2858 1841 2918 Weg",
1861 2855 1984 2915 welches
2014 2854 2106 2914 Stück

1190 2908 1217 2968 in
1246 2907 1409 2967 Chemnitz
1433 2904 1489 2964 mit
1508 2902 1723 2962 Bassermann
1751 2897 1882 2957 gespielt
1906 2894 2027 2954 wurde.

1266 2954 1351 3014 Sehr
1386 2951 1567 3011 umkämpft
1601 2947 1711 3007 wurde
1745 2942 1941 3002 Schnitzlers
1981 2941 2104 3001 „Rei¬

1189 2993 1303 3053 gen“,
1323 2993 1365 3053 ein
1390 2990 1628 3050 Dialogzyklus
1658 2984 1691 3044 um
1730 2981 1964 3041 geschlechtliche
1983 2978 2107 3038 Dinge,

1192 3030 1241 3090 der
1264 3031 1319 3091 vor
1347 3030 1396 3090 dem
1433 3029 1546 3089 Kriege
1570 3028 1597 3088 in
1625 3021 1834 3081 Deutschland
1862 3019 1907 3079 als
1935 3017 2012 3077 Buch
2040 3013 2107 3073 ver¬

1194 3068 1278 3128 boten
1314 3067 1397 3127 war,
1420 3067 1485 3127 nach
1517 3064 1569 3124 dem
1614 3062 1733 3122 Kriege
1760 3055 1892 3115 indessen
1933 3054 2021 3114 sogar
2052 3052 2105 3112 auf

1195 3104 1240 3164 die
1268 3106 1381 3166 Bühne
1404 3103 1544 3163 gebracht
1568 3100 1676 3160 wurde
1704 3098 1758 3158 und
1786 3095 1835 3155 den
1863 3094 1994 3154 heftigen
2027 3091 2108 3151 Pro¬

1191 3145 1243 3205 test
1266 3145 1345 3205 aller
1368 3142 1483 3202 gesund
1510 3139 1749 3199 empfindenden
1785 3133 1944 3193 Menschen
1975 3130 2108 3190 hervor¬

1198 3182 1269 3242 rief.
1303 3181 1485 3241 Besonders
1514 3178 1762 3238 charakteristisch
1792 3170 1844 3230 für
1868 3169 1911 3229 die
1935 3169 2102 3229 Dekadenz

1196 3221 1291 3281 dieses
1325 3221 1508 3281 „Reigens“
1542 3215 1575 3275 ist
1604 3214 1651 3274 die
1681 3211 1844 3271 Tatsache,
1868 3210 1921 3270 daß
1955 3205 2031 3265 trotz
2056 3204 2108 3264 der

1191 3260 1407 3320 zehnmaligen
1455 3254 1690 3314 Abwandlung
1733 3249 1897 3309 sinnlichen
1946 3246 2105 3306 Genusses

1196 3296 1256 3356 doch
1285 3297 1364 3357 nicht
1388 3295 1429 3355 ein
1458 3295 1598 3355 einziges
1627 3290 1706 3350 Mal
1725 3287 1776 3347 von
1809 3285 2005 3345 eventuellen
2034 3281 2113 3341 Fol¬

1197 3338 1248 3398 gen
1286 3336 1332 3396 die
1360 3333 1448 3393 Rede
1477 3331 1527 3391 ist;
1561 3327 1774 3387 zeugekräftig
1812 3323 1872 3383 und
1905 3321 2100 3381 gebärwillig

1198 3374 1260 3434 sind
1279 3373 1465 3433 Schnitzlers
1489 3372 1637 3432 Dirnen,
1657 3367 1790 3427 Dandys
1819 3363 1928 3423 „Süße
1948 3360 2115 3420 Mädels“,

1202 3413 1319 3473 Grafen
1347 3412 1405 3472 und
1433 3408 1755 3468 Schauspielerinnen
1787 3403 1846 3463 nun
1878 3402 1995 3462 einmal
2019 3399 2113 3459 nicht;

1197 3451 1254 3511 das
1283 3450 1471 3510 „Annchen“
1500 3449 1557 3509 und
1592 3445 1793 3505 „Hanschen“
1823 3440 1851 3500 in
1885 3440 1962 3500 Max
1991 3438 2111 3498 Halbes

1200 3488 1372 3548 „Iugend“
1397 3485 1454 3545 sind
1478 3483 1525 3543 ihr
1550 3482 1684 3542 gerades
1708 3479 1895 3539 Gegenteil.
1929 3476 1996 3536 Der
2025 3476 2116 3536 „Rei¬

1197 3526 1273 3586 gen“
1310 3526 1391 3586 ward
1424 3525 1582 3585 übrigens
1615 3521 1682 3581 auch
1714 3518 1741 3578 in
1778 3517 1942 3577 Chemnitz
1965 3515 2118 3575 gegeben,

1196 3563 1259 3623 und
1287 3564 1368 3624 zwar
1392 3563 1418 3623 im
1455 3563 1609 3623 Sommer
1633 3560 1700 3620 1922
1724 3558 1750 3618 in
1778 3557 1864 3617 einer
1887 3554 1982 3614 höchst
2001 3554 2114 3614 primi¬

1198 3601 1281 3661 tiven
1347 3604 1555 3664 Aufführung
1617 3600 1672 3660 des
1733 3596 1914 3656 damaligen
1980 3591 2114 3651 Thalia¬

1206 3641 1384 3701 Theaters.

1280 3679 1332 3739 Ein
1367 3678 1500 3738 einziges
1534 3676 1610 3736 Mal
1630 3673 1682 3733 hat
1707 3670 1879 3730 Schnitzler
1904 3667 2119 3727 versucht,

1207 3715 1243 3775 ein
1275 3716 1503 3776 interessantes
1531 3712 1672 3772 Problem
1718 3706 1914 3766 kämpferisch
1947 3707 1973 3767 zu
2006 3706 2119 3766 gestal¬

1200 3755 1270 3815 ten,
1284 3756 1345 3816 und
1369 3754 1452 3814 zwar
1477 3753 1499 3813 im
1542 3748 1799 3808 „Professsor
1823 3745 2123 3805 Bernhardi“,

1202 3791 1254 3851 den
1290 3793 1342 3853 wir
1369 3792 1434 3852 1924
1461 3790 1483 3850 im
1527 3789 1721 3849 Chemnitzer
1748 3784 1945 3844 Opernhaus
1972 3783 1998 3843 in
2025 3784 2112 3844 einer

1200 3832 1475 3892 ausgezeichneten
1503 3826 1713 3886 Aufführung
1737 3823 1844 3883 sahen.
1877 3820 1947 3880 Der
1966 3820 2105 3880 heutigen

1205 3869 1427 3929 Generation,
1464 3865 1518 3925 der
1564 3865 1700 3925 neuen
1755 3859 1814 3919 und
1865 3856 2109 3916 wirklichen

1202 3906 1354 3966 Jugend,
1384 3906 1470 3966 hatte
1504 3901 1537 3961 er
1571 3901 1671 3961 nichts
1710 3899 1738 3959 zu
1782 3897 1891 3957 sagen;
1926 3894 2049 3954 Anatol
2084 3894 2121 3954 ist

1209 3945 1311 4005 längst
1335 3944 1390 4004 vor
1414 3944 1461 4004 ihm
1503 3939 1685 3999 gestorben,
1704 3938 1726 3998 im
1769 3936 2039 3996 Karpathenkrieg
2062 3932 2118 3992 ge¬

1213 3983 1321 4043 fallen,
1344 3984 1366 4044 in
1403 3981 1457 4041 der
1480 3979 1652 4039 Inflation
1689 3975 1883 4035 verkommen
1920 3971 1992 4031 oder
2020 3972 2115 4032 Unter

1976 4009 2024 4069 W.
2037 4011 2085 4071 B.

1212 4023 1258 4083 die
1277 4023 1427 4083 Schieber
1451 4020 1629 4080 gegangen.
