3392 4320
181 288 208 348 2

1422 286 1552 346 box
1639 292 1822 352 43/2

314 291 913 351 Schnitzler's
985 292 1223 352 Deatl

1154 840 1863 900 DOBSERVER

1246 879 1269 939 I.
1282 881 1404 941 österr.
1412 885 1563 945 behördl.
1576 902 1876 962 konzessioniertes

1195 921 1428 981 Unternehmen
1462 927 1508 987 für
1534 940 1918 1000 Zeitungs-Ausschnitte

1246 976 1391 1036 WIEN,
1423 987 1467 1047 I.,
1493 996 1784 1056 WOLLZEILE
1829 1007 1872 1067 11

1338 1034 1553 1094 TELEPHON
1585 1050 1764 1110 R-23-0-43

1133 1167 1353 1227 Ausschnitt
1376 1176 1467 1236 aus:

1397 1281 1558 1341 Neueste
1582 1257 1732 1317 Zeitung.
1756 1235 1951 1295 mebruca.

1463 1393 1486 1453 2
1512 1376 1681 1436 4.0K7

1110 1387 1231 1447 vom:

1056 1545 1221 1605 Arthur
1253 1548 1489 1608 Schnitzler,
1513 1548 1583 1608 der
1616 1548 1772 1608 Dichter
1805 1550 1985 1610 Wiens.

977 1611 1043 1671 Wer
1076 1613 1120 1673 den
1154 1618 1275 1678 Zauder
1304 1616 1348 1676 der
1381 1617 1447 1677 alken
1481 1619 1675 1679 Kaiserstadt,
1692 1621 1741 1681 den
1775 1619 1891 1679 Zauber
1919 1620 2040 1680 Wiens,
2063 1619 2107 1679 der

939 1654 1167 1714 österreichischen
1200 1658 1372 1718 Landschaft
1396 1656 1446 1716 und
1475 1658 1521 1718 des
1550 1659 1735 1719 genießerisch
1764 1661 1805 1721 sich
1834 1661 2098 1721 verschwendenden

940 1692 1051 1752 Lebens
1082 1691 1172 1751 dieses
1202 1696 1314 1756 uralten
1349 1697 1555 1757 Kulturlandes
1585 1699 1679 1759 erlebt
1706 1699 1769 1759 hat,
1809 1699 1869 1759 wer
1895 1697 1968 1757 schon
2007 1699 2114 1759 einmal

938 1733 1083 1793 bebenden
1115 1735 1242 1795 Herzens
1269 1733 1337 1793 über
1365 1735 1450 1795 soviel
1474 1736 1632 1796 Schönheit
1655 1737 1704 1797 das
1732 1738 1859 1798 zwischen
1891 1738 1977 1798 feinem
2018 1738 2113 1798 Nebel

935 1774 1149 1834 abgezeichnete
1178 1773 1271 1833 Gitter
1295 1772 1341 1832 der
1365 1775 1668 1835 Ringstraßenbäume
1692 1776 1803 1836 gesehen
1836 1778 1896 1838 hat,
1916 1776 1971 1836 wer
1995 1777 2106 1837 jubelnd

939 1811 991 1871 und
1020 1812 1134 1872 singend
1163 1813 1211 1873 auf
1231 1815 1488 1875 rosenumbuschtem
1533 1815 1623 1875 Platze
1652 1815 1776 1875 zwischen
1805 1813 1900 1873 Reben
1930 1813 2044 1873 gesessen
2068 1816 2116 1876 ist,

938 1850 1006 1910 oder
1029 1851 1078 1911 den
1106 1852 1282 1912 strahlenden
1314 1852 1473 1912 Frühling,
1491 1854 1541 1914 den
1568 1855 1763 1915 flammenden
1791 1853 1894 1913 Herbst
1917 1849 1962 1909 des
1990 1851 2107 1911 Wiener

938 1889 1061 1949 Waldes
1092 1892 1212 1952 gespürt
1239 1891 1304 1951 hat,
1327 1892 1384 1952 wer
1416 1893 1526 1953 einmal
1553 1893 1614 1953 eine
1646 1892 1694 1952 der
1726 1892 1898 1952 vornehmen
1934 1891 2026 1951 Villen
2062 1889 2110 1949 des

943 1930 1114 1990 Währinger
1138 1930 1259 1990 Cottage
1283 1930 1399 1990 betreten
1427 1931 1487 1991 hat,
1501 1932 1548 1992 der
1567 1933 1632 1993 kann
1660 1933 1720 1993 auch
1744 1932 1785 1992 die
1804 1930 2023 1990 pastellhaften,
2038 1928 2107 1988 weh¬

937 1971 1027 2031 mütig
1054 1969 1149 2029 zarten
1181 1971 1235 2031 und
1262 1970 1475 2030 träumerischen
1507 1972 1683 2032 Dichtungen
1715 1970 1823 2030 Arthur
1846 1969 2095 2029 Schnitzlers

939 2006 988 2066 der
1013 2008 1042 2068 am
1086 2008 1253 2068 Mittwoch,
1273 2010 1327 2070 fast
1352 2011 1494 2071 70jährig,
1519 2011 1568 2071 von
1603 2013 1676 2073 einem
1721 2011 1882 2071 Herzschlag
1912 2011 2113 2071 dahingerafft

937 2046 1050 2106 worden
1083 2049 1128 2109 ist,
1142 2049 1256 2109 schätzen
1284 2048 1338 2108 und
1366 2049 1471 2109 lieben.

975 2097 1215 2157 Schnitzler,
1234 2096 1286 2156 das
1316 2097 1460 2157 Prototyp
1494 2099 1570 2159 eines
1595 2094 1869 2154 Impressionisten,
1893 2094 1926 2154 ist
1951 2097 1999 2157 vor
2028 2097 2095 2157 allem

934 2133 1054 2193 Meister
1083 2136 1133 2196 der
1162 2136 1362 2196 skizzenhaften
1395 2137 1581 2197 Erzählung,
1624 2137 1674 2197 des
1707 2136 1838 2196 impulsiv
1871 2136 2103 2196 hingeworfenen

940 2175 1107 2235 Einakters,
1126 2176 1171 2236 der
1199 2175 1280 2235 locker
1308 2175 1435 2235 gefügten
1467 2177 1599 2237 Szenen.
1617 2175 1653 2235 Er
1681 2175 1753 2235 malt
1772 2175 1826 2235 mit
1849 2175 1903 2235 viel
1927 2175 2031 2235 Grazie
2058 2173 2108 2233 und

940 2217 1125 2277 Leichtigkeit,
1148 2215 1207 2275 mit
1235 2214 1365 2274 zartester
1393 2216 1511 2276 Anmut
1534 2217 1588 2277 und
1625 2216 1715 2276 etwas
1747 2214 2024 2274 Sentimentalität,
2065 2214 2105 2274 die

938 2254 1037 2314 immer
1065 2253 1168 2313 gerade
1200 2253 1259 2313 noch
1291 2252 1445 2312 rechtzeitig
1472 2254 1549 2314 durch
1581 2253 1657 2313 einen
1689 2250 1784 2310 Schuß
1812 2253 1920 2313 Ironie
1948 2252 2110 2312 geschmack¬

938 2291 996 2351 voll
1015 2293 1141 2353 erhalten
1169 2292 1255 2352 wird,
1274 2293 1327 2353 mit
1346 2294 1563 2354 exzeptioneller
1586 2294 1763 2354 sprachlicher
1786 2291 1972 2351 Virtuosität.
2008 2291 2048 2351 Er
2067 2289 2112 2349 er¬

938 2327 1014 2387 zählt
1033 2332 1087 2392 mit
1106 2331 1318 2391 träumerischer
1346 2333 1486 2393 Stimme,
1504 2333 1550 2393 der
1573 2331 1685 2391 weichen
1718 2333 1808 2393 Musik
1831 2332 1917 2392 seiner
1940 2331 2043 2391 immer
2067 2328 2111 2388 be¬

937 2372 1113 2432 zeichnenden
1141 2372 1309 2432 Adjektiva,
1323 2372 1413 2432 seiner
1432 2372 1473 2432 ins
1501 2372 1673 2432 Pianissimo
1696 2372 1914 2432 verklingenden
1942 2369 2037 2429 Verba
2060 2372 2110 2432 mit

936 2411 1052 2471 eigenem
1095 2411 1305 2471 Wohlgefallen
1334 2411 1558 2471 nachhorchend.

972 2458 1048 2518 Tod,
1068 2458 1158 2518 Leben
1187 2459 1239 2519 und
1264 2457 1350 2517 Liebe
1369 2457 1426 2517 sind
1451 2458 1493 2518 die
1513 2459 1627 2519 Worte,
1647 2460 1685 2520 die
1709 2458 1780 2518 seine
1805 2457 1958 2517 Stoffwelt
1978 2458 2001 2518 so
2025 2457 2111 2517 ziem¬

935 2497 977 2557 lich
1001 2499 1195 2559 umgrenzen,
1210 2497 1237 2557 es
1261 2497 1293 2557 ist
1307 2497 1386 2557 meist
1405 2497 1442 2557 ein
1470 2497 1614 2557 Minimum
1651 2500 1683 2560 an
1707 2498 1883 2558 Handlung,
1898 2497 1948 2557 das
1968 2494 2013 2554 für
2037 2497 2102 2557 seine

936 2537 1095 2597 Novellen,
1122 2538 1258 2598 Einakter
1285 2537 1373 2597 usw.,
1400 2536 1421 2596 in
1457 2537 1545 2597 denen
1586 2539 1687 2599 immer
1722 2536 1942 2596 wohlsituierte,
1969 2536 2110 2596 gebildete

935 2578 1035 2638 Leute,
1058 2577 1177 2637 lebens=
1204 2576 1256 2636 und
1287 2577 1525 2637 liebeshungrige
1552 2576 1666 2636 Frauen
1702 2576 1755 2636 und
1786 2575 1993 2635 leichtsinnige,
2015 2574 2103 2634 etwas

940 2617 1102 2677 zerfahrene
1125 2615 1184 2675 Don
1216 2615 1333 2675 Juans,
1352 2616 1415 2676 eher
1438 2616 1546 2676 Dulder
1570 2617 1610 2677 als
1633 2616 1759 2676 Helden,
1778 2614 1936 2674 auftreten.
1950 2615 1990 2675 Es
2014 2614 2045 2674 ist
2068 2615 2108 2675 die

935 2655 1037 2715 Furcht
1061 2655 1116 2715 vor
1141 2655 1192 2715 dem
1234 2655 1332 2715 Tode,
1351 2653 1439 2713 dessen
1472 2654 1649 2714 Symptome
1683 2654 1729 2714 der
1758 2652 1827 2712 Arzt
1856 2652 1911 2712 und
1940 2652 2107 2712 feinsinnige

934 2694 1109 2754 Psychologe
1133 2694 1223 2754 genau
1255 2692 1282 2752 zu
1310 2694 1409 2754 deuten
1437 2693 1522 2753 weiß,
1541 2692 1586 2752 die
1609 2693 1709 2753 immer
1732 2692 1840 2752 wieder
1863 2691 1886 2751 in
1913 2693 1999 2753 seinen
2026 2690 2112 2750 Wer¬

929 2733 972 2793 ken
999 2736 1145 2796 auftaucht
1167 2733 1220 2793 und
1247 2733 1286 2793 die
1308 2733 1481 2793 mindestens
1503 2733 1547 2793 die
1565 2733 1662 2793 Hälfte
1684 2733 1773 2793 seiner
1795 2730 1936 2790 Gestalten
1963 2731 2015 2791 mit
2034 2730 2108 2790 einer

934 2774 1032 2834 leisen.
1052 2775 1269 2835 träumerischen
1304 2772 1466 2832 Müdigkeit
1492 2772 1614 2832 umgibt.

972 2827 1011 2887 Zu
1041 2821 1133 2881 Zeiten
1163 2823 1197 2883 ist
1217 2823 1437 2883 Schnitzler
1458 2822 1521 2882 auch
1546 2821 1590 2881 als
1615 2820 1776 2880 Verfechter
1801 2820 1845 2880 des
1875 2820 2100 2880 österreichischen

934 2862 1114 2922 Judentums
1143 2861 1338 2921 aufgetreten,
1357 2860 1440 2920 dessen
1473 2861 1681 2921 Pariastellung
1710 2858 1737 2918 er
1761 2859 1784 2919 im
1821 2859 1909 2919 „Weg
1938 2859 1979 2919 ins
2003 2857 2100 2917 Freie“

934 2900 989 2960 und
1008 2900 1031 2960 im
1069 2901 1231 2961 „Professor
1255 2900 1437 2960 Bernhardi“
1460 2900 1665 2960 kennzeichnet,
1679 2898 1740 2958 doch
1764 2897 1791 2957 ist
1810 2897 1833 2957 er
1852 2898 1875 2958 in
1899 2897 1982 2957 diesen
2011 2897 2103 2957 beiden

928 2941 1061 3001 Werken,
1083 2941 1132 3001 wie
1154 2939 1174 2999 in
1204 2941 1291 3001 seinen
1321 2940 1441 3000 anderen
1471 2939 1592 2999 Dramen
1622 2938 1675 2998 und
1701 2938 1721 2998 in
1751 2938 1838 2998 seinem
1876 2936 1964 2996 letzten
1993 2939 2101 2999 Roman

935 2979 1093 3039 „Therese“
1116 2978 1175 3038 auch
1202 2981 1283 3041 mehr
1306 2981 1333 3041 an
1361 2979 1405 3039 der
1429 2978 1713 3038 impressionistischen
1741 2978 1931 3038 Ausführung
1954 2976 2030 3036 jeder
2054 2976 2112 3036 ein¬

934 3023 1026 3083 zelnen
1059 3019 1157 3079 Szene
1180 3020 1292 3080 hängen
1325 3020 1487 3080 geblieben,
1506 3020 1534 3080 so
1558 3019 1609 3079 daß
1637 3017 1674 3077 sie
1697 3018 1739 3078 nie
1767 3016 1795 3076 zu
1823 3015 1846 3075 so
1874 3017 2088 3077 eindringlichem

932 3058 1019 3118 Leben
1055 3057 1196 3117 erwachen
1232 3058 1280 3118 wie
1311 3058 1381 3118 seine
1408 3058 1509 3118 kleinen
1541 3058 1735 3118 Dichtungen,
1757 3054 1779 3114 in
1810 3054 1898 3114 denen
1930 3055 1960 3115 er
1983 3055 2110 3115 unüber¬

935 3097 1051 3157 trefflich
1078 3100 1125 3160 ist.

975 3146 1032 3206 Und
1061 3145 1084 3205 so
1109 3146 1142 3206 ist
1161 3145 1271 3205 Arthur
1296 3145 1535 3205 Schnitzler,
1550 3143 1597 3203 der
1621 3143 1755 3203 Wiener,
1770 3142 1856 3202 dessen
1890 3142 1966 3202 leicht
1991 3142 2110 3202 konven¬

929 3187 1034 3247 tionell
1052 3187 1180 3247 gefärbte
1207 3185 1260 3245 und
1287 3184 1344 3244 doch
1371 3184 1419 3244 von
1450 3184 1649 3244 musikalischem
1685 3184 1777 3244 Klang
1804 3182 2007 3242 durchwobene
2034 3181 2109 3241 Kon¬

935 3226 1212 3286 versationssprache
1239 3226 1283 3286 für
1305 3226 1349 3286 die
1371 3224 1459 3284 ganze
1486 3226 1658 3286 Generation
1690 3223 1720 3283 um
1760 3223 1799 3283 ihn
1831 3223 1879 3283 zum
1919 3220 2038 3280 Vorbild
2065 3218 2108 3278 ge¬

935 3266 1047 3326 worden
1085 3265 1131 3325 ist,
1150 3264 1238 3324 dessen
1271 3264 1397 3324 spielend
1426 3262 1570 3322 geführter
1599 3262 1705 3322 Dialog
1739 3260 1804 3320 noch
1833 3259 1907 3319 nicht
1931 3259 2103 3319 übertroffen

937 3308 980 3368 ist,
999 3305 1071 3365 trotz
1095 3303 1277 3363 gelegentlich
1301 3301 1469 3361 Heinescher
1494 3303 1632 3363 Einflüsse
1662 3303 1709 3363 zum
1753 3300 2002 3360 österreichischen,
2026 3296 2107 3356 besser

938 3342 986 3402 zum
1026 3344 1141 3404 Dichter
1168 3342 1268 3402 Wiens
1300 3341 1353 3401 und
1384 3339 1427 3399 der
1459 3341 1529 3401 alten
1561 3342 1728 3402 Monarchie
1760 3339 1931 3399 geworden.
1967 3337 2024 3397 Die
2051 3334 2112 3394 ent¬

941 3384 1121 3444 schwundene
1144 3381 1223 3441 Welt
1245 3381 1293 3441 der
1320 3381 1390 3441 alten
1422 3381 1687 3441 Patrizierhäuser,
1705 3378 1753 3438 der
1775 3380 1982 3440 leichtsinnigen
2014 3376 2110 3436 Adeli¬

941 3423 1006 3483 gen,
1025 3423 1068 3483 der
1095 3423 1232 3483 Literaten
1263 3420 1315 3480 und
1342 3420 1541 3480 Musikanten,
1559 3420 1602 3480 der
1629 3419 1682 3479 mit
1700 3417 1775 3477 ihrem
1815 3419 1907 3479 Glanz
1934 3417 2000 3477 alles
2027 3415 2110 3475 über¬

942 3462 1114 3522 strahlenden
1141 3460 1268 3520 Militärs
1291 3460 1344 3520 mit
1357 3460 1432 3520 ihren
1454 3460 1608 3520 Tugenden
1635 3458 1688 3518 und
1710 3458 1917 3518 Untugenden,
1932 3457 2001 3517 diese
2020 3457 2107 3517 ganze

940 3503 1014 3563 Welt
1034 3504 1157 3564 heiteren
1187 3503 1241 3563 und
1266 3503 1389 3563 üppigen
1420 3501 1578 3561 Friedens,
1593 3500 1637 3560 die
1662 3500 1701 3560 sich
1732 3500 1795 3560 noch
1820 3498 1869 3558 den
1900 3498 2027 3558 Flaneur
2053 3497 2106 3557 und

962 3608 1013 3668 das
1042 3606 1106 3666 süße
1130 3605 1236 3665 Mädel
1256 3605 1344 3665 leisten
1372 3605 1488 3665 konnte,
1507 3605 1604 3665 ersteht
1623 3604 1646 3664 in
1675 3604 1762 3664 seinen
1791 3603 1907 3663 Werken
1935 3605 1986 3665 vor
2010 3605 2121 3665 unseren

966 3647 1092 3707 Augen.

1002 3694 1094 3754 Seine
1113 3691 1308 3751 Dichiungen,
1323 3690 1364 3750 die
1388 3688 1406 3748 in
1434 3690 1508 3750 ihrer
1527 3688 1713 3748 Schilderung
1742 3691 1890 3751 reizvoller
1910 3691 2118 3751 Wirklichkeiten

960 3734 1067 3794 immer
1093 3732 1182 3792 etwas
1213 3730 1264 3790 vom
1307 3730 1435 3790 Märchen
1466 3729 1499 3789 an
1530 3729 1573 3789 sich
1599 3730 1714 3790 hatten,
1736 3731 1787 3791 sind
1817 3732 1899 3792 heute
1925 3730 1971 3790 zur
2002 3730 2126 3790 Urkunde

959 3772 1161 3832 märchenhaft
1175 3772 1285 3832 ferner,
1299 3769 1418 3829 gottvoll
1436 3769 1670 3829 unbeschwerter,
1684 3772 1728 3832 nie
1750 3770 2010 3830 wiederkehrender
2033 3769 2121 3829 Zeiten

1913 3808 1969 3868 Dr.
1985 3808 2025 3868 E.
2041 3808 2092 3868 St.

966 3814 1144 3874 geworden.
