3392 4320
133 261 267 321 12.

324 266 905 326 Schuitzler's
972 255 1200 315 Deatl

1024 697 1101 757 e

698 715 914 775 ERVE

302 750 557 810 OBS

393 801 420 861 I.
435 798 551 858 österr.
566 787 715 847 behördl.
725 771 1023 831 konzessioniertes

348 840 588 900 Unternehmen
617 827 665 887 für
689 811 1074 871 Zeitungs-Ausschnitte

406 898 552 958 WIEN,
581 894 629 954 I.,
658 877 944 937 WOLLZEILE
993 864 1034 924 11

506 944 718 1004 TELEPHON
758 926 925 986 R-23-0-43

317 1097 538 1157 Ausschnitt
563 1085 625 1145 aus

611 1118 760 1178 Bénliner
773 1089 1061 1149 Bersengeitens,
1074 1068 1130 1128 Col

604 1246 622 1306 2
653 1249 709 1309 5.
720 1251 853 1311 0KT.
873 1255 978 1315 1937

330 1324 439 1384 vom:

364 1427 425 1487 Die
454 1425 651 1485 Beisetzung
680 1415 1081 1475 Arthur=Schnitzlers.
1115 1400 1182 1460 Auf
1206 1399 1256 1459 dem

231 1470 491 1530 Zentralfriedhof
509 1463 532 1523 in
562 1458 668 1518 Wien
699 1454 792 1514 wurde
817 1449 923 1509 gestern
947 1447 1052 1507 mittag
1077 1440 1124 1500 der
1142 1434 1271 1494 Schrift¬

238 1513 325 1573 steller
354 1506 515 1566 Arthur
539 1495 788 1555 Schnitzler,
807 1490 853 1550 der
881 1487 1043 1547 vorgestern
1071 1478 1154 1538 durch
1182 1474 1261 1534 einen

238 1548 450 1608 Schlaganfall
468 1541 585 1601 plötzlich
617 1535 671 1595 aus
699 1533 743 1593 dem
785 1529 874 1589 Leben
907 1524 1023 1584 gerissen
1056 1518 1168 1578 worden
1200 1513 1276 1573 war,

236 1592 287 1652 zur
311 1586 404 1646 letzten
432 1581 515 1641 Ruhe
540 1576 674 1636 geleitet.
708 1569 763 1629 Die
787 1565 978 1625 israelitische
1002 1555 1272 1615 Kultusgemeinde

237 1629 309 1689 hatte
341 1624 390 1684 dem
432 1616 645 1676 Verstorbenen
682 1607 723 1667 ein
759 1605 932 1665 Ehrengrab
964 1598 1109 1658 gestiftet.
1151 1593 1191 1653 An
1223 1589 1277 1649 der

235 1659 620 1719 Beisetzungsfeierlichkeit
643 1649 770 1709 nahmen
802 1642 847 1702 die
875 1636 1206 1696 Familienmitglieder
1233 1624 1278 1684 so¬

242 1707 293 1767 wie
319 1703 392 1763 viele
418 1695 555 1755 Freunde
581 1691 636 1751 und
663 1685 813 1745 Verehrer
839 1679 886 1739 des
912 1675 1045 1735 Dichters
1075 1671 1143 1731 teil.
1161 1669 1169 1729 —
1217 1663 1281 1723 Der

244 1740 481 1800 preußische
514 1726 888 1786 Kultusminister
921 1717 1112 1777 Grimme
1145 1709 1205 1769 hat
1238 1703 1275 1763 an

243 1783 291 1843 den
331 1777 414 1837 Sohn
451 1772 564 1832 Arthur
600 1766 776 1826 Schnitzlers
812 1759 864 1819 das
900 1757 1036 1817 folgende
1072 1749 1283 1809 Beileidstele¬

245 1819 344 1879 gramm
386 1813 540 1873 gerichtet:
559 1806 727 1866 „Anläßlich
754 1800 804 1860 des
831 1796 1036 1856 Hinscheidens
1064 1791 1159 1851 Ihres
1182 1787 1277 1847 Herrn

250 1858 349 1918 Vaters
381 1852 490 1912 spreche
517 1848 553 1908 ich
581 1843 680 1903 Ihnen
717 1839 807 1899 meine
840 1834 1034 1894 aufrichtigste
1062 1826 1279 1886 Anteilnahme

245 1897 319 1957 aus.
355 1893 469 1953 Arthur
496 1885 654 1945 Schnitzler
681 1878 751 1938 wird
778 1875 919 1935 fortleben
950 1870 994 1930 als
1021 1867 1157 1927 Dichter,
1175 1863 1223 1923 der
1250 1860 1263 1920 —

249 1936 275 1996 in
312 1934 357 1994 der
389 1926 697 1986 Liebenswürdigkeit
725 1916 815 1976 seines
847 1912 955 1972 Spiels
983 1907 1214 1967 unübertroffen

250 1975 331 2035 einer
360 1970 537 2030 sorgloseren
571 1962 623 2022 und
652 1958 709 2018 doch
738 1957 814 2017 ihrer
844 1950 1102 2010 Fragwürdigkeit
1126 1942 1278 2002 bewußlen

252 2014 331 2074 Welt
379 2011 436 2071 mit
479 2005 568 2065 tiefer
611 1998 847 2058 psychologischen
900 1990 1084 2050 Erkenntnis
1132 1981 1289 2041 Ansdruck

264 2053 387 2113 verlieh.

412 2485 1206 2545 OBSERVER“

508 2562 532 2622 I.
542 2554 664 2614 österr.
674 2548 820 2608 behördl.
836 2531 1134 2591 konzessioniertes

462 2598 698 2658 Unternehmen
728 2587 771 2647 für
797 2574 1185 2634 Zeitungs-Ausschnitte

515 2657 671 2717 WIEN,
695 2653 746 2713 I.,
770 2640 1055 2700 WOLLZEILE
1101 2628 1145 2688 11

618 2701 836 2761 TELEPHON
867 2689 1044 2749 R-23-0-43

429 2856 654 2916 Ausschnitt
682 2846 766 2906 aus:

535 2921 840 2981 Oberösterreich.
850 2933 1099 2993 Morgenblett,
1109 2933 1182 2993 Linb

750 3041 770 3101 2
804 3045 848 3105 5.
871 3050 1001 3110 OKT.
1013 3057 1110 3117 1937

443 3085 547 3145 vom:

433 3229 548 3289 pe
567 3219 750 3279 dunigen
785 3204 884 3264 Mer
920 3193 1069 3253 asten
1104 3184 1170 3244 dund
1205 3178 1220 3238 v
1256 3172 1371 3232 Aler
1390 3165 1405 3225 e

308 3286 464 3346 Freitag
495 3275 620 3335 mittags
651 3265 680 3325 in
711 3257 852 3317 schlichter
882 3247 978 3307 Weise
1002 3239 1090 3299 statt,
1106 3233 1150 3293 Im
1188 3225 1291 3285 Laufe
1315 3218 1366 3278 des
1397 3209 1478 3269 Vor¬

343 3334 475 3394 mittags
511 3323 622 3383 fanden
657 3315 706 3375 sich
749 3308 776 3368 im
818 3300 923 3360 Hause
944 3287 1132 3347 Schnitzlers
1168 3274 1258 3334 Karl
1294 3259 1489 3319 Schönherr,

344 3383 456 3443 Franz
480 3373 615 3433 Werfel,
639 3359 767 3419 Richard
798 3344 1070 3404 Beer=Hoffmann
1101 3327 1162 3387 und
1193 3319 1313 3379 andere
1337 3309 1487 3369 Freunde

345 3432 397 3492 der
424 3425 563 3485 Familie
590 3415 655 3475 ein.
676 3407 821 3467 Mittags
848 3394 961 3454 wurde
988 3386 1040 3446 der
1067 3379 1153 3439 Sarg
1187 3370 1239 3430 auf
1266 3367 1319 3427 den
1352 3356 1497 3416 Leichen¬

348 3476 480 3536 fourgon
516 3465 655 3525 gestellt,
684 3452 864 3512 geschmückt
886 3441 949 3501 mit
978 3436 1026 3496 dem
1069 3426 1200 3486 Kranze
1229 3417 1284 3477 des
1313 3405 1501 3465 Burgthea¬

352 3528 435 3588 ters.
450 3523 498 3583 Es
519 3514 637 3574 folgten
665 3505 713 3565 die
736 3497 923 3557 Mitglieder
944 3485 999 3545 der
1021 3477 1160 3537 Familie
1189 3467 1244 3527 und
1279 3460 1320 3520 die
1349 3453 1494 3513 Freunde

359 3576 409 3636 des
438 3567 596 3627 Dichters.
619 3557 683 3617 Der
720 3546 870 3606 Kondukt
907 3533 1043 3593 bewegte
1080 3523 1137 3583 sich
1174 3516 1266 3576 durch
1303 3508 1353 3568 die
1375 3498 1497 3558 Stern¬

364 3619 563 3679 wartestraße
588 3610 643 3670 zum
684 3590 995 3650 Zentralfriedhofe,
1012 3578 1051 3638 wo
1084 3571 1139 3631 der
1164 3565 1251 3625 Sarg
1276 3559 1307 3619 in
1332 3552 1387 3612 der
1412 3545 1499 3605 Zere¬

362 3666 581 3726 monienhalle
604 3650 801 3710 aufgebahrt
824 3637 952 3697 wurde.
976 3627 1058 3687 Nach
1090 3620 1134 3680 den
1173 3602 1498 3662 Trauerzeremonien

371 3717 503 3777 erfolgte
527 3709 605 3769 dann
645 3700 691 3760 die
715 3691 894 3751 Beisetzung
934 3680 965 3740 in
997 3674 1051 3734 dem
1107 3666 1160 3726 von
1200 3660 1254 3720 der
1294 3647 1496 3707 israelitischen

378 3764 659 3824 Kultusgemeinde
687 3743 895 3803 gewidmeten
924 3725 1150 3785 Ehrengrabe.

1430 246 1553 306 box
1633 243 1865 303 43/25

1912 753 2626 813 OBSERVER

1997 798 2022 858 I.
2036 798 2156 858 österr.
2170 807 2316 867 behördl.
2329 817 2626 877 konzessioniertes

1949 841 2186 901 Unternehmen
2213 846 2263 906 für
2286 858 2669 918 Zeitungs-Ausschnitte

2002 898 2150 958 WIEN,
2178 907 2225 967 I.,
2253 915 2530 975 WOLLZEILE
2578 922 2618 982 11

2095 955 2314 1015 TELEPHON
2347 967 2517 1027 R-23-0-43

1899 1091 2105 1151 Auschnit
2141 1117 2346 1177 ausirpge
2382 1160 2604 1220 Aur.

1890 1312 1994 1372 vom:
2111 1306 2129 1366 2
2168 1310 2215 1370 5.
2235 1315 2360 1375 0KT.
2380 1318 2475 1378 1937

1970 1440 2011 1500 h
2249 1440 2264 1500 u
2406 1446 2621 1506 n.

2091 1509 2209 1569 Artur
2247 1514 2475 1574 Schnitzler.

1822 1566 1889 1626 Das
1929 1569 2105 1629 Präsidium
2162 1571 2212 1631 des
2265 1575 2621 1635 Journalisten=
2673 1575 2757 1635 und

1784 1620 2369 1680 Schriftstellervereines
2441 1625 2759 1685 „Concordia"

1780 1667 1958 1727 vereinigte
1985 1666 2033 1726 sich
2072 1669 2104 1729 am
2153 1669 2239 1729 Tage
2272 1670 2325 1730 der
2358 1673 2563 1733 Beerdigung
2596 1675 2627 1735 zu
2666 1673 2757 1733 einer

1777 1716 2015 1776 Trauersitzung
2073 1718 2131 1778 für
2211 1721 2274 1781 sein
2333 1721 2592 1781 Ehrenmitglied
2651 1721 2756 1781 Artur

1782 1766 2046 1826 Schnitzler.
2077 1766 2139 1826 Bei
2177 1767 2281 1827 diesem
2331 1771 2466 1831 Anlasse
2504 1773 2614 1833 führte
2652 1772 2762 1832 Präsi¬

1780 1811 1855 1871 dent
1885 1813 2105 1873 Lipschütz
2130 1816 2164 1876 u.
2188 1816 2222 1876 a.
2246 1816 2326 1876 aus:

1826 1861 1923 1921 Artur
1955 1864 2126 1924 Schnitzler
2164 1866 2230 1926 war
2262 1867 2427 1927 eigentlich
2458 1869 2568 1929 immer
2600 1869 2660 1929 da,
2686 1870 2752 1930 auch

1786 1909 1835 1969 für
1863 1912 1945 1972 uns,
1968 1912 2022 1972 für
2051 1914 2100 1974 die
2129 1915 2277 1975 Alteren.
2322 1918 2415 1978 Denn
2450 1918 2532 1978 schon
2571 1919 2592 1979 in
2632 1919 2753 1979 jungen

1780 1960 1920 2020 Jahren,
1947 1961 1979 2021 da
2017 1961 2141 2021 andere
2174 1964 2243 2024 noch
2282 1965 2308 2025 im
2358 1966 2492 2026 Kampfe
2525 1966 2578 2026 der
2611 1968 2756 2028 Materie

1778 2008 1898 2068 liegen,
1926 2009 1992 2069 war
2026 2009 2058 2069 er
2086 2013 2240 2073 Meister,
2263 2014 2317 2074 der
2345 2017 2521 2077 spielerisch
2555 2015 2604 2075 die
2638 2016 2758 2076 schwie¬

1780 2055 1882 2115 rigsten
1921 2058 2093 2118 Probleme
2121 2063 2326 2123 bewältigte.
2348 2062 2391 2122 Er
2418 2064 2564 2124 brauchte
2592 2064 2672 2124 nicht
2700 2064 2759 2124 erst

1782 2111 1808 2171 zu
1851 2107 1982 2167 lernen,
2009 2107 2040 2167 er
2078 2109 2147 2169 war
2184 2110 2236 2170 der
2275 2112 2427 2172 geborene
2470 2113 2618 2173 Könner.
2671 2115 2750 2175 Sein

1778 2155 1990 2215 universeller
2026 2155 2114 2215 Geist
2150 2159 2296 2219 umfaßte
2338 2159 2397 2219 alle
2433 2162 2597 2222 Epochen,
2645 2163 2756 2223 schritt

1778 2205 1867 2265 durch
1902 2207 1958 2267 alle
1987 2208 2274 2268 Himmelsstriche.
2297 2208 2342 2268 Er
2376 2209 2444 2269 war
2472 2212 2585 2272 daheim
2631 2211 2658 2271 in
2698 2211 2754 2271 der

1778 2252 2004 2312 wunderlichen
2049 2258 2319 2318 Gelehrtenstube
2359 2256 2413 2316 des
2454 2261 2646 2321 Paracelsus
2691 2261 2751 2321 und

1781 2302 1804 2362 in
1853 2302 1912 2362 der
1955 2303 2225 2363 Artistenschenke
2267 2306 2321 2366 der
2370 2306 2567 2366 Jakobiner,
2610 2310 2639 2370 in
2694 2309 2748 2369 den

1784 2351 2020 2411 Prunkräumen
2059 2353 2114 2413 von
2154 2354 2368 2414 Schönbrunn
2408 2356 2474 2416 und
2508 2357 2529 2417 in
2568 2355 2623 2415 den
2656 2356 2755 2416 Dach¬

1781 2402 1911 2462 stübchen
1945 2401 2064 2461 kleiner
2093 2402 2223 2462 Wiener
2252 2405 2451 2465 Midinetts.
2474 2407 2570 2467 Jedes
2605 2408 2757 2468 Ereignis

1778 2449 1914 2509 drängte
1956 2450 2002 2510 ihn
2044 2452 2103 2512 zur
2134 2452 2347 2512 Gestaltung.
2377 2453 2424 2513 Er
2460 2455 2589 2515 schürfte
2626 2455 2655 2515 in
2697 2454 2750 2514 den

1778 2498 2015 2558 verborgensten
2050 2500 2154 2560 Tiefen
2189 2500 2240 2560 der
2270 2503 2380 2563 Seele,
2398 2503 2467 2563 auch
2496 2505 2542 2565 die
2566 2506 2750 2566 geheimsten

1776 2548 1952 2608 Regungen
1991 2548 2118 2608 wurden
2163 2551 2212 2611 ihm
2256 2551 2405 2611 offenbar
2439 2551 2499 2611 und
2538 2553 2604 2613 was
2637 2554 2670 2614 er
2704 2553 2758 2613 ge¬

1781 2597 1919 2657 funden,
1943 2599 2075 2659 schenkte
2105 2599 2138 2659 er
2168 2602 2248 2662 uns,
2272 2602 2369 2662 heiter
2405 2602 2560 2662 lächelnd,
2584 2602 2612 2662 in
2653 2602 2739 2662 einem

1778 2646 1976 2706 glänzenden
2026 2646 2147 2706 Apereu
2192 2649 2269 2709 oder
2308 2648 2369 2708 mit
2408 2648 2523 2708 ernster
2563 2650 2678 2710 Miene
2718 2652 2745 2712 in

1772 2695 2037 2755 philosophischer
2072 2698 2309 2758 Betrachtung.
2333 2697 2413 2757 Aber
2449 2700 2494 2760 die
2529 2701 2754 2761 Angelpunkte

1777 2745 1877 2805 seines
1909 2745 2078 2805 Schaffens
2116 2748 2221 2808 waren
2253 2748 2301 2808 die
2333 2748 2459 2808 Erotik,
2486 2748 2534 2808 die
2561 2750 2618 2810 das
2656 2750 2750 2810 Leben

1779 2793 1803 2853 in
1846 2793 1895 2853 die
1926 2796 2018 2856 Welt
2044 2797 2136 2857 ruft,
2167 2798 2228 2858 und
2266 2799 2321 2859 der
2352 2797 2438 2857 Tod,
2470 2800 2524 2860 der
2556 2799 2617 2859 das
2655 2799 2746 2859 Leben

1773 2841 1926 2901 beendet.

1824 2893 1858 2953 Zu
1900 2891 2024 2951 Beginn
2073 2893 2127 2953 der
2170 2895 2266 2955 letzten
2316 2896 2446 2956 Sitzung
2482 2895 2536 2955 der
2571 2896 2764 2956 Gesell¬

1778 2942 1913 3002 schaft
1942 2942 2014 3002 der
2049 2945 2195 3005 Arzte
2229 2945 2257 3005 in
2297 2945 2387 3005 Wien
2427 2945 2505 3005 hielt
2540 2947 2754 3007 Sektionsrat

1773 2991 1836 3051 Dr.
1863 2991 2048 3051 Müller
2108 2993 2165 3053 vom
2220 2993 2606 3053 Volksgesundheitsamt
2661 2993 2750 3053 einen

1771 3038 1911 3098 Nachruf
1944 3038 2004 3098 auf
2042 3041 2144 3101 Artur
2184 3043 2373 3103 Schnitzler.
2401 3042 2443 3102 Er
2482 3044 2535 3104 hob
2580 3044 2606 3104 in
2650 3044 2752 3104 seiner

1777 3086 1856 3146 Rede
1893 3088 2031 3148 hervor,
2084 3089 2141 3149 daß
2184 3091 2236 3151 bei
2270 3091 2443 3151 Schnitzler
2481 3091 2539 3151 der
2576 3092 2660 3152 Arzt
2693 3094 2745 3154 den

1774 3136 1898 3196 Dichter
1931 3137 1995 3197 und
2033 3136 2086 3196 der
2119 3139 2248 3199 Dichter
2281 3141 2335 3201 den
2378 3141 2459 3201 Arzt
2486 3142 2653 3202 gefördert
2686 3142 2755 3202 hat.

1774 3184 1868 3244 Wenn
1912 3185 1985 3245 auch
2028 3187 2133 3247 Artur
2171 3190 2345 3250 Schnitzler
2383 3188 2408 3248 in
2451 3190 2557 3250 seinen
2605 3190 2747 3250 späteren

1760 3235 2008 3295 Lebensjahren
2067 3236 2124 3296 der
2165 3238 2333 3298 ärztlichen
2374 3239 2570 3299 Betätigung
2617 3241 2756 3301 entrückt

1772 3285 1854 3345 war,
1884 3285 1914 3345 so
1950 3284 2002 3344 hat
2038 3282 2092 3342 der
2128 3288 2216 3348 Arzt
2246 3287 2328 3347 seine
2365 3288 2554 3348 dichterische
2590 3288 2755 3348 Tätigkeit

1772 3333 1845 3393 aufs
1879 3332 1976 3392 tiefste
2010 3335 2214 3395 beeinflußt.
2237 3336 2305 3396 Mit
2340 3336 2442 3396 Artur
2476 3336 2646 3396 Schnitzler
2687 3337 2754 3397 ver¬

1772 3381 1846 3441 liert
1876 3382 1945 3442 auch
1980 3381 2031 3441 die
2061 3384 2193 3444 Wiener
2228 3387 2424 3447 Arzteschaft
2460 3389 2540 3449 eines
2575 3387 2667 3447 ihrer
2696 3385 2754 3445 be¬

1771 3431 1972 3491 deutendsten
2009 3435 2221 3495 Mitglieder.

1819 3477 1880 3537 Wie
1920 3480 1971 3540 der
2011 3482 2163 3542 Amtliche
2203 3482 2389 3542 Preußische
2430 3485 2644 3545 Pressedienst
2679 3482 2751 3542 mit¬

1769 3530 1858 3590 teilt,
1880 3529 1932 3589 hat
1959 3530 2012 3590 der
2039 3530 2218 3590 preußische
2251 3533 2520 3593 Kultusminister
2547 3535 2747 3595 Grimme

1771 3581 1802 3641 an
1834 3579 1887 3639 den
1919 3578 2008 3638 Sohn
2040 3580 2145 3640 Artur
2167 3581 2356 3641 Schnitzlers
2383 3581 2425 3641 ein
2457 3584 2620 3644 herzliches
2653 3584 2752 3644 Bei¬

1771 3629 2174 3689 leidstelegramm
2229 3629 2391 3689 gerichtet.

1811 3674 1869 3734 Die
1896 3676 2228 3736 italienischen
2261 3679 2456 3739 Blätter
2478 3679 2609 3739 widmen
2641 3679 2746 3739 Artur

1771 3724 1956 3784 Schnitzlers
1998 3722 2095 3782 Leben
2147 3725 2208 3785 und
2245 3727 2373 3787 Werken
2420 3727 2636 3787 ausführliche
2683 3727 2739 3787 und

1774 3772 2064 3832 wohlinformierte
2102 3775 2265 3835 Aufsätze,
2298 3775 2350 3835 die
2387 3776 2503 3836 immer
2541 3775 2656 3835 wieder
2694 3775 2746 3835 be¬

1770 3823 1886 3883 tonen,
1903 3823 1958 3883 daß
1986 3823 2036 3883 der
2058 3826 2296 3886 österreichische
2324 3824 2446 3884 Dichter
2469 3826 2535 3886 auch
2563 3828 2591 3888 in
2619 3828 2740 3888 Italien

1766 3871 1851 3931 seine
1886 3870 1976 3930 treue
2010 3873 2187 3933 Gemeinde
2221 3873 2326 3933 hatte.
