3392 4320
1461 241 1593 301 box
1673 240 1908 300 43/25

180 261 293 321 12.
352 263 949 323 Schnitzler's
1017 251 1247 311 Deatl

1078 966 1145 1026 e

803 966 962 1026 RVE

349 972 607 1032 S

434 1025 460 1085 I.
482 1025 599 1085 österr.
615 1028 759 1088 behördl.
781 1028 1067 1088 konzessioniertes

403 1070 631 1130 Unternehmen
659 1069 706 1129 für
727 1070 1093 1130 Zeitungs-Ausschnitte

449 1127 598 1187 WIEN,
620 1132 662 1192 I.,
684 1130 970 1190 WOLLZEILE
1014 1133 1055 1193 11

538 1181 756 1241 TELEPHON
790 1183 964 1243 R-23-0-43

339 1321 562 1381 Ausschnitt
588 1321 651 1381 aus

401 1421 479 1481 Der
533 1425 648 1485 Tag,
693 1428 843 1488 Wien,

336 1547 444 1607 vom:
562 1542 913 1602 64.10.1931.

271 1785 449 1845 das
555 1793 1570 1853 Leichenbegaagnis

886 1975 1257 2035 Nelhar
1341 1987 1975 2047 Schnihters.

443 2079 542 2139 Das
588 2082 800 2142 geistige
846 2084 990 2144 Wien
1058 2084 1114 2144 am
1183 2089 1360 2149 Grabe
1406 2093 1495 2153 des
1541 2097 1797 2157 Dichters.

291 2143 410 2203 Arthur
444 2147 688 2207 Schnitzler
716 2150 801 2210 hatte
829 2148 881 2208 sich
928 2148 960 2208 in
994 2150 1093 2210 seinen
1174 2152 1226 2212 Zu
1260 2154 1325 2214 spät
1353 2154 1418 2214 war
1445 2157 1578 2217 bekannt
1605 2159 1790 2219 geworden,
1830 2163 1883 2223 daß
1936 2163 1982 2223 die

245 2187 448 2247 letztwilligen
505 2190 736 2250 Verfugungen
811 2195 894 2255 jeden
957 2195 1092 2255 äußeren
1133 2198 1273 2258 Familie
1308 2199 1375 2259 auch
1415 2200 1493 2260 keine
1522 2202 1799 2262 Blumenspenden
1839 2205 1991 2265 wunsche.

251 2232 363 2292 Prunk
392 2231 442 2291 bei
470 2230 520 2290 der
556 2233 758 2293 Leichenfeier
809 2236 973 2296 verbeten.
1018 2236 1097 2296 Was
1132 2237 1227 2297 Denn
1261 2240 1340 2300 schon
1380 2243 1447 2303 war
1476 2244 1543 2304 eine
1572 2246 1701 2306 Unzahl
1747 2249 1797 2309 von
1837 2249 1978 2309 Kränzen

249 2273 276 2333 er
310 2276 392 2336 nicht
420 2275 574 2335 verbieten
614 2278 740 2338 konnte,
763 2280 850 2340 war,
873 2279 928 2339 daß
967 2282 1093 2342 dennoch

1133 2285 1193 2345 und
1243 2285 1380 2345 Blumen
1442 2288 1662 2348 eingetroffen,
1724 2291 1883 2351 darunter
1934 2291 1977 2351 ein

248 2318 299 2378 das
328 2319 426 2379 ganze
473 2319 599 2379 geistige
622 2322 714 2382 Wien
767 2324 795 2384 in
847 2325 945 2385 stiller
974 2324 1094 2384 Trauer
1130 2328 1303 2388 mächtiger
1332 2330 1476 2390 Kranz
1522 2332 1579 2392 des
1626 2335 1977 2395 Burgtheaters

246 2360 349 2420 hinter
378 2363 475 2423 seinem
517 2363 620 2423 Sarge
643 2365 764 2425 schritt,
799 2366 827 2426 so
856 2368 908 2428 daß
943 2368 994 2428 der
1018 2368 1098 2428 letzte
1133 2369 1196 2429 mit
1219 2373 1270 2433 der
1300 2372 1461 2432 Inschrift
1502 2377 1593 2437 „Das
1628 2377 1841 2437 Burgtheater
1870 2378 1962 2438 seinem

233 2403 306 2463 Weg
341 2406 472 2466 Arthur
501 2409 695 2469 Schnitzlers
729 2411 791 2471 erst
821 2411 843 2471 so
878 2413 963 2473 recht
992 2414 1099 2474 zeigte,

1133 2414 1242 2474 großen
1277 2415 1426 2475 Dichter"
1479 2417 1536 2477 und
1571 2419 1610 2479 ein
1646 2423 1864 2483 telegraphisch
1916 2422 1979 2482 aus

247 2446 316 2506 was
349 2449 445 2509 dieser
478 2449 601 2509 Dichter
656 2451 710 2511 für
743 2452 828 2512 Wien
888 2453 952 2513 und
990 2455 1097 2515 Öster=
1126 2458 1437 2518 Kopenhagen
1476 2460 1621 2520 bestellter
1649 2463 1756 2523 Kranz
1783 2466 1847 2526 mit
1891 2465 1987 2525 blau¬

247 2491 316 2551 reich
355 2492 484 2552 gewesen
528 2495 576 2555 ist.
599 2496 680 2556 Auch
713 2495 766 2555 das
799 2497 972 2557 herbstliche
1005 2497 1091 2557 Wien

1129 2502 1233 2562 gelber
1276 2503 1417 2563 Schleife
1467 2504 1528 2564 mit
1571 2504 1626 2564 der
1676 2509 1841 2569 Inschrift
1891 2511 1982 2571 „Alte

247 2533 331 2593 schien
374 2536 437 2596 mit
464 2536 554 2596 einem
623 2540 940 2600 sonndurchglänzten
983 2542 1093 2602 blauen

1135 2545 1275 2605 Freunde
1304 2547 1365 2607 aus
1400 2547 1643 2607 Kopenhagen."
1677 2551 1756 2611 Auch
1791 2551 1858 2611 eine
1887 2554 1976 2614 ganze

239 2578 383 2638 Himmel
414 2579 470 2639 von
502 2581 558 2641 dem
605 2578 729 2638 Dichter
781 2584 894 2644 gerade
925 2584 951 2644 in
1008 2584 1095 2644 jenen

1126 2590 1249 2650 Anzahl
1298 2590 1434 2650 kleiner,
1499 2592 1570 2652 aber
1636 2596 1824 2656 anmutigen
1879 2596 1978 2656 letzter

242 2623 434 2683 Stimmung
462 2623 605 2683 Abschied
649 2624 782 2684 nehmen
815 2627 842 2687 zu
876 2628 1008 2688 wollen,
1047 2629 1096 2689 die
1130 2632 1372 2692 Blumengrüße
1422 2634 1521 2694 decken
1593 2636 1648 2696 das
1703 2639 1852 2699 Fußende

239 2666 414 2726 eiegentlich
449 2666 534 2726 durch
563 2665 625 2725 alle
655 2666 734 2726 seine
763 2670 871 2730 Werke
900 2672 1059 2732 schwebte.

1133 2674 1273 2734 Sarges,
1297 2676 1336 2736 an
1376 2676 1427 2736 dem
1478 2678 1545 2738 auch
1586 2679 1630 2739 ein
1671 2682 1834 2742 machtiger
1875 2685 1976 2745 Kranz

282 2714 330 2774 Im
380 2709 710 2769 Trauerhause
760 2712 845 2772 stand
877 2712 925 2772 der
981 2715 1097 2775 rohge=
1129 2718 1214 2778 roter
1246 2718 1343 2778 Rosen
1381 2720 1484 2780 lehnt,
1503 2723 1558 2783 der
1589 2727 1895 2787 unbekannterweise
1926 2727 1981 2787 ge¬

244 2754 401 2814 zimmerte
431 2754 584 2814 Holzsarg
641 2756 668 2816 im
720 2757 986 2817 Arbeitszimmer
1044 2758 1094 2818 des

1132 2763 1252 2823 spendet
1281 2763 1400 2823 wurde.

240 2796 384 2856 Dichters
434 2796 495 2856 und
545 2798 583 2858 um
646 2799 700 2859 den
751 2799 839 2859 Sarg
890 2802 983 2862 herum
1051 2802 1100 2862 die

1172 2808 1215 2868 In
1245 2805 1296 2865 dem
1342 2808 1422 2868 sonst
1445 2807 1466 2867 so
1490 2807 1585 2867 stillen
1616 2811 1689 2871 Teil
1713 2811 1756 2871 des
1786 2814 1978 2874 Währinger

239 2840 601 2900 Familienmitglieder,
639 2839 693 2899 der
715 2841 806 2901 Sohn
856 2845 909 2905 des
937 2846 1077 2906 Dichters

1126 2848 1255 2908 Cottage
1280 2849 1314 2909 ist
1339 2851 1379 2911 ein
1403 2852 1491 2912 stetes
1515 2852 1663 2912 Kommen
1693 2855 1751 2915 und
1776 2856 1899 2916 Gehen.
1917 2855 1975 2915 Die

235 2881 377 2941 Heinrich
411 2882 598 2942 Schnitzler,
621 2882 670 2942 der
698 2884 825 2944 Bruder
853 2887 902 2947 des
931 2888 1096 2948 Dichters,
1119 2892 1394 2952 Straßenbahnen
1472 2896 1599 2956 mußten
1677 2898 1842 2958 besondere
1893 2898 1980 2958 Vor¬

239 2924 315 2984 seine
342 2927 475 2987 nachsten
512 2924 677 2984 Freunde,
719 2929 873 2989 darunter
926 2932 1002 2992 viele
1034 2930 1095 2990 Ge¬

1122 2936 1293 2996 kehrungen
1323 2938 1428 2998 treffen
1465 2939 1523 2999 und
1554 2941 1606 3001 das
1631 2942 1801 3002 zuständige
1831 2942 1972 3002 Postamt

240 2969 356 3029 sichter,
378 2970 422 3030 die
445 2970 494 3030 die
523 2972 683 3032 Literatur
706 2972 889 3032 Österreichs
917 2975 1089 3035 schlechthir

1126 2978 1206 3038 hatte
1235 2981 1316 3041 einen
1351 2981 1478 3041 Zustrom
1519 2981 1571 3041 von
1600 2984 1964 3044 Beileidstelegrammen

235 3014 404 3074 bedeuten.
420 3013 497 3073 Auch
524 3013 580 3073 dag
611 3017 822 3077 Burgtheater
848 3019 900 3079 von
931 3020 1008 3080 einst
1029 3020 1085 3080 und

1122 3023 1186 3083 aus
1216 3023 1295 3083 allen
1333 3026 1564 3086 Weltgegenden
1609 3029 1637 3089 zu
1674 3032 1848 3092 bewäligen
1906 3030 1971 3090 und

235 3057 323 3117 heute
347 3058 430 3118 hatte
460 3058 536 3118 seine
561 3058 720 3118 Vertreter
762 3062 796 3122 an
827 3062 868 3122 die
892 3064 1004 3124 Bahre
1028 3063 1092 3123 ent¬

1125 3067 1321 3127 zuzustellen.

237 3104 350 3164 sandt.

1168 3112 1285 3172 Einige
1313 3115 1458 3175 Mintuen
1496 3115 1549 3175 vor
1579 3117 1650 3177 halb
1678 3118 1714 3178 12
1742 3118 1805 3178 Uhr
1861 3118 1969 3178 wurde

2169 473 2241 533 teich
2272 473 2526 533 geboig...

2180 515 2337 575 Situation
2393 510 2474 570 wird
2525 509 2612 569 durch
2668 506 2719 566 den
2780 505 2876 565 neuen
2918 500 3029 560 Kredit

2182 557 2342 617 immerhin
2374 554 2503 614 fühlbar
2530 551 2706 611 verbessert.
2727 546 2929 606 Allerdings,
2945 545 3022 605 ganz

2178 598 2227 658 neu
2263 601 2297 661 ist
2317 598 2366 658 der
2397 597 2510 657 Kredit
2531 592 2625 652 nicht.
2650 589 2724 649 Man
2759 588 2843 648 hatte
2868 586 2927 646 uns
2953 586 3031 646 diese

2189 646 2284 706 sechzig
2311 641 2481 701 Millionen
2518 634 2666 694 Schilling
2693 632 2810 692 bereits
2842 631 2958 691 einmal
2985 628 3032 688 ge¬

2185 688 2291 748 borgt,
2308 685 2376 745 aber
2404 682 2462 742 wir
2484 681 2584 741 waren
2617 677 2798 737 veranlaßt,
2809 673 2947 733 worden,
2969 670 3043 730 trotz

2185 730 2309 790 unserer
2346 727 2429 787 Nöte
2461 724 2517 784 das
2554 722 2632 782 Geld
2664 716 2934 776 zurückzuzahlen,
2965 715 3038 775 weil

2190 774 2219 834 es
2244 772 2297 832 den
2322 770 2479 830 anderen,
2499 765 2714 825 insbesondere
2734 760 2788 820 den
2818 759 3038 819 Engländern,

2184 814 2253 874 auch
2280 813 2359 873 nicht
2376 813 2428 873 zum
2466 810 2556 870 besten
2588 806 2667 866 geht.
2684 805 2747 865 Nun
2780 802 2837 862 sind
2865 801 2912 861 die
2934 801 3034 861 Fran¬

2191 859 2266 919 zosen
2303 855 2566 915 eingesprungen,
2619 848 2679 908 und
2715 845 2776 905 wir
2802 843 2938 903 erhalten
2980 843 3035 903 aus

2198 903 2291 963 Paris
2323 900 2380 960 das
2412 897 2573 957 geliehen,
2616 892 2683 952 was
2720 889 2783 949 wir
2815 888 2882 948 nach
2919 885 3038 945 London

2198 944 2388 1004 zurückgeben
2429 940 2573 1000 mußten.
2621 935 2723 995 Unter
2759 932 2882 992 welchen
2924 928 3042 988 Bedin¬

2196 988 2314 1048 gungen
2346 986 2407 1046 man
2439 983 2495 1043 uns
2521 980 2572 1040 das
2599 978 2670 1038 Geld
2697 977 2799 1037 borgt,
2815 974 2871 1034 wie
2893 972 2954 1032 hoch
2986 971 3042 1031 wir

2195 1031 2220 1091 es
2247 1031 2277 1091 zu
2304 1025 2455 1085 verzinsen
2486 1022 2580 1082 haben
2612 1019 2752 1079 werden,
2768 1016 2846 1076 weiß
2877 1015 2945 1075 man
2977 1013 3044 1073 noch

2203 1075 2298 1135 nicht.
2316 1070 2412 1130 Billig
2446 1066 2520 1126 wird
2548 1065 2599 1125 der
2623 1062 2735 1122 Kredit
2758 1058 2854 1118 gewiß
2888 1058 2962 1118 nicht
2985 1055 3041 1115 sein

2203 1118 2263 1178 und
2291 1115 2368 1175 seine
2397 1112 2534 1172 Laufzeit
2557 1106 2667 1166 scheint
2695 1105 2773 1165 nicht
2796 1100 2883 1160 mehr
2912 1100 2956 1160 als
2984 1099 3050 1159 drei

2203 1160 2336 1220 Monate
2368 1157 2394 1217 zu
2426 1154 2591 1214 betragen.
2612 1150 2681 1210 Das
2714 1146 2851 1206 bedeutet
2878 1143 2936 1203 mit
2958 1142 3053 1202 ande¬

2203 1201 2250 1261 ren
2288 1199 2435 1259 Worten:
2463 1198 2488 1258 im
2537 1194 2668 1254 Jänner
2695 1190 2827 1250 beginnt
2854 1187 2906 1247 der
2933 1187 3054 1247 Kampf

2206 1240 2239 1300 um
2289 1243 2332 1303 die
2361 1242 2531 1302 Belassung
2565 1236 2614 1296 der
2643 1231 2957 1291 Währungskredite,
3002 1227 3051 1287 die

2208 1288 2382 1348 insgesamt
2425 1284 2482 1344 250
2515 1279 2683 1339 Millionen
2737 1275 2947 1335 ausmachen,
2990 1270 3048 1330 von

2207 1333 2333 1393 neuem.
2354 1330 2409 1390 Als
2440 1326 2638 1386 konsolidiert
2664 1319 2739 1379 kann
2770 1318 2841 1378 man
2877 1315 2968 1375 unter
2999 1312 3059 1372 die¬

2210 1378 2253 1438 sen
2293 1372 2479 1432 Umständen
2518 1371 2561 1431 die
2595 1367 2671 1427 Lage
2700 1362 2891 1422 Österreichs
2920 1357 3051 1417 wirklich

2207 1419 2286 1479 nicht
2314 1414 2510 1474 bezeichnen,
2553 1410 2627 1470 aber
2655 1407 2712 1467 wir
2745 1404 2856 1464 müssen
2894 1401 2952 1461 uns
2985 1399 3053 1459 eben

2212 1461 2308 1521 damit
2336 1458 2466 1518 trösten,
2494 1454 2547 1514 daß
2581 1452 2607 1512 es
2641 1450 2770 1510 anderen
2809 1446 2879 1506 noch
2906 1443 3063 1503 schlechter

2212 1507 2298 1567 geht.
2320 1503 2385 1563 Die
2418 1500 2602 1560 allgemeine
2630 1491 2841 1551 Unsicherheit
2874 1489 2933 1549 und
2966 1485 3058 1545 dieses

2213 1549 2382 1609 gespannte
2409 1544 2467 1604 und
2489 1539 2653 1599 ängstliche
2675 1535 2801 1595 Warten
2829 1532 2886 1592 auf
2908 1532 2977 1592 das,
2999 1527 3061 1587 was

2212 1593 2267 1653 der
2295 1590 2405 1650 nächste
2439 1585 2499 1645 Tag
2533 1584 2655 1644 bringt,
2677 1579 2788 1639 äußert
2816 1577 2865 1637 sich
2899 1572 3059 1632 besonders

2219 1635 2292 1695 stark
2317 1632 2347 1692 in
2378 1630 2428 1690 den
2484 1628 2643 1688 schwachen
2681 1621 2841 1681 Ländern.
2878 1617 2940 1677 Ein
2971 1614 3069 1674 Wirt¬

2220 1678 2420 1738 schaftssystem
2463 1673 2565 1733 kracht
2587 1669 2614 1729 in
2643 1665 2718 1725 allon
2753 1653 2856 1713 Auan
2899 1644 2960 1704 i¬

2276 1949 2640 2009 E

2357 2013 2388 2073 I.
2413 2007 2524 2067 österr.
2541 1992 2684 2052 behördl.
2701 1971 2980 2031 konzessioniertes

2336 2049 2560 2109 Unternehmen
2595 2032 2635 2092 für
2653 2010 3018 2070 Zeitungs-Ausschnitte

2387 2106 2537 2166 WIEN,
2558 2097 2607 2157 I,
2619 2079 2899 2139 WOLLZEILE
2940 2064 2979 2124 11

2480 2150 2690 2210 TELEPHON
2727 2128 2901 2188 R-23-0-43

2294 2309 2520 2369 Ausschnitt
2531 2292 2601 2352 aus

2393 2389 2516 2449 Iag.
2552 2377 2676 2437 Wien

2271 2393 2314 2453 pe

2531 2484 2870 2544 24.10.1951.

2311 2538 2419 2598 vom:

2270 3015 2360 3075 swaft
2373 3014 2418 3074 istr
2433 3012 2500 3072 bloß
2513 3008 2558 3068 ein
2583 3005 2698 3065 Mittel
2711 3003 2767 3063 zum
2805 2999 2919 3059 Zweck,
2931 2998 2989 3058 und
3014 2994 3105 3054 dieser

2269 3058 2366 3118 Zweck
2384 3055 2418 3115 ist
2441 3052 2487 3112 die
2510 3048 2821 3108 Aufrechterhaltung
2845 3044 2896 3104 der
2920 3041 3028 3101 Macht
3052 3037 3103 3097 und

2257 3100 2308 3160 der
2338 3098 2500 3158 Geschäfte
2553 3094 2599 3154 des
2634 3087 2901 3147 Agrarklüngles.
2942 3085 3017 3145 Für
3064 3081 3115 3141 die

2260 3144 2485 3204 wirkliche
2519 3136 2711 3196 Bauernnot
2762 3133 2857 3193 haben
2898 3128 2942 3188 die
2977 3126 3112 3186 Städter

2267 3189 2324 3249 sehr
2354 3187 2417 3247 viel
2447 3182 2672 3242 Verständnis,
2696 3180 2765 3240 aber
2789 3175 2840 3235 für
2870 3173 2916 3233 die
2946 3169 3125 3229 Agrarnot,

2265 3232 2310 3292 die
2339 3232 2428 3292 darin
2463 3228 2592 3288 besteht,
2615 3224 2671 3284 daß
2706 3221 2751 3281 die
2780 3218 3044 3278 Bauernführer,
3068 3214 3112 3274 die

2266 3277 2423 3337 jahrelang
2459 3272 2526 3332 ihre
2555 3267 2724 3327 Anhänger
2759 3263 2804 3323 zum
2856 3259 2974 3319 Narren
3015 3258 3121 3318 gehal¬

2266 3321 2309 3381 ten
2342 3320 2457 3380 haben,
2477 3317 2533 3377 nun
2566 3314 2642 3374 nicht
2662 3310 2744 3370 mehr
2764 3308 2821 3368 aus
2847 3305 2910 3365 und
2930 3303 2975 3363 ein
3001 3303 3121 3363 wissen,

2269 3371 2324 3431 gar
2347 3364 2464 3424 keines.

2308 3465 2377 3525 Von
2409 3461 2528 3521 Arthur
2561 3457 2730 3517 Schnitzler
2776 3453 2856 3513 weiß
2902 3449 2964 3509 das
3016 3446 3121 3506 offi¬

2266 3511 2407 3571 zielle
2437 3505 2607 3565 Osterreich
2643 3499 2754 3559 nichts.
2802 3494 2860 3554 Als
2896 3494 2942 3554 der
2978 3491 3118 3551 Dichter,

2265 3553 2454 3613 würdigster
2487 3547 2719 3607 Repräsentant
2763 3538 2855 3598 besten
2899 3535 3121 3595 Österreicher¬

2266 3599 2371 3659 tums,
2393 3596 2504 3656 gestern
2531 3591 2679 3651 begraben
2711 3586 2833 3646 wurde,
2849 3583 2917 3643 war
2939 3580 2986 3640 der
3013 3575 3118 3635 Prä¬

2264 3649 2419 3709 sident
2465 3641 2544 3701 der
2583 3635 2818 3695 Republik
2871 3629 2949 3689 nicht
3002 3625 3118 3685 einmal
