3296 4384
161 376 284 436 12.
344 381 844 441 Schnitzler
913 372 941 432 s
1009 370 1249 430 Death

912 1981 1048 2041 Grazer
1077 1972 1284 2032 Tagblatt.

938 2073 978 2133 3
1011 2063 1115 2123 NOV

417 2157 497 2217 Aus
525 2159 623 2219 Gram
678 2160 767 2220 über
804 2161 866 2221 den
903 2166 974 2226 Tod
1002 2166 1208 2226 Schuitzlers
1245 2169 1306 2229 hat
1344 2168 1369 2228 in
1407 2170 1531 2230 Groß¬

354 2204 497 2264 Kanisza
533 2202 578 2262 ein
614 2205 781 2265 Fräulein
816 2205 919 2265 Irmä
956 2208 1134 2268 Nägol,
1152 2209 1203 2269 die
1227 2210 1261 2270 zu
1297 2211 1348 2271 dem
1395 2214 1527 2274 Dichter

348 2247 373 2307 in
420 2247 761 2307 freundschaftlichen
803 2247 1050 2307 Beziehungen
1097 2250 1210 2310 stand,
1247 2253 1345 2313 einen
1392 2256 1531 2316 Selbst¬

350 2289 586 2349 mordversuch
623 2291 716 2351 durch
753 2292 938 2352 Vergiften
975 2295 1269 2355 unternommen.
1317 2300 1383 2360 Die
1415 2304 1527 2364 Dame

352 2334 480 2394 konnte
506 2334 658 2394 gerettet
683 2334 844 2394 werden.

740 2863 994 2923 ONE

644 3009 724 3069 Or.
732 3005 862 3065 coper
913 2997 950 3057 Mn
988 2992 1050 3052 Pre
1075 2988 1200 3048 Peranal
1226 2982 1269 3042 n

643 3048 806 3108 iniscences
829 3040 855 3100 of
877 3038 926 3098 the
948 3032 1085 3092 Viennese
1112 3029 1235 3089 noveljt
1257 3021 1310 3081 and

651 3089 838 3149 playwright,
853 3080 959 3140 Arthur
980 3073 1163 3133 Schnitzlor,
1174 3069 1183 3129 i
1225 3066 1234 3126 a
1260 3064 1315 3124 talk

649 3136 677 3196 at
703 3132 752 3192 the
783 3125 899 3185 Roerich
925 3118 1053 3178 Museum
1096 3112 1221 3172 tonight
1246 3106 1275 3166 at
1305 3102 1317 3162 8

649 3172 773 3232 o'dock.
803 3163 969 3223 Schitzler's
991 3157 1044 3217 last
1062 3155 1153 3215 book,
1166 3148 1316 3208 published

653 3218 716 3278 ony
751 3212 763 3272 a
795 3210 841 3270 few
885 3203 955 3263 days
983 3199 1062 3259 after
1089 3196 1136 3256 his
1168 3191 1274 3251 death,
1298 3188 1321 3248 is

663 3254 773 3314 ight
810 3241 1245 3301 IntoDarknesS(Soy
1297 3231 1311 3291 &

637 3299 824 3359 LSotruster)

1461 358 1589 418 box
1665 359 1853 419 44/4

2402 458 2527 518 en
2621 467 2948 527 ltng

2618 581 2636 641 0

2209 694 2317 754 Nr.
2334 694 2458 754 258.
2521 695 2685 755 Erstes
2717 695 2942 755 Beiblatt

2486 963 2786 1023 Sterbelei

2359 1038 2467 1098 Von
2495 1041 2619 1101 Stefan
2653 1040 2859 1100 Großmann

2270 1106 2314 1166 Am
2354 1109 2492 1169 Sonntag
2522 1112 2571 1172 hat
2596 1112 2635 1172 sich
2665 1112 2684 1172 in
2714 1112 2862 1172 Budapest
2883 1112 2926 1172 die
2951 1112 3069 1172 Tochter

2211 1160 2292 1220 eines
2364 1160 2628 1220 hauptstädtischen
2701 1162 3071 1222 Mittelschulprofessors,

2216 1208 2360 1268 Fräulein
2389 1208 2472 1268 Irma
2501 1211 2612 1271 Nagel,
2627 1208 2841 1268 umzubringen
2870 1211 3009 1271 versucht.
3028 1210 3065 1270 In

2216 1258 2295 1318 einem
2333 1256 2570 1316 Abschiedsbrief
2589 1259 2710 1319 erklärte
2734 1259 2785 1319 sie,
2800 1259 2878 1319 nach
2907 1259 3069 1319 Arthur

2225 1309 2471 1369 Schnitzlers
2527 1306 2606 1366 Tod
2668 1306 2793 1366 wolle
2844 1309 2904 1369 sie
2960 1309 3070 1369 nicht

2215 1357 2520 1417 weiterleben.
2563 1356 2606 1416 Es
2640 1357 2758 1417 gelang,
2792 1357 2835 1417 die
2864 1357 3069 1417 Selbstmord¬

2220 1405 2402 1465 versucherin
2432 1407 2459 1467 zu
2493 1405 2600 1465 retten.

2278 1468 2342 1528 Das
2381 1469 2473 1529 junge
2506 1468 2674 1528 Mädchen,
2702 1468 2750 1528 dem
2805 1468 2848 1528 die
2887 1468 2968 1528 Welt
3007 1469 3071 1529 nach

2218 1518 2395 1578 Schnitzlers
2420 1517 2498 1577 Ende
2524 1515 2597 1575 keine
2622 1515 2691 1575 Lust
2711 1515 2784 1575 mehr
2810 1518 2927 1578 machte,
2948 1519 2977 1579 ist
3002 1518 3075 1578 nicht

2221 1569 2270 1629 vom
2325 1569 2427 1629 Film,
2463 1568 2541 1628 nicht
2581 1566 2639 1626 vom
2694 1569 2836 1629 Theater,
2877 1569 2906 1629 es
2950 1569 2984 1629 ist
3029 1569 3068 1629 ein

2221 1617 2383 1677 anonymes
2417 1617 2623 1677 Bürgerkind,
2648 1617 2705 1677 und
2734 1617 2791 1677 also
2825 1617 2897 1677 nicht
2921 1620 3074 1680 anzuneh¬

2221 1668 2300 1728 men,
2321 1668 2371 1728 daß
2407 1666 2466 1726 hier
2497 1665 2537 1725 ein
2572 1665 2869 1725 Reklamebedürfnis
2900 1668 2954 1728 auf
2975 1668 3055 1728 einem

2224 1715 2310 1775 etwas
2339 1715 2592 1775 ungewöhnlichen
2622 1716 2707 1776 Wege
2732 1715 2932 1775 durchbrechen
2962 1716 3076 1776 wollte.

2222 1766 2281 1826 Wie
2312 1766 2377 1826 aber
2408 1766 2473 1826 kann
2509 1766 2569 1826 man
2605 1766 2650 1826 sich
2675 1766 2826 1826 erklären,
2847 1766 2897 1826 daß
2928 1766 2967 1826 ein
2998 1769 3073 1829 acht¬

2224 1817 2431 1877 zehnjähriges
2458 1816 2569 1876 Mädel
2591 1816 2696 1876 Schluß
2734 1817 2840 1877 machen
2872 1817 2989 1877 wollte,
3010 1817 3079 1877 weil

2223 1867 2263 1927 ein
2292 1865 2368 1925 alter
2391 1866 2507 1926 Dichter
2531 1867 2559 1927 in
2589 1868 2635 1928 der
2659 1868 2868 1928 benachbarten
2897 1868 3076 1928 Hauptstadt

2220 1916 2370 1976 gestorben
2405 1916 2457 1976 ist?

2285 1975 2319 2035 Am
2360 1978 2475 2038 besten,
2493 1978 2557 2038 man
2592 1981 2736 2041 versucht,
2754 1980 2800 2040 den
2836 1981 3066 2041 merkwürdigen

2222 2026 2347 2086 Vorfall
2368 2026 2423 2086 mit
2449 2029 2620 2089 Schnitzlers
2652 2029 2944 2089 Analysiermethode
2970 2032 3000 2092 zu
3030 2029 3075 2089 be¬

2218 2077 2343 2137 greifen.
2389 2075 2459 2135 Alle
2495 2077 2776 2137 Schnitzlerfiguren
2822 2077 2912 2137 haben
2958 2080 3073 2140 Todes¬

2218 2128 2348 2188 launen,
2370 2125 2419 2185 von
2455 2125 2506 2185 der
2537 2125 2668 2185 Liebelei
2694 2125 2739 2185 der
2770 2128 2916 2188 Christine
2942 2128 2987 2188 bis
3018 2129 3073 2189 zur

2222 2175 2379 2235 Sterbelei
2395 2175 2445 2235 des
2466 2175 2613 2235 Fräulein
2639 2175 2704 2235 Else
2721 2175 2735 2235 —
2776 2175 2878 2235 immer
2904 2175 3010 2235 wieder
3031 2179 3076 2239 lag

2221 2226 2270 2286 den
2295 2224 2383 2284 süßen
2414 2223 2467 2283 und
2497 2223 2615 2283 bitteren
2645 2223 2763 2283 Mädeln
2793 2225 2832 2285 die
2857 2226 2960 2286 Flucht
2980 2226 3004 2286 in
3030 2226 3073 2286 die

2221 2274 2391 2334 Finsternis
2413 2274 2438 2334 im
2475 2273 2584 2333 Blute.
2605 2274 2874 2334 Schicksalsschläge
2895 2274 3071 2334 erwiderten

2217 2325 2266 2385 die
2291 2325 2379 2385 reifen
2414 2325 2552 2385 Männer
2577 2325 2754 2385 Schnitzlers
2784 2324 2838 2384 mit
2868 2325 3080 2385 Resignation,

2224 2375 2297 2435 seine
2323 2374 2431 2434 jungen
2466 2372 2584 2432 Frauen
2624 2371 2692 2431 aber
2722 2372 2840 2432 spielten
2880 2372 2988 2432 schnell
3013 2371 3081 2431 ent¬

2228 2423 2351 2483 schlossen
2393 2421 2531 2481 Schicksal
2568 2420 2640 2480 über
2671 2420 2717 2480 sich
2754 2420 2856 2480 selbst.
2893 2423 2985 2483 Wenn
3027 2420 3073 2480 die

2227 2471 2340 2531 Wiener
2380 2471 2513 2531 darüber
2548 2471 2720 2531 nachdenken
2765 2471 2902 2531 wollten,
2932 2469 2991 2529 wie
3026 2471 3070 2531 ein

2222 2522 2369 2582 Denkmal
2386 2519 2433 2579 für
2449 2519 2602 2579 Schnitzler
2629 2519 2766 2579 aussehen
2794 2519 2888 2579 sollte,
2905 2519 2930 2579 so
2952 2519 3068 2579 müßten

2228 2573 2263 2633 sie
2285 2573 2336 2633 aus
2362 2570 2454 2630 seinen
2481 2570 2661 2630 Dichtungen
2688 2570 2713 2630 zu
2745 2570 2790 2630 dem
2828 2569 2987 2629 plastischen
3019 2569 3075 2629 Ge¬

2224 2620 2332 2680 danken
2369 2620 2513 2680 kommen,
2540 2620 2586 2680 die
2613 2620 2705 2680 Figur
2743 2620 2820 2680 eines
2851 2620 2970 2680 zarten,
2997 2618 3063 2678 kaum

2233 2671 2388 2731 gereiften,
2407 2669 2454 2729 zum
2491 2669 2569 2729 Tode
2587 2671 2737 2731 geneigten
2762 2668 2923 2728 Mädchens
2948 2668 2996 2728 auf
3020 2671 3068 2731 sein

2231 2722 2310 2782 Grab
2343 2722 2369 2782 zu
2402 2719 2519 2779 stellen.

2294 2777 2359 2837 Wie
2389 2778 2459 2838 aber
2490 2776 2501 2836 —
2555 2778 2596 2838 ist
2620 2779 2691 2839 denn
2727 2779 2780 2839 der
2804 2779 2875 2839 Weg
2906 2776 2958 2836 vom
3006 2777 3082 2837 Buch

2233 2829 2285 2889 zum
2329 2823 2444 2883 Leben,
2463 2823 2516 2883 von
2550 2820 2603 2880 der
2632 2820 2776 2880 Dichtung
2810 2822 2862 2882 zur
2892 2820 3073 2880 Realisation

2239 2873 2263 2933 so
2294 2868 2384 2928 kurz?
2440 2865 2505 2925 Das
2546 2865 2712 2925 ungarische
2748 2865 2909 2925 Mädchen,
2935 2865 2990 2925 das
3025 2865 3080 2925 mit

2238 2913 2395 2973 Schnitzler
2420 2913 2568 2973 weggehen
2603 2910 2712 2970 wollte,
2727 2910 2847 2970 stammt
2866 2908 2924 2968 aus
2948 2910 2996 2970 dem
3039 2908 3082 2968 ge¬

2236 2958 2361 3018 bildeten
2417 2955 2638 3015 Bürgerstand,
2684 2955 2739 3015 aus
2785 2954 2870 3014 jener
2916 2955 3076 3015 tragischen

2238 3003 2553 3063 Mittelstandsklasse,
2578 3000 2622 3060 die
2662 3000 2726 3060 nach
2766 2997 2815 3057 dem
2869 2997 2977 3057 Kriege
3017 2996 3080 3056 auf¬

2240 3048 2369 3108 gerieben
2398 3044 2455 3104 und
2485 3044 2504 3104 in
2533 3044 2614 3104 Wien
2643 3041 2695 3101 wie
2715 3041 2739 3101 in
2768 3041 2922 3101 Budapest
2941 3041 2994 3101 fast
3014 3038 3085 3098 aus¬

2235 3092 2359 3152 gelöscht
2383 3089 2503 3149 wurde.
2542 3088 2719 3148 Schnitzler,
2738 3086 2814 3146 ohne
2839 3086 2872 3146 es
2902 3086 2930 3146 zu
2964 3083 3088 3143 wollen,

2227 3137 2282 3197 nur
2316 3134 2385 3194 weil
2414 3134 2441 3194 er
2470 3134 2502 3194 es
2535 3131 2647 3191 fühlte,
2671 3131 2731 3191 war
2764 3131 2810 3191 der
2839 3129 2955 3189 Dichter
2988 3128 3081 3188 dieser

2238 3179 2401 3239 sterbenden
2439 3176 2673 3236 Donaukultur,
2702 3174 2777 3234 seine
2810 3173 2941 3233 Figuren
2979 3171 3077 3231 waren

2235 3224 2380 3284 Modelle,
2404 3221 2436 3281 er
2470 3221 2521 3281 gab
2555 3219 2606 3279 den
2644 3218 2889 3278 melancholischen
2927 3215 3082 3275 Männern

2235 3266 2289 3326 das
2314 3265 2442 3325 Vorbild
2467 3265 2516 3325 für
2542 3262 2620 3322 ihren
2650 3259 2788 3319 einsamen
2819 3259 2907 3319 Weg,
2927 3260 2951 3320 er
2977 3257 3080 3317 schrieb

2238 3311 2285 3371 den
2314 3310 2420 3370 jungen
2449 3307 2588 3367 Mädchen
2622 3306 2670 3366 des
2699 3304 2920 3364 Bürgertums,
2939 3304 2982 3364 die
3007 3301 3083 3361 keine

2233 3355 2381 3415 Zukunft,
2415 3352 2563 3412 höchstens
2607 3349 2649 3409 ein
2698 3349 2812 3409 bißchen
2861 3345 3085 3405 Gegenwarts¬

2241 3400 2355 3460 schwips
2385 3397 2533 3457 erlebten,
2557 3394 2605 3454 den
2634 3394 2706 3454 Weg
2745 3391 2768 3451 in
2812 3390 2854 3450 die
2893 3388 3079 3448 Verklärung

2234 3445 2309 3505 vor.
2351 3441 2486 3501 Goethes
2524 3439 2659 3499 Werther
2697 3436 2800 3496 konnte
2837 3435 2879 3495 sich
2917 3433 3075 3493 umdrehen

2235 3487 2290 3547 und
2328 3486 2374 3546 den
2413 3480 2783 3540 Selbstmordkandidaten
2821 3478 2909 3538 seiner
2943 3477 3008 3537 Zeit
3036 3476 3087 3536 zu¬

2238 3531 2343 3591 rufen:
2372 3529 2448 3589 „Sei
2478 3528 2515 3588 ein
2554 3525 2649 3585 Mann
2693 3523 2750 3583 und
2794 3522 2870 3582 folge
2909 3520 2965 3580 mir
3009 3519 3085 3579 nicht

2235 3575 2332 3635 nach!“
2385 3571 2530 3631 Fräulein
2563 3569 2647 3629 Elses
2676 3567 2778 3627 müdes
2807 3564 2985 3624 Stimmchen
3023 3564 3083 3624 war

2239 3626 2270 3686 zu
2303 3619 2435 3679 schwach,
2457 3617 2494 3677 um
2547 3615 2626 3675 ihren
2669 3611 2934 3671 Nachfolgerinnen
2977 3607 3083 3667 irgend

2241 3666 2332 3726 etwas
2361 3661 2545 3721 zuzurufen.

2295 3722 2372 3782 Aber
2403 3722 2496 3782 wegen
2532 3719 2609 3779 eines
2646 3716 2702 3776 fast
2728 3716 2965 3776 siebzigjährigen
3002 3710 3089 3770 Dich¬

2233 3770 2321 3830 ters?
2345 3767 2405 3827 Das
2433 3767 2466 3827 ist
2490 3764 2545 3824 nun
2574 3762 2625 3822 das
2653 3758 2915 3818 Merkwürdigste:
2930 3755 3088 3815 Schnitzler

2234 3812 2336 3872 wurde
2370 3810 2430 3870 erst
2463 3808 2485 3868 in
2519 3806 2607 3866 seinen
2640 3802 2816 3862 Nekrologen
2849 3801 2951 3861 siebzig
2980 3797 3091 3857 Jahre.

2235 3861 2270 3921 In
2312 3856 2361 3916 den
2393 3851 2571 3911 Phantasien
2603 3847 2694 3907 seiner
2721 3844 2799 3904 Leser
2831 3842 2880 3902 und
2913 3842 3085 3902 Leserinnen

2235 3900 2295 3960 war
2319 3899 2342 3959 er
2366 3897 2412 3957 der
2436 3896 2506 3956 ewig
2534 3894 2637 3954 junge,
2652 3887 2984 3947 jugendschwermütige
3008 3884 3087 3944 Dich¬

2235 3943 2282 4003 ter
2307 3942 2359 4002 mit
2383 3940 2431 4000 der
2455 3936 2579 3996 blonden
2613 3933 2790 3993 Stirnlocke.
2805 3930 2943 3990 Solange
2968 3928 3092 3988 Schnitz¬

2240 3987 2279 4047 ler
2309 3985 2396 4045 lebte,
2417 3982 2500 4042 schien
2535 3979 2559 4039 er
2584 3979 2672 4039 jung.
2712 3975 2780 4035 Erst
2805 3973 2849 4033 der
2879 3973 2933 4033 Tod
2963 3971 3016 4031 hat
3041 3970 3085 4030 ihn

2240 4030 2372 4090 jählings
2397 4027 2466 4087 weiß
2496 4023 2633 4083 gemacht.
2663 4020 2712 4080 Ist
2732 4018 2781 4078 das
2811 4015 2859 4075 kein
2890 4013 3091 4073 Selbstmord¬

2241 4072 2348 4132 motiv:
2381 4070 2446 4130 Das
2488 4066 2632 4126 plötzliche
2675 4061 2777 4121 Altern
2824 4060 2903 4120 eines
2941 4057 3085 4117 geliebten

2244 4117 2415 4177 Menschen?
2461 4111 2526 4171 Und
2557 4108 2687 4168 wieviele
2713 4105 2803 4165 junge
2835 4102 2970 4162 Mädchen
3001 4099 3091 4159 dieser

2243 4158 2405 4218 sterbenden
2443 4153 2629 4213 Donauwelt
2658 4149 2745 4209 haben
2779 4148 2844 4208 bloß
2877 4146 2997 4206 einen
3035 4140 3090 4200 Ge¬

2241 4203 2371 4263 liebten:
2392 4199 2442 4259 den
2477 4197 2608 4257 Dichter,
2634 4196 2679 4256 den
2720 4193 2754 4253 sie
2780 4191 2850 4251 lesen
2891 4191 2946 4251 und
2977 4188 3027 4248 der
3063 4185 3087 4245 in

2254 4257 2326 4317 uan
2354 4252 2443 4312 aadlen
2466 4251 2498 4311 a
