3392 4320
164 339 188 399 2

1416 336 1539 396 box
1619 336 1851 396 43/12

313 342 887 402 Schnitzler's
958 340 1190 400 Death

1111 1324 1832 1384 DOBSERVER

1201 1381 1227 1441 I.
1240 1379 1362 1439 österr.
1371 1381 1518 1441 behördl.
1536 1381 1835 1441 konzessioniertes

1160 1419 1394 1479 Unternehmen
1426 1419 1469 1479 für
1496 1422 1882 1482 Zeitungs-Ausschnitte

1219 1477 1358 1537 WIEN,
1386 1483 1432 1543 I.,
1459 1482 1740 1542 WOLLZEILE
1787 1483 1833 1543 11

1311 1533 1525 1593 TELEPHON
1557 1533 1729 1593 R-23-0-43

1024 1643 1163 1703 Extrait
1193 1643 1227 1703 du
1263 1642 1441 1702 Journal:

1030 1748 1203 1808 Adresse:

1284 1778 1445 1838 furcher
1471 1753 1732 1813 illustrierte.
1758 1724 1881 1784 Zuricn

1039 1850 1169 1910 Date:

1415 1870 1474 1930 SA
1514 1858 1891 1918 ULUBREIS

1076 3204 1197 3264 Arthur
1216 3202 1413 3262 Schnitzler,
1432 3201 1473 3261 der
1493 3199 1688 3259 berühmteste
1708 3194 1852 3254 Vertreter
1872 3195 1927 3255 und
1951 3193 2072 3253 Schilde¬

1076 3244 1121 3304 rer
1139 3244 1189 3304 des
1207 3243 1448 3303 Vorkriegswien,
1471 3241 1502 3301 ist
1521 3238 1648 3298 70jährig
1667 3235 1834 3295 gestorben.
1857 3233 2020 3293 Wienerisch
2048 3232 2066 3292 in

1080 3283 1168 3343 Motiv
1189 3279 1241 3339 und
1265 3279 1560 3339 Atmosphäre/waren
1581 3276 1633 3336 rast
1653 3276 1697 3336 alle
1718 3274 1790 3334 seine
1811 3273 1923 3333 Werke,
1936 3273 2073 3333 angefan-

1076 3326 1123 3386 gen
1153 3321 1205 3381 von
1235 3318 1325 3378 seinem
1365 3319 1446 3379 ersten
1472 3315 1675 3375 dramatischen
1701 3313 1800 3373 Werk,
1822 3313 1869 3373 der
1886 3312 2071 3372 Dialogfolge

1083 3363 1236 3423 «Anatol=,
1252 3359 1318 3419 über
1339 3357 1409 3417 seine
1429 3357 1534 3417 vielen,
1547 3357 1794 3417 zart-ironischen,
1810 3354 1979 3414 skeptischen
2003 3350 2073 3410 Dra-

1081 3402 1143 3462 men
1168 3401 1213 3461 wie
1230 3399 1408 3459 «Liebelei»,
1421 3397 1579 3457 «Reigen»,
1596 3396 1666 3456 «Der
1679 3395 1766 3455 grüne
1783 3393 1932 3453 Kakadu»,
1949 3392 2073 3452 «Leben-

1081 3444 1143 3504 dige
1160 3440 1322 3500 Stunden»,
1339 3439 1492 3499 «Komödie
1514 3435 1555 3495 der
1572 3435 1701 3495 Worte»,
1718 3432 1871 3492 «Professor
1884 3432 2059 3492 Bernhardi-

1080 3482 1123 3542 bis
1147 3480 1174 3540 zu
1201 3481 1291 3541 seiner
1315 3478 1518 3538 meisterhaften
1546 3473 1718 3533 Altersprosa
1746 3473 1890 3533 «Fräulein
1914 3469 1988 3529 Else»
2016 3470 2070 3530 und

1083 3522 1360 3582 «Traumnovelle».
1368 3517 1423 3577 Das
1435 3515 1514 3575 letzte
1534 3515 1605 3575 Werk
1625 3515 1672 3575 des
1685 3514 1751 3574 alten
1772 3513 1902 3573 Mannes,
1914 3510 1957 3570 der
1974 3509 1993 3569 in
2013 3509 2060 3569 dem

1080 3563 1170 3623 neuen
1198 3560 1295 3620 Wien,
1315 3560 1366 3620 das
1390 3559 1476 3619 nichts
1500 3556 1582 3616 mehr
1606 3556 1660 3616 von
1688 3555 1829 3615 sorglosem
1869 3551 2072 3611 Lebensgenuß

1082 3605 1168 3665 weiß,
1188 3601 1434 3661 fremdgeworden
1464 3599 1536 3659 war,
1556 3599 1637 3659 heißt
1662 3596 1772 3656 «Flucht
1797 3595 1816 3655 in
1850 3593 1888 3653 die
1908 3592 2077 3652 Finsternis-
