3344 4384
608 1309 727 1369 WIEN,
746 1310 877 1370 onsdag.

199 1360 270 1420 T.T.
309 1357 425 1417 Arthur
453 1357 625 1417 Schnitzler
653 1354 736 1414 avled
770 1354 824 1414 här
858 1354 896 1414 vid

163 1405 280 1465 7-tiden
313 1402 345 1462 på
378 1401 649 1461 onsdagsaftonen.
687 1398 728 1458 Dä
761 1396 901 1456 författa-

163 1447 210 1507 ren
243 1449 276 1509 på
305 1444 546 1504 eftermiddagen
579 1441 749 1501 ätervände
778 1441 838 1501 från
877 1440 904 1500 en

167 1492 329 1552 promenad
390 1489 566 1549 drabbades
595 1486 645 1546 han
679 1486 716 1546 av
744 1483 911 1543 slaganfall

163 1533 214 1593 och
242 1536 326 1596 avled
354 1533 423 1593 utan
452 1533 493 1593 att
512 1533 549 1593 ha
573 1530 703 1590 âterfâtt
722 1529 903 1589 medvetan¬

203 1659 260 1719 Den
301 1659 335 1719 15
371 1659 434 1719 maj
464 1656 550 1716 nästa
586 1656 620 1716 år
650 1653 754 1713 skulle
789 1650 904 1710 Arthur

168 1707 338 1767 Schnitzler
370 1705 442 1765 fyllt
469 1703 572 1763 sjuttio
604 1701 655 1761 àr,
677 1701 728 1761 och
765 1698 795 1758 de
828 1698 910 1758 stora

171 1754 321 1814 teatrarna
347 1749 361 1809 i
382 1750 462 1810 Wien
493 1749 568 1809 hade
599 1748 684 1808 redan
714 1748 820 1808 börjat
840 1745 905 1805 för-

171 1801 279 1861 bereda
314 1799 700 1859 hyllningsprogrammen.
755 1793 823 1853 Men
863 1790 906 1850 la¬

163 1847 386 1907 gerkransarna
422 1847 471 1907 som
526 1843 655 1903 väntade
691 1841 730 1901 ha
765 1842 779 1902 i
805 1839 913 1899 stället

168 1895 258 1955 blivit
304 1892 663 1952 begravningskransar;
704 1889 759 1949 den
814 1887 909 1947 gamle

173 1942 317 2002 maestron
350 1941 400 2001 har
429 1939 517 1999 blivit
541 1939 662 1999 inropad
695 1938 727 1998 pà
756 1936 806 1996 den
839 1936 904 1996 scen

168 1992 230 2052 från
265 1990 361 2050 vilken
401 1988 463 2048 man
497 1987 560 2047 icke
594 1984 710 2044 vänder
740 1983 884 2043 tillbaka.

203 2038 303 2098 Döden
334 2036 343 2096 —
390 2035 440 2095 det
460 2034 490 2094 är
511 2032 668 2092 ingenting
693 2032 738 2092 som
779 2032 814 2092 är
835 2030 910 2090 obe¬

171 2088 245 2148 kant
270 2085 320 2145 för
350 2083 478 2143 honom.
518 2081 582 2141 Det
608 2080 642 2140 är
672 2080 721 2140 det
747 2077 806 2137 ena
836 2077 915 2137 stora

171 2134 299 2194 motivet
324 2131 334 2191 i
359 2131 433 2191 hans
463 2131 546 2191 dikt;
572 2128 719 2188 Kärleken
754 2125 838 2185 hette
868 2125 917 2185 det

172 2181 282 2241 andra.
316 2177 426 2237 Mánga
455 2175 503 2235 äro
532 2172 695 2232 dramerna
720 2172 772 2232 och
806 2170 911 2230 novel¬

174 2229 249 2289 lerna
272 2226 326 2286 han
354 2225 467 2285 skrivit
484 2223 494 2283 —
538 2222 658 2282 dramer
681 2220 729 2280 som
767 2219 913 2279 "Anatol"

486 2270 699 2330 "Paracelsus"
736 2267 789 2327 och
831 2267 913 2327 "Der

178 2278 224 2338 den
267 2274 412 2334 Liebalal

174 2324 266 2384 grüne
293 2321 456 2381 Kakadu",
472 2317 547 2377 "Das
575 2319 661 2379 weite
684 2316 802 2376 Land",
819 2310 911 2370 "Pro¬

175 2371 265 2431 fessor
306 2369 510 2429 Bernhardi",
539 2366 708 2426 "Komödie
744 2362 799 2422 der
835 2361 913 2421 Ver¬

172 2420 347 2480 führung",
374 2417 513 2477 noveller
545 2414 596 2474 som
648 2412 726 2472 "Der
763 2410 830 2470 Weg
872 2411 917 2471 ins

174 2468 292 2528 Freio”,
309 2464 438 2524 "Doktor
460 2462 584 2522 Gräsler
606 2459 789 2519 Badearzt",
801 2457 913 2517 "Casa¬

172 2515 263 2575 novas
286 2513 492 2573 Heimfahrt",
509 2507 693 2567 "Therese".
721 2507 790 2567 Men
818 2507 829 2567 i
845 2505 920 2565 stort

177 2561 236 2621 sett
259 2561 295 2621 är
322 2561 372 2621 det
400 2559 431 2619 en
464 2558 513 2618 och
545 2556 658 2616 samma
691 2555 836 2615 historia,
859 2552 913 2612 den

176 2611 205 2671 om
246 2608 377 2668 Anatol,
392 2605 559 2665 kärlekens
585 2602 826 2662 melankoliker,
847 2599 917 2659 dik-

180 2659 219 2719 ten
250 2658 280 2718 om
321 2654 451 2714 Reigen,
472 2651 638 2711 drifternas
664 2650 830 2710 dödsdans.

207 2707 253 2767 Av
305 2704 438 2764 gammal
481 2700 676 2760 läkarfamilj
703 2698 832 2758 började
858 2695 909 2755 han

174 2755 249 2815 själv
299 2752 347 2812 som
412 2747 596 2807 medicinare
645 2746 693 2806 och
748 2746 802 2806 har
851 2743 899 2803 som

179 2802 352 2862 laryngolog
401 2797 515 2857 skrivit
556 2796 586 2856 om
636 2794 754 2854 röstens
791 2791 918 2851 nervösa

174 2847 385 2907 rubbningar.
427 2844 493 2904 Men
545 2843 602 2903 när
654 2841 705 2901 han
747 2838 912 2898 trettioärig

176 2895 294 2955 lämnar
342 2893 506 2953 medicinen
555 2889 601 2949 för
632 2887 826 2947 litteraturen
862 2886 908 2946 och

181 2943 280 3003 hörjar
318 2942 477 3002 analysera
514 2937 651 2997 erotiken
689 2936 725 2996 är
757 2935 815 2995 han
858 2934 915 2994 inte

179 2992 302 3052 doktorn
340 2991 391 3051 son
438 2986 489 3046 vet
521 2986 577 3046 bot
603 2985 655 3045 för
687 2983 790 3043 soten.
842 2979 919 3039 "Die

184 3040 280 3100 Dinge
301 3037 411 3097 spielen
439 3035 493 3095 sich
522 3035 576 3095 ab,
597 3032 638 3092 ich
666 3032 741 3092 kann
769 3029 810 3089 sie
831 3029 920 3089 nicht

178 3086 326 3146 ändern",
351 3083 437 3143 lyder
467 3081 558 3141 redan
592 3079 668 3139 hans
698 3077 885 3137 bekännelse
914 3077 928 3137 i

180 3132 468 3192 ungdomsnovellen
503 3128 593 3188 "Mein
623 3125 743 3185 Freund
773 3124 931 3184 Ypsilon”.

183 3181 360 3241 Människor
384 3179 484 3239 födas,
509 3176 590 3236 älska
615 3174 662 3234 och
691 3173 749 3233 dö,
768 3172 835 3232 leka
860 3170 907 3230 som

181 3230 301 3290 fjärilar
322 3227 372 3287 och
402 3224 483 3284 frysa
509 3224 579 3284 bort
600 3223 649 3283 son
686 3223 741 3283 de.
776 3219 842 3279 Han
868 3218 922 3278 har

180 3277 238 3337 inte
266 3274 379 3334 musten
407 3273 456 3333 och
484 3271 601 3331 kraften
629 3268 678 3328 som
720 3266 805 3326 Knut
824 3266 919 3326 Ham¬

177 3325 253 3385 sun,
300 3322 336 3382 de
391 3319 473 3379 vilda
510 3316 651 3376 nordiska
689 3315 925 3375 Panskogarnas

181 3370 336 3430 spelman;
359 3367 413 3427 han
446 3365 482 3425 är
510 3365 578 3425 bara
611 3363 642 3423 en
674 3361 751 3421 trött
779 3361 829 3421 och
862 3357 925 3417 tvi-

181 3418 295 3478 velsjuk
322 3415 409 3475 herre
437 3412 496 3472 från
528 3412 578 3472 den
606 3412 688 3472 stora
711 3409 834 3469 staden,
852 3406 925 3466 över

184 3466 282 3526 vilken
311 3462 511 3522 skymningen
544 3460 661 3520 hänger
685 3457 750 3517 sjuk
792 3457 843 3517 och
876 3454 927 3514 där

196 3511 252 3571 'das
283 3511 371 3571 süsse
403 3510 501 3570 Mädl"
538 3507 636 3567 gräter
668 3507 703 3567 på
740 3503 926 3563 hotellrum-

189 3561 271 3621 met.

218 3606 419 3666 Naturligtvis
451 3603 508 3663 har
539 3601 689 3661 Schitzler
721 3597 782 3657 mer
819 3597 850 3657 än
887 3598 917 3658 en

184 3657 255 3717 gång
294 3653 351 3713 fått
381 3652 452 3712 höra
501 3650 558 3710 hur
592 3648 750 3708 omoralisk
790 3645 847 3705 han
881 3645 933 3705 är.

182 3704 251 3764 Med
280 3701 378 3761 större
406 3698 471 3758 rätt
496 3696 546 3756 har
575 3695 640 3755 man
674 3694 752 3754 talat
776 3692 809 3752 om
852 3692 926 3752 hans

182 3750 408 3810 begränsning.
457 3746 558 3806 Nägra
597 3743 697 3803 starka
737 3743 828 3803 grepp
872 3740 924 3800 och

182 3800 274 3860 några
302 3796 385 3856 stora
412 3794 483 3854 verk
515 3792 598 3852 finna
625 3790 678 3850 det
701 3788 753 3848 väl
776 3790 931 3850 knappast

184 3848 193 3908 i
214 3845 289 3905 hans
315 3843 516 3903 produktion.
552 3840 617 3900 Men
647 3839 702 3899 där
728 3836 808 3896 finns
829 3836 924 3896 stäm-

188 3895 254 3955 ning
293 3895 345 3955 och
384 3890 484 3950 poesi,
513 3889 546 3949 en
590 3887 695 3947 förnäm
743 3884 919 3944 musikalisk

184 3943 286 4003 konst,
305 3940 348 4000 som
390 3937 447 3997 inte
474 3936 540 3996 bara
568 3936 630 3996 satt
648 3934 657 3994 i
675 3931 853 3991 fingrarna,
862 3931 924 3991 men

187 3990 273 4050 också
305 3988 319 4048 i
342 3987 474 4047 hjärtat.
516 3983 529 4043 I
561 3982 588 4042 en
625 3982 666 4042 tid
699 3981 734 4041 av
767 3979 931 4039 saxofoner

186 4039 235 4099 och
276 4034 492 4094 jazztrummor
529 4031 583 4091 ljöd
625 4030 699 4090 hans
731 4027 926 4087 sordinerade

185 4087 260 4147 cello
283 4085 346 4145 med
370 4084 417 4144 ett
435 4081 591 4141 underligt
609 4078 748 4138 tjusande
772 4078 881 4138 behag.

747 4125 851 4185 C.-A.
858 4125 900 4185 B.

1161 1127 1957 1187 DOBSERVERC

1248 1180 1270 1240 I.
1284 1178 1403 1238 österr.
1417 1181 1567 1241 behördl.
1581 1185 1878 1245 konzessioniertes

1203 1220 1436 1280 Unternehmen
1466 1222 1518 1282 für
1540 1227 1928 1287 Zeitungs-Ausschnitte

1252 1277 1397 1337 WIEN,
1424 1282 1476 1342 I.,
1504 1288 1781 1348 WOLLZEILE
1828 1291 1874 1351 11

1350 1333 1569 1393 TELEPHON
1601 1336 1772 1396 R-23-0-43

1014 1510 1897 1570 ensne

1287 1710 1667 1770 193

1160 1975 1424 2035 Forrattaren
1467 1972 1619 2032 Arthur
1661 1976 1854 2036 Schnitz¬

1363 2090 1423 2150 ler
1474 2089 1687 2149 aviiden.

1212 2229 1294 2289 Från
1328 2229 1424 2289 Wien
1454 2229 1720 2289 telegraferas:

1209 2279 1343 2339 Arthur
1372 2277 1573 2337 Schnitzler
1598 2278 1694 2338 avled
1728 2277 1789 2337 här
1819 2278 1866 2338 vid

1156 2328 1286 2388 7-tiden
1343 2328 1384 2388 på
1441 2328 1773 2388 onsdagsaftonen.
1815 2327 1866 2387 Dä

1161 2375 1376 2435 författaren
1405 2375 1441 2435 på
1470 2375 1751 2435 eftermiddagen
1785 2374 1873 2434 äter-

1159 2424 1272 2484 vände
1299 2423 1377 2483 från
1413 2425 1445 2485 en
1482 2424 1695 2484 promenad,
1719 2423 1873 2483 drabba¬

1156 2474 1216 2534 des
1268 2474 1333 2534 han
1371 2474 1412 2534 av
1446 2475 1647 2535 slaganfall
1671 2473 1726 2533 och
1764 2471 1862 2531 avled

1153 2523 1236 2583 utan
1272 2522 1325 2582 att
1352 2523 1391 2583 ha
1422 2525 1577 2585 äterfått
1604 2522 1878 2582 medvetandet.

1156 2573 1358 2633 Schnitzler
1383 2573 1493 2633 skulle
1518 2573 1531 2633 i
1551 2574 1623 2634 maj
1643 2573 1744 2633 nästa
1773 2572 1807 2632 år
1831 2570 1869 2630 ha

1156 2620 1261 2680 blivit
1286 2619 1324 2679 70
1358 2619 1397 2679 år
1421 2620 1599 2680 gammal.

1204 2668 1409 2728 Schnitzler
1428 2668 1577 2728 började
1606 2668 1647 2728 sin
1676 2668 1764 2728 bana
1793 2668 1862 2728 med

1159 2719 1208 2779 att
1255 2717 1395 2777 studera
1432 2718 1487 2778 till
1510 2716 1646 2776 läkare,
1670 2716 1738 2776 men
1775 2715 1870 2775 över-

1159 2772 1228 2832 gick
1287 2767 1391 2827 snart
1416 2767 1475 2827 till
1500 2767 1554 2827 att
1584 2764 1633 2824 bli
1659 2765 1875 2825 författare.

1153 2814 1230 2874 Han
1268 2814 1488 2874 debuterade
1525 2813 1561 2873 år
1598 2814 1685 2874 1893
1717 2814 1791 2874 med
1828 2814 1864 2874 en

1156 2862 1240 2922 serie
1269 2862 1461 2922 enaktare,
1480 2862 1682 2922 "Anatol".
1729 2861 1781 2921 Av
1809 2861 1870 2921 öv-

1159 2913 1229 2973 riga
1257 2913 1473 2973 skädespel,
1492 2910 1544 2970 som
1591 2910 1670 2970 även
1704 2910 1872 2970 uppförts

1153 2964 1167 3024 i
1193 2962 1350 3022 Sverge,
1371 2961 1518 3021 märkas
1549 2961 1706 3021 "Reigen
1737 2963 1756 3023 ,
1778 2956 1873 3016 "Or-

1160 3011 1244 3071 dens
1298 3009 1531 3069 komedier",
1553 3007 1754 3067 "Alskog",
1776 3002 1870 3062 "Det

1156 3059 1234 3119 vida
1309 3058 1476 3118 landet".
1540 3056 1731 3116 Därjämte
1801 3056 1869 3116 har

1156 3107 1360 3167 Schnitzler
1411 3107 1542 3167 skrivit
1574 3104 1619 3164 ett
1652 3104 1742 3164 stort
1771 3104 1874 3164 antai

1159 3157 1276 3217 längre
1304 3155 1363 3215 och
1395 3155 1536 3215 kortare
1564 3155 1741 3215 noveller.

1204 3203 1273 3263 Det
1297 3203 1335 3263 är
1359 3203 1395 3263 en
1425 3203 1776 3263 fullblodswienare,
1795 3201 1851 3261 som

1156 3257 1233 3317 gått
1253 3253 1329 3313 bort
1350 3253 1421 3313 med
1446 3252 1668 3312 Schnitzler.
1703 3250 1779 3310 Han
1809 3250 1866 3310 har

1151 3301 1311 3361 skildrat
1360 3301 1426 3361 den
1489 3301 1639 3361 wienska
1697 3298 1870 3358 karaktä-

1159 3352 1235 3412 ren,
1254 3352 1386 3412 kanske
1414 3349 1655 3409 träffsäkrare
1683 3349 1719 3409 än
1751 3349 1860 3409 nägon

1153 3403 1302 3463 annan.

1443 3436 1616 3496 hl
1654 3424 1708 3484 aa

2235 1299 2950 1359 OBSERVER

2320 1354 2347 1414 I.
2357 1360 2479 1420 österr.
2489 1364 2639 1424 behördl.
2653 1372 2949 1432 konzessioniertes

2273 1400 2510 1460 Unternehmen
2539 1404 2585 1464 für
2609 1411 2995 1471 Zeitungs-Ausschnitte

2327 1461 2472 1521 WIEN,
2500 1466 2548 1526 I.,
2577 1472 2860 1532 WOLLZEILE
2903 1477 2950 1537 11

2420 1516 2633 1576 TELEPHON
2672 1522 2847 1582 R-23-0-43

2117 1729 2822 1789 onernead-
2839 1711 3058 1771 Negtese

2336 1883 2606 1943 70

2228 2152 2492 2212 itataen
2543 2160 2686 2220 edr
2713 2160 2881 2220 Sehnite

2113 2274 2176 2334 terream

2387 2273 2442 2333 ler
2479 2277 2546 2337 har
2582 2279 2752 2339 avjidit,

2718 2342 2824 2402 22

2246 2377 2367 2437 Arthur
2395 2378 2569 2438 Schnitzler
2601 2381 2685 2441 avled
2718 2383 2733 2443 i
2760 2384 2839 2444 Wien
2876 2387 2918 2447 vid

2209 2426 2318 2486 7-tiden
2358 2429 2391 2489 på
2430 2432 2723 2492 onsdagsaftonen.
2781 2434 2824 2494 Då
2858 2434 2929 2494 för-

2204 2476 2342 2536 fattaren
2381 2476 2419 2536 på
2458 2480 2712 2540 eftermiddagen
2751 2483 2923 2543 ätervände

2205 2525 2271 2585 från
2305 2525 2338 2585 en
2372 2528 2564 2588 promenad,
2589 2531 2766 2591 drabbades
2795 2531 2852 2591 han
2886 2534 2924 2594 av

2204 2573 2386 2633 slaganfall
2406 2575 2455 2635 och
2485 2576 2574 2636 avled
2604 2579 2677 2639 utan
2707 2579 2756 2639 att
2781 2581 2815 2641 ha
2841 2582 2928 2642 âter¬

2204 2623 2268 2683 fätt
2293 2623 2535 2683 medvetandet.
2580 2628 2757 2688 Schnitzler
2788 2629 2886 2689 skulle
2916 2632 2925 2692 i

2201 2671 2269 2731 maj
2291 2672 2380 2732 nästa
2407 2673 2444 2733 år
2471 2674 2507 2734 ha
2534 2674 2624 2734 blivit
2651 2676 2682 2736 70
2709 2677 2745 2737 år
2772 2678 2930 2738 gammal.

2237 2719 2280 2779 En
2309 2722 2599 2782 fullblodswienare
2628 2725 2685 2785 går
2711 2725 2773 2785 med
2802 2728 2922 2788 Arthur

2203 2761 2380 2821 Schnitzler
2408 2761 2449 2821 ur
2476 2763 2577 2823 tiden.
2623 2766 2796 2826 Knappast
2824 2767 2919 2827 någon

2204 2798 2256 2858 har
2288 2800 2340 2860 väl
2363 2800 2416 2860 som
2460 2800 2517 2860 han
2549 2803 2668 2863 träffat
2699 2804 2752 2864 den
2783 2806 2920 2866 wienska

2203 2838 2413 2898 karaktären,
2435 2841 2563 2901 stadens
2589 2843 2640 2903 och
2671 2846 2915 2906 människornas

2203 2877 2265 2937 med
2299 2878 2370 2938 dess
2399 2880 2566 2940 blandning
2601 2883 2638 2943 av
2672 2883 2763 2943 lyrisk
2797 2884 2926 2944 vekhet,

2205 2918 2363 2978 lättsinnig
2434 2922 2621 2982 melankoli,
2650 2922 2794 2982 klokhet,
2823 2925 2925 2985 gratie

2201 2958 2251 3018 och
2278 2958 2419 3018 livslust.
2447 2961 2460 3021 I
2483 2961 2523 3021 sin
2551 2961 2614 3021 form
2656 2961 2710 3021 var
2729 2964 2783 3024 han
2811 2966 2915 3026 kräsen

2200 2994 2249 3054 och
2277 3000 2485 3060 nogräknad;
2504 3000 2626 3060 typiskt
2649 3003 2685 3063 är
2708 3003 2758 3063 att
2777 3003 2830 3063 han
2858 3005 2926 3065 lyc-

2203 3034 2296 3094 kades
2327 3038 2398 3098 bäst
2429 3038 2442 3098 i
2469 3038 2521 3098 den
2553 3041 2788 3101 dialogiserade
2819 3044 2925 3104 novel¬

2206 3077 2268 3137 len,
2286 3077 2334 3137 som
2379 3077 2551 3137 smidigast
2575 3080 2716 3140 ansluter
2743 3080 2787 3140 sig
2819 3083 2867 3143 till
2889 3084 2924 3144 de

2200 3116 2308 3176 ämnen
2358 3119 2416 3179 han
2467 3119 2624 3179 skildrar.
2664 3121 2728 3181 Han
2758 3122 2856 3182 kunde
2886 3125 2920 3185 pä

2199 3155 2319 3215 samma
2375 3159 2456 3219 gång
2513 3158 2590 3218 vara
2620 3161 2792 3221 romantisk
2827 3161 2925 3221 stäm-

2201 3197 2460 3257 ningsmänniska
2497 3198 2547 3258 och
2584 3200 2775 3260 hänsynslös
2803 3200 2930 3260 realist,

2197 3234 2255 3294 han
2313 3239 2466 3299 förenade
2525 3239 2577 3299 det
2609 3242 2751 3302 graciösa
2784 3242 2836 3302 och
2868 3242 2920 3302 det

2203 3274 2352 3334 cyniska.

2236 3315 2413 3375 Schnitzler
2439 3317 2607 3377 studerade
2637 3319 2715 3379 först
2740 3319 2794 3379 till
2814 3319 2918 3379 läkare

2199 3354 2258 3414 men
2299 3353 2363 3413 slog
2404 3356 2445 3416 sig
2486 3358 2577 3418 snart
2610 3359 2645 3419 på
2683 3361 2915 3421 författarskap

2199 3394 2244 3454 och
2282 3394 2474 3454 debuterade
2504 3397 2541 3457 år
2571 3397 2642 3457 1893
2676 3397 2742 3457 med
2776 3400 2805 3460 en
2843 3400 2918 3460 serie

2196 3432 2347 3492 enaktare
2383 3436 2556 3496 "Anatol",
2579 3436 2658 3496 vilka
2695 3439 2796 3499 kunna
2828 3439 2921 3499 sägas

2200 3472 2267 3532 vara
2295 3474 2418 3534 typiska
2446 3474 2496 3534 för
2515 3477 2729 3537 författaren.
2748 3478 2788 3538 Av
2812 3478 2916 3538 övriga

2196 3513 2377 3573 skådespel,
2396 3513 2444 3573 som
2484 3516 2559 3576 även
2586 3516 2736 3576 uppförts
2759 3516 2767 3576 i
2791 3519 2918 3579 Sverige

2204 3552 2325 3612 märkas
2358 3555 2535 3615 "Reigen",
2559 3555 2698 3615 "Ordens
2731 3556 2927 3616 komedier”,

2207 3592 2374 3652 ’Alskog",
2419 3590 2500 3650 "Det
2553 3594 2620 3654 vida
2649 3594 2793 3654 landet”.
2837 3597 2918 3657 Där-

2195 3633 2288 3693 jämte
2323 3633 2381 3693 har
2411 3633 2588 3693 Schnitzler
2618 3636 2730 3696 skrivit
2760 3636 2809 3696 ett
2834 3639 2917 3699 stort

2195 3672 2283 3732 antal
2307 3675 2417 3735 längre
2449 3675 2497 3735 och
2534 3675 2658 3735 koitare
2689 3678 2840 3738 noveller.
