3344 4384
208 301 338 361 Arthur
368 303 561 363 Schnitzler
591 303 683 363 avled
717 305 779 365 här
814 306 862 366 vid
901 304 929 364 7-

166 360 254 420 tiden
313 361 347 421 på
382 363 680 423 onsdagsaftonen.
725 363 773 423 Da
803 364 930 424 förfai-

166 416 256 476 taren
326 420 364 480 på
421 419 688 479 eftermiddagen
749 419 929 479 ätervände

164 476 241 536 från
275 478 305 538 en
344 479 541 539 promenad,
585 479 769 539 drabbades
795 479 854 539 han
894 482 927 542 av

166 536 351 596 slaganfall
381 536 433 596 och
472 536 558 596 avled
597 539 675 599 utan
714 539 765 599 att
796 539 830 599 ha
852 539 921 599 âter

166 593 234 653 fått
269 593 517 653 medvetandet.
548 596 740 656 Schnitzler
775 596 830 656 var
848 597 920 657 född

167 651 205 711 15
239 651 306 711 maj
335 651 436 711 1862.

208 747 336 807 Arthur
391 748 588 808 Schuitzler
648 751 707 811 var
744 751 921 811 Wienbarn

165 798 264 858 liksom
360 796 519 856 Hjalmar
569 799 755 859 Söderberg
814 799 932 859 Stock¬

165 843 350 903 holmsbarn
408 846 466 906 och
506 846 647 906 Anatole
683 848 811 908 France
847 848 908 908 upp

165 892 237 952 född
293 891 343 951 vid
399 891 439 951 de
490 894 660 954 parisiska
711 897 940 957 bokkajerna.

159 939 400 999 Skådeplatsen
460 942 514 1002 för
570 942 683 1002 nästan
748 945 807 1005 alla
848 945 929 1005 hans

153 989 310 1049 dramer,
358 987 506 1047 noveller
562 990 617 1050 och
680 993 833 1053 romaner
892 993 927 1053 är

165 1034 251 1094 Wien
283 1037 337 1097 och
374 1037 447 1097 dess
474 1038 642 1098 närmaste
675 1041 933 1101 omgivningar.

152 1085 210 1145 och
266 1085 299 1145 om
349 1085 442 1145 ocksä
476 1085 581 1145 någon
615 1086 652 1146 av
686 1088 766 1148 hans
800 1088 926 1148 hjältar

155 1133 286 1193 företar
337 1133 373 1193 en
410 1134 578 1194 cykelfärd
616 1136 674 1196 ned
712 1136 766 1196 till
798 1136 925 1196 Krains

154 1181 211 1241 och
247 1182 419 1242 Kärntens
451 1184 517 1244 blåa
548 1184 623 1244 berg
655 1184 738 1244 eller
765 1183 800 1243 en
836 1186 924 1246 hem¬

155 1232 198 1292 lig
251 1231 385 1291 utflykt
434 1232 491 1292 ned
550 1232 607 1292 till
631 1232 775 1292 Italien,
795 1234 828 1294 så
862 1235 919 1295 kan

151 1277 219 1337 man
258 1279 334 1339 vara
369 1279 437 1339 viss
469 1279 518 1339 att
549 1279 582 1339 om
633 1279 682 1339 ett
713 1282 770 1342 par
805 1280 923 1340 veckor

146 1327 221 1387 åter
258 1327 364 1387 träffa
405 1328 507 1388 honom
543 1330 578 1390 på
600 1328 836 1388 Ringstrasse,
846 1330 916 1390 glad

148 1375 204 1435 att
230 1376 303 1436 vara
339 1378 463 1438 hemma
498 1378 598 1438 igen;
624 1378 697 1438 även
737 1378 749 1438 i
776 1378 831 1438 det
862 1380 926 1440 lju¬

154 1426 236 1486 vaste
267 1426 409 1486 sällskap
449 1426 505 1486 har
535 1426 596 1486 han
636 1426 726 1486 borta
757 1429 830 1489 frän
870 1429 912 1489 sin

150 1474 225 1534 stad
279 1474 363 1534 känt
412 1477 447 1537 en
488 1477 630 1537 försmak
666 1477 701 1537 av
737 1477 932 1537 landsflyk-

154 1520 230 1580 tens
262 1523 496 1583 förbannelse.

202 1572 361 1632 Charmen
398 1572 412 1632 i
445 1572 655 1632 Schnitzlers
684 1575 823 1635 böcker,
847 1577 926 1637 näs¬

158 1620 209 1680 tan
261 1620 355 1680 alltid
394 1621 622 1681 närvarande,
652 1623 708 1683 var
742 1624 922 1684 hemstäm-

159 1670 276 1730 ningen
313 1668 351 1728 av
389 1671 495 1731 Wien,
519 1671 571 1731 låt
599 1671 650 1731 oss
678 1673 818 1733 tillägga
842 1674 926 1734 hem-

154 1718 363 1778 stämningen
400 1718 457 1778 hos
489 1718 524 1778 en
565 1718 653 1778 värld
690 1719 760 1779 före
797 1721 925 1781 kriget.

160 1766 231 1826 Här
261 1768 328 1828 slog
362 1766 448 1826 emot
477 1768 525 1828 oss
559 1769 612 1829 den
651 1769 747 1829 milda
781 1772 930 1832 höstluf-

156 1814 203 1874 ten
259 1817 354 1877 bland
393 1817 608 1877 vinkullarna
643 1819 755 1879 bortom
803 1820 915 1880 staden

153 1865 225 1925 med
257 1865 294 1925 de
326 1865 435 1925 gråblà
467 1865 581 1925 mjuka
613 1868 881 1928 bergsryggarna
914 1870 927 1930 i

152 1913 285 1973 fjärran
323 1913 377 1973 och
415 1913 448 1973 de
486 1913 577 1973 tusen
616 1916 745 1976 ljusen,
770 1916 824 1976 som
875 1916 924 1976 re-

154 1961 214 2021 dan
266 1962 369 2022 stråla
426 1960 481 2020 där
512 1960 585 2020 nere
620 1963 633 2023 i
681 1965 926 2025 skymningen.

155 2009 229 2069 Här
258 2008 364 2068 livade
393 2009 444 2069 oss
472 2012 528 2072 den
566 2012 710 2072 rörliga,
730 2014 925 2074 älskvärda,

150 2059 261 2119 friska
309 2059 360 2119 och
403 2059 583 2119 outsinliga
626 2062 926 2122 konversationen.

154 2107 199 2167 som
271 2110 485 2170 utvecklades
515 2110 527 2170 i
553 2110 754 2170 salongerna
788 2110 842 2170 och
881 2113 918 2173 på

158 2157 438 2217 promenaderna.
485 2157 528 2217 Vi
555 2157 631 2217 voro
662 2157 730 2217 med
765 2158 804 2218 pâ
835 2160 924 2220 folk¬

154 2205 234 2265 livet
284 2205 297 2265 i
324 2205 489 2265 Pratern,
511 2205 524 2265 i
551 2206 627 2266 vars
654 2208 787 2268 enklare
824 2210 917 2270 nöjen

159 2254 226 2314 inte
254 2253 358 2313 heller
390 2256 499 2316 Wiens
526 2256 667 2316 societet
694 2257 766 2317 höll
790 2259 835 2319 sig
867 2259 921 2319 för

150 2304 265 2364 förnäm
311 2304 364 2364 att
386 2304 538 2364 deltaga.
583 2304 627 2364 Vi
650 2307 756 2367 kände
788 2307 841 2367 den
877 2306 930 2366 be¬

153 2352 307 2412 ständiga
362 2355 521 2415 trånaden
558 2355 571 2415 i
598 2355 726 2415 blodet,
744 2356 798 2416 som
844 2358 925 2418 kon-

148 2402 246 2462 stens
303 2402 375 2462 verk
436 2402 492 2462 och
535 2402 741 2462 kvinnornas
777 2403 922 2463 skönhet

150 2448 251 2508 väcka
304 2450 356 2510 och
413 2450 466 2510 som
511 2452 709 2512 förnimmes
738 2452 791 2512 som
840 2455 920 2515 ung¬

152 2498 246 2558 dom,
264 2498 315 2558 som
363 2498 470 2558 hälsa,
513 2499 565 2559 som
613 2499 642 2559 en
677 2501 797 2561 lycklig
832 2501 922 2561 hem¬

149 2549 279 2609 lighet,
303 2549 438 2609 upplöst
467 2547 522 2607 och
556 2549 738 2609 befintlig,
762 2549 832 2609 man
870 2549 920 2609 vet

143 2596 186 2656 ej
233 2596 268 2656 om
333 2596 350 2656 i
376 2596 479 2656 själva
510 2596 808 2656 stadsatmosfären
847 2598 915 2658 man

143 2644 302 2704 dricker,
343 2647 427 2707 frisk
480 2644 515 2704 av
547 2644 684 2704 bergen,
707 2647 831 2707 tillsatt
849 2647 915 2707 med

151 2695 262 2755 bensin
324 2695 379 2755 och
418 2695 482 2755 sol,
506 2694 590 2754 eller
623 2692 632 2752 i
666 2694 768 2754 någon
811 2695 913 2755 inbill

148 2743 299 2803 ningens
330 2743 522 2803 obestämda
554 2743 834 2803 framtidsdröm.

199 2792 446 2852 Benämningen
508 2794 688 2854 dekadent,
737 2794 790 2854 som
865 2794 918 2854 för

148 2841 260 2901 fyrtio
338 2842 381 2902 àr
455 2841 554 2901 sedan
619 2841 835 2901 begagnades

150 2889 362 2949 Schnitzler,
387 2889 441 2949 var
471 2889 503 2949 en
538 2889 575 2949 av
608 2889 641 2949 de
671 2891 804 2951 dumma
838 2892 912 2952 skol

148 2937 492 2997 mästarklicheerna.
541 2937 585 2997 De
621 2937 739 2997 frivola
780 2940 832 3000 och
872 2942 921 3002 pi¬

148 2988 249 3048 kanta
280 2988 448 3048 satirerna
479 2988 638 3048 tillhörde
669 2988 740 3048 inte
771 2989 828 3049 den
864 2990 899 3050 vä

935 3009 975 3069 ny
1009 3007 1199 3067 spänning,
1227 3006 1260 3066 av
1295 3008 1334 3068 ny
1362 3011 1592 3071 förhoppníng
1627 3011 1707 3071 allt-

148 3035 293 3095 sentliga
325 3037 413 3097 sidan
453 3035 484 3095 av
520 3035 599 3095 hans
622 3036 816 3096 livskänsla.
843 3038 914 3098 Inte

936 3056 1017 3116 jämt
1052 3056 1108 3116 var
1143 3056 1340 3116 oantastad?
1397 3059 1694 3119 Skönhetsdyrkan

146 3085 257 3145 heller
305 3086 363 3146 var
411 3086 469 3146 han
529 3086 711 3146 befryndad
748 3086 812 3146 med
848 3089 906 3149 den
942 3101 976 3161 r
1007 3104 1053 3164 ett
1077 3104 1207 3164 uttryck
1237 3104 1289 3164 för
1319 3105 1348 3165 en
1378 3106 1519 3166 obruten
1549 3109 1695 3169 livsvilja

149 3134 257 3194 mörka
295 3134 465 3194 passionen
504 3134 583 3194 eller
617 3134 804 3194 överhuvud
842 3137 908 3197 mec

940 3155 993 3215 hos
1025 3155 1055 3215 en
1092 3155 1270 3215 kulturens
1301 3155 1447 3215 älskare.
1498 3158 1706 3218 Schnitzlers

149 3184 184 3244 de
217 3182 344 3242 makter
376 3182 421 3242 som
472 3182 585 3242 föröda
618 3182 713 3242 livet.
764 3185 905 3245 Kärleks

937 3203 1005 3263 dikt
1033 3203 1115 3263 ägde
1148 3205 1299 3265 alltjämt
1333 3203 1364 3263 en
1402 3206 1507 3266 lyrisk
1544 3206 1709 3266 ungdom-

145 3233 324 3293 äventyren
379 3232 416 3292 av
467 3233 642 3293 skiftande
693 3233 747 3293 art
794 3235 806 3295 i
835 3236 914 3296 hans

936 3250 1060 3310 lighet.
1104 3253 1179 3313 Han
1237 3251 1400 3311 bevarade
1436 3253 1466 3313 en
1507 3255 1705 3315 kulturhar¬

154 3280 267 3340 böcker
322 3280 400 3340 voro
431 3280 581 3340 oblodiga
619 3280 708 3340 offer
739 3280 781 3340 pä
817 3282 920 3342 Afro-
945 3299 1053 3359 moni,
1096 3301 1149 3361 som
1210 3301 1283 3361 inte
1314 3301 1403 3361 blott
1434 3301 1487 3361 var
1519 3305 1705 3365 borgerligt

147 3329 233 3389 dites
268 3331 392 3391 altare;
422 3331 486 3391 hur
517 3331 650 3391 mycket
681 3331 843 3391 farligare
878 3331 891 3391 à

934 3349 1168 3409 aristokratisk
1226 3349 1292 3409 men
1355 3352 1447 3412 ocksä
1496 3355 1704 3415 motständs-

145 3379 217 3439 inte
269 3379 406 3439 känslan
441 3379 453 3439 i
479 3379 561 3439 hans
596 3379 736 3439 tidigare
767 3382 912 3442 mästare

943 3397 1093 3457 kraftig.

152 3431 388 3491 Maupassants
420 3427 557 3487 böcker.
609 3427 678 3487 Man
721 3430 820 3490 mötte
859 3430 914 3490 hos

979 3448 1050 3508 Han
1103 3448 1174 3508 står
1218 3448 1285 3508 med
1334 3448 1400 3508 sitt
1445 3450 1520 3510 verk
1569 3452 1622 3512 som
1658 3452 1693 3512 en

145 3477 338 3537 Schnitzler
399 3477 429 3537 en
472 3476 558 3536 frisk
598 3477 817 3537 livshunger,
847 3477 898 3537 som

938 3493 1173 3553 själysväldig,
1200 3495 1270 3555 men
1311 3495 1404 3555 ocksä
1444 3498 1599 3558 förfinad
1640 3500 1692 3560 och

150 3523 203 3583 var
254 3525 499 3585 genomträngd
559 3525 591 3585 av
629 3525 816 3585 kultiverad
854 3528 891 3588 hu

930 3545 1154 3605 varmhjärtad
1216 3546 1457 3606 representant
1494 3547 1547 3607 för
1580 3549 1612 3609 en
1654 3549 1694 3609 nu

146 3575 309 3635 manitet;
338 3575 394 3635 och
434 3575 484 3635 ett
513 3576 710 3636 synnerligt
739 3576 835 3636 bevis
864 3581 902 3641 pa
943 3594 1117 3654 förgängen
1157 3594 1293 3654 klassisk
1333 3597 1502 3657 borgerlig
1536 3597 1654 3657 kultur
1683 3599 1699 3659 i

143 3624 250 3684 denna
302 3624 500 3684 humanitet
548 3624 603 3684 aro
638 3624 720 3684 hans
751 3624 819 3684 fina
854 3627 905 3687 ocl

936 3642 1121 3702 Osterrike.
1168 3642 1284 3702 Denna
1336 3645 1470 3705 sinnets
1526 3646 1694 3706 skeptiska

150 3674 257 3734 varma
297 3672 727 3732 kvinnokarakteristiker.
784 3675 826 3735 En
853 3674 904 3734 för

934 3692 1071 3752 lätthet,
1100 3690 1186 3750 detta
1227 3692 1406 3752 oberoende
1443 3695 1561 3755 sinne,
1590 3695 1695 3755 denna

148 3722 280 3782 mögen,
311 3722 422 3782 bildad
462 3719 803 3779 storstadsöverklass
830 3722 900 3782 mät

936 3740 1091 3800 jämvikt,
1136 3740 1188 3800 som
1260 3740 1317 3800 för
1371 3743 1432 3803 alla
1469 3743 1699 3803 själsrörelser

145 3772 172 3832 ta
229 3770 281 3830 och
322 3770 410 3830 hälsa
447 3770 548 3830 möter
585 3770 649 3830 man
690 3770 746 3830 hos
779 3770 879 3830 honom

936 3791 1006 3851 dock
1066 3791 1190 3851 känner
1242 3791 1274 3851 en
1313 3791 1358 3851 lag
1392 3791 1497 3851 liksom
1547 3794 1694 3854 musiken

149 3821 217 3881 Men
252 3820 303 3880 det
330 3820 445 3880 finnes
471 3820 574 3880 nägot
600 3818 737 3878 särskilt
763 3819 775 3879 i
797 3821 904 3881 denna

934 3839 1059 3899 känner
1101 3839 1146 3899 sin
1184 3837 1196 3897 —
1255 3839 1359 3899 denna
1393 3842 1606 3902 Schnitzlers
1635 3842 1689 3902 och

142 3869 275 3929 kultur.
324 3869 399 3929 Han
457 3869 586 3929 känner
640 3869 675 3929 en
716 3867 907 3927 tröstekälla

930 3887 981 3947 den
1042 3889 1141 3949 högre
1176 3887 1547 3947 Schnitzlersvärldens
1578 3890 1698 3950 kultur

146 3918 198 3978 för
225 3916 337 3976 sorger
365 3917 404 3977 av
431 3916 498 3976 alla
525 3918 617 3978 slag:
644 3919 697 3979 den
724 3918 837 3978 källan
871 3923 910 3983 ar
931 3933 1016 3993 hade
1063 3935 1163 3995 bland
1197 3936 1269 3996 sina
1303 3937 1595 3997 förutsättningar
1629 3938 1701 3998 ock-

148 3967 319 4027 skönheten
376 3966 465 4026 eller
500 3966 665 4026 konsten.
707 3966 969 4026 Skönhetena
997 3985 1052 4045 den
1088 3985 1121 4045 av
1156 3985 1183 4045 en
1218 3987 1356 4047 tryggad
1391 3987 1563 4047 ekonomi.
1605 3987 1701 4047 Livs-

141 4015 261 4075 bedrar
310 4016 399 4076 icke.
443 4015 511 4075 Men
551 4015 602 4075 vad
637 4015 770 4075 betyder
801 4017 908 4077 denna

934 4033 1119 4093 problemen
1153 4036 1248 4096 fingo
1278 4034 1330 4094 för
1361 4034 1394 4094 en
1429 4036 1537 4096 yngre
1567 4037 1700 4097 littera¬

143 4066 249 4126 friska
298 4066 377 4126 kult
404 4065 435 4125 av
467 4063 568 4123 livets
595 4063 749 4123 estetiska
786 4066 900 4126 vürlen

934 4087 990 4147 tur
1016 4084 1028 4144 i
1059 4084 1226 4144 Österrike
1257 4084 1291 4144 en
1326 4086 1446 4146 tyngre
1481 4087 1653 4147 karaktär.

138 4117 178 4177 om
242 4118 278 4178 ej
324 4117 378 4177 att
405 4114 646 4174 besvikelserna
678 4114 786 4174 aldrig
819 4114 909 4174 frätt

1546 4132 1591 4192 J.
1614 4134 1653 4194 L.

144 4167 200 4227 till
227 4165 325 4225 livets
357 4167 424 4227 rot,
450 4164 502 4224 att
529 4166 658 4226 själens
684 4165 840 4225 förmäga
872 4167 907 4227 av

1916 628 2639 688 DOBSERVER

2004 685 2032 745 I.
2044 682 2168 742 österr.
2176 678 2328 738 behördl.
2344 668 2644 728 konzessioniertes

1962 724 2198 784 Unternehmen
2231 720 2279 780 für
2303 709 2696 769 Zeitungs-Ausschnitte

2022 781 2170 841 WIEN.
2195 781 2244 841 I.,
2270 775 2554 835 WOLLZEILE
2598 767 2641 827 11

2123 830 2333 890 TELEPHON
2367 821 2543 881 R-23-0-43

1930 978 2154 1038 Ausschnitt
2179 972 2271 1032 aus:

2557 1073 2795 1133 eta

2042 1181 2411 1241 enet

2209 1282 2231 1342 2

2427 1338 2497 1398 103

2240 1458 2397 1518 Labillan
2428 1459 2437 1519 1
2458 1460 2555 1520 Fürie
2586 1462 2743 1522 gülorter

2016 1465 2034 1525 2

2015 1647 2277 1707 Arthur
2325 1652 2709 1712 Schnitzler

2295 1772 2450 1832 död.

2173 3842 2295 3902 Arthur
2326 3843 2531 3903 Schnitsler.

2021 3941 2144 4001 Arthur
2171 3945 2352 4005 Schnitzler
2384 3945 2476 4005 avled
2508 3948 2523 4008 i
2544 3949 2632 4009 Wien
2669 3951 2715 4011 vid

1975 3998 2100 4058 7-tiden
2134 4000 2166 4060 på
2199 4003 2503 4063 onsdagsaftonen.
2522 4006 2564 4066 Dà
2593 4006 2723 4066 förfat-

1973 4060 2062 4120 taren
2095 4060 2126 4120 pä
2159 4060 2414 4120 eftermiddagen
2446 4063 2626 4123 ätervände
2643 4066 2711 4126 frän

1971 4120 2006 4180 en
2042 4120 2214 4180 promenad
2251 4120 2432 4180 drabbades
2468 4120 2525 4180 han
2557 4122 2596 4182 av
2628 4122 2716 4182 slag¬

1970 4173 2082 4233 anfall
2106 4175 2157 4235 och
2190 4176 2284 4236 avled
2317 4178 2392 4238 utan
2426 4179 2477 4239 att
2501 4179 2538 4239 ha
2571 4179 2717 4239 återfätt

1970 4230 2219 4290 medvetandet.
2254 4233 2440 4293 Schnitzler
2469 4235 2571 4295 skulle
2606 4233 2622 4293 i
2645 4238 2712 4298 ma.

1979 4281 2066 4341 nista
2101 4287 2134 4347 ar
2162 4287 2195 4347 ha
2230 4290 2324 4350 blivit
2346 4289 2379 4349 70
2413 4296 2446 4356 Ar
2474 4293 2616 4353 gajmal

1917 1710 1977 1770 Rvne
