3392 4320
197 309 213 369 2

344 321 832 381 Schnitzler
902 323 930 383 s
999 318 1232 378 Death

406 1155 1126 1215 OBSERVER

496 1218 519 1278 1.
533 1216 656 1276 österr.
666 1216 817 1276 behördl.
832 1213 1130 1273 konzessioniertes

450 1258 683 1318 Unternehmen
717 1255 763 1315 für
787 1255 1176 1315 Zeitungs-Ausschnitte

500 1318 654 1378 WIEN,
676 1319 732 1379 I.,
754 1318 1043 1378 WOLLZEILE
1086 1315 1127 1375 11

610 1372 817 1432 TELEPHON
855 1367 1025 1427 R-23-0-43

816 1771 827 1831 2
852 1769 898 1829 3.
912 1765 1007 1825 NOV.
1020 1763 1114 1823 1931

328 1929 1495 1989 LCHNITZLER-EHRUNG.

710 2011 1117 2071 Schausplelhaus.

393 2121 523 2181 chönste
552 2123 748 2183 Totenfeier;
767 2125 893 2185 solange
922 2127 1089 2187 Schuberts
1118 2129 1211 2189 Musik
1240 2130 1393 2190 erklingt.

386 2164 458 2224 Gute
481 2166 676 2226 Totenfeier:
694 2169 816 2229 solange
839 2171 984 2231 Heinrich
1012 2172 1093 2232 Mann
1121 2174 1201 2234 seine
1230 2172 1311 2232 Rede
1334 2177 1510 2237 skandiert.

379 2211 474 2271 Keine
504 2211 701 2271 Totenfeier:
721 2214 842 2274 solange
873 2214 999 2274 Fehling
1025 2219 1069 2279 die
1100 2217 1276 2277 „Liebelei“
1303 2219 1453 2279 verpatzt.

377 2317 475 2377 Franz
515 2320 676 2380 Schuberts
720 2321 911 2381 Vollendete.
961 2323 1063 2383 Warum
1123 2322 1171 2382 das
1216 2325 1304 2385 Wort
1343 2327 1406 2387 „die
1441 2325 1504 2385 Un¬

322 2363 512 2423 vollendete“
548 2360 561 2420 —
612 2363 693 2423 wenn
730 2366 820 2426 etwas
853 2366 902 2426 die
939 2366 1129 2426 Vollendung
1165 2368 1220 2428 der
1247 2369 1347 2429 Musik
1384 2369 1406 2429 in
1438 2372 1496 2432 sich

317 2405 480 2465 schliesst?
532 2408 620 2468 Weun
653 2408 685 2468 es
713 2411 955 2471 (geisterschön,
975 2414 1151 2474 unirdisch)
1180 2414 1230 2474 von
1263 2417 1426 2477 jemandem
1468 2415 1496 2475 zu

322 2452 467 2512 stammen
495 2452 631 2512 scheint,
645 2450 695 2510 der
723 2455 882 2515 vollendet
901 2453 951 2513 hat
969 2453 1023 2513 —?

378 2496 439 2556 Der
459 2496 569 2556 zweite
594 2497 660 2557 Stz
685 2499 876 2559 besonders:
896 2500 1131 2560 Unsterblicher
1155 2500 1390 2560 E-dur-Gesang
1419 2502 1505 2562 eines

323 2540 549 2600 Menschen...
567 2542 622 2602 der
645 2544 690 2604 ein
717 2543 853 2603 einziges
876 2542 939 2602 Mal
958 2544 1011 2604 vor
1035 2545 1088 2605 dem
1130 2545 1183 2605 Tod
1211 2546 1270 2606 mit
1289 2546 1487 2606 angelischem

322 2584 393 2644 Blick
423 2584 533 2644 bereits
557 2584 581 2644 in
605 2586 653 2646 den
683 2587 821 2647 Himmel
836 2587 956 2647 schaut.
990 2587 1196 2647 „Seligarmer
1216 2590 1417 2650 Erdensohn,
1432 2590 1504 2650 viel¬

318 2629 413 2689 leicht
433 2630 518 2690 schon
547 2631 571 2691 im
605 2630 819 2690 Sterbekleid,
834 2632 967 2692 summst
987 2632 1039 2692 mit
1059 2632 1149 2692 leisem
1188 2633 1306 2693 Getupf
1321 2634 1388 2694 still
1407 2634 1498 2694 etwas

322 2673 368 2733 vor
392 2673 452 2733 dich
480 2673 527 2733 hin
556 2673 569 2733 —
607 2675 658 2735 das
682 2674 766 2734 nicht
790 2676 873 2736 mehr
897 2676 948 2736 von
972 2676 1075 2736 dieser
1099 2676 1178 2736 Welt
1197 2676 1248 2736 ist,
1262 2676 1336 2736 aber
1356 2678 1426 2738 doch
1454 2680 1505 2740 auf

316 2716 402 2776 einem
450 2718 612 2778 liedhaften
651 2718 789 2778 Erdfleck
823 2718 942 2778 wuchs,
967 2721 1157 2781 Oesterreich
1191 2721 1358 2781 genannt."

372 2760 409 2820 So
439 2760 538 2820 schien
572 2762 605 2822 es
634 2763 691 2823 mir
721 2763 787 2823 beim
830 2763 925 2823 ersten
960 2766 1074 2826 Hören,
1098 2769 1232 2829 damals.
1270 2768 1298 2828 In
1337 2768 1389 2828 der
1414 2766 1504 2826 Stadt

317 2805 412 2865 Bozen
444 2805 506 2865 war
534 2806 606 2866 das.

378 2849 569 2909 (Zemlinsky
599 2849 711 2909 betrieb
746 2851 799 2911 und
829 2853 971 2913 empland
1001 2853 1034 2913 F.
1055 2855 1221 2915 Schuberts
1251 2857 1461 2917 Vollendete.)

373 2957 492 3017 Danach
531 2958 578 3018 die
607 2957 688 3017 Rede
717 2959 865 3019 Heinrich
899 2960 1018 3020 Manns.
1052 2962 1143 3022 Nicht
1168 2963 1397 3023 schubertisch,
1421 2965 1497 3025 eher

320 3002 487 3062 lübeckisch
520 3002 546 3062 im
592 3002 941 3062 lotrecht-schicklichen
978 3005 1187 3065 Aufsageton:
1219 3007 1355 3067 dennoch
1396 3008 1499 3068 erfüllt

320 3042 368 3102 von
403 3045 566 3105 seelischer
597 3046 738 3106 Wärme;
760 3047 813 3107 von
848 3046 1024 3106 trauernder
1055 3049 1258 3109 Hingebung;
1285 3051 1332 3111 von
1364 3052 1500 3112 liebend¬

316 3091 546 3151 ebrfürchtiger
569 3091 841 3151 Kameradschaft.
865 3092 919 3152 Ein
946 3091 1045 3151 edler,
1060 3094 1154 3154 fester
1178 3096 1354 3156 Vorklang.

374 3133 410 3193 Er
433 3135 556 3195 spreche
593 3134 679 3194 (fügt'
703 3133 729 3193 er
757 3136 939 3196 schliesslich
972 3138 1035 3198 bei)
1059 3136 1081 3196 im
1118 3139 1227 3199 Namen
1259 3142 1309 3202 der
1337 3142 1501 3202 Akademie

317 3178 362 3238 für
390 3180 575 3240 Dichtkunst
621 3181 861 3241 Gemeinsamer
888 3181 1019 3241 Abend?
1056 3184 1105 3244 Tja
1138 3182 1151 3242 —
1197 3184 1246 3244 die
1278 3187 1491 3247 Zentralstelle

313 3223 360 3283 für
390 3223 485 3283 Kunst
510 3226 562 3286 des
586 3226 730 3286 Dichtens
754 3227 836 3287 hätte
860 3228 936 3288 dann
965 3229 1037 3289 aber
1057 3229 1104 3289 die
1129 3227 1272 3287 folgende
1297 3232 1488 3292 Aufführung

319 3267 475 3327 verbieten
509 3270 624 3330 sollen.

375 3354 460 3414 Diese
494 3355 560 3415 war
590 3357 680 3417 etwas
714 3358 809 3418 gegen
843 3360 962 3420 Arthur
991 3360 1162 3420 Schnitzler
1187 3360 1401 3420 Gerichtetes.
1430 3362 1492 3422 Der

317 3399 410 3459 Leser
434 3400 522 3460 ahnt,
545 3401 596 3461 von
634 3402 694 3462 wem
737 3403 792 3463 der
816 3405 951 3465 Obmann
984 3405 1109 3465 Fehling
1142 3405 1207 3465 hier
1231 3407 1389 3467 verlassen
1422 3408 1501 3468 war.

318 3444 452 3504 Richtig;
472 3446 520 3506 von
550 3447 621 3507 allen
646 3450 660 3510 g
689 3450 698 3510 .
713 3450 728 3510 .
747 3451 756 3511 .
771 3449 785 3509 .
805 3450 920 3510 G...

363 3489 516 3549 Jawohl.

1455 315 1582 375 box
1663 318 1854 378 44/1

1618 1438 1679 1498 Man
1710 1437 1856 1497 grübelt:
1883 1437 1941 1497 was
1968 1437 2020 1497 hat
2038 1439 2082 1499 ihn
2114 1437 2246 1497 gereizt,
2259 1437 2330 1497 etwa
2362 1437 2414 1497 den
2442 1440 2662 1500 Schauspieler
2689 1439 2742 1499 und

1565 1482 1766 1542 Dramatiker
1796 1479 1989 1539 Duschinsky
2019 1479 2071 1539 für
2097 1480 2152 1540 den
2187 1479 2375 1539 männlichen
2410 1481 2615 1541 Mittelpunkt
2637 1483 2667 1543 zu
2697 1482 2748 1542 be¬

1566 1527 1728 1587 stimmen?
1762 1524 1873 1584 Dieser
1897 1525 1957 1585 Zug
1986 1525 2022 1585 ist
2042 1526 2097 1586 nur
2116 1525 2204 1585 durch
2233 1524 2433 1584 Feindschaft
2452 1524 2549 1584 wider
2574 1528 2624 1588 den
2653 1529 2741 1589 Toten

1566 1569 1751 1629 erklärbar.

1619 1612 1702 1672 Oder
1730 1612 1819 1672 durch
1852 1610 2098 1670 Regiegetüftel?
2136 1609 2201 1669 Der
2225 1613 2518 1673 Gutsbesitzersohn
2546 1617 2630 1677 Fritz
2654 1618 2746 1678 heisst

1565 1658 1619 1718 mit
1638 1658 1823 1718 Nachnamen
1851 1658 2055 1718 Lobheimer,
2073 1658 2123 1718 das
2141 1658 2240 1718 klingt
2259 1658 2350 1718 etwas
2373 1661 2513 1721 jüdisch:
2537 1661 2599 1721 also
2623 1663 2740 1723 jemand

1566 1703 1589 1763 in
1614 1703 1666 1763 der
1691 1703 1791 1763 Maske
1820 1703 1906 1763 eines
1930 1702 2174 1762 intellektuellen
2204 1703 2520 1763 Talmudstudenten.

1622 1825 1674 1885 Die
1703 1828 1907 1888 Darstellerin
1942 1828 2032 1888 Lucie
2061 1829 2218 1889 Mannheim
2262 1831 2362 1891 bleibt
2386 1831 2429 1891 ein
2463 1831 2634 1891 herrlicher
2663 1831 2749 1891 Wert

1563 1870 1612 1930 für
1636 1873 1942 1933 Norddeutschland.

1622 1917 1655 1977 Es
1684 1916 1722 1976 ist
1741 1918 1822 1978 nicht
1842 1916 1961 1976 gesagt,
1981 1918 2042 1978 dass
2067 1915 2133 1975 eine
2162 1917 2382 1977 Norddeutsche
2406 1918 2492 1978 nicht
2512 1919 2535 1979 in
2565 1920 2746 1980 südsprach¬

1565 1959 1655 2019 licher
1683 1960 1859 2020 Umgebung
1887 1960 1954 2020 echt
1973 1960 2086 2020 wirken
2118 1961 2213 2021 kann.
2254 1962 2512 2022 (Beispielsweise
2540 1962 2580 2022 G.
2599 1965 2730 2025 Mosheim

1565 2005 1610 2065 die
1642 2003 1764 2063 Aeltere
1792 2005 1968 2065 prachtvoll
1992 2006 2018 2066 im
2059 2005 2277 2065 wienerischen
2314 2007 2427 2067 Tonfilm
2473 2008 2522 2068 von
2559 2008 2613 2068 der
2641 2010 2740 2070 armen

1567 2048 1817 2108 Kirchenmaus.)

1618 2092 1702 2152 Aber
1726 2093 1772 2153 die
1796 2094 1958 2154 Mannheim
2001 2094 2126 2154 wurzelt
2145 2094 2220 2154 ganz
2244 2094 2299 2154 tief
2319 2094 2346 2154 in
2375 2096 2425 2156 der
2444 2094 2635 2154 Spreewelt.
2673 2096 2742 2156 Ihre

1565 2137 1723 2197 Klugheit,
1766 2136 1960 2196 Adrettheit,
1998 2138 2179 2198 Schalkheit
2222 2139 2310 2199 passt
2347 2139 2468 2199 schwer
2515 2139 2566 2199 für
2613 2141 2659 2201 ein
2710 2143 2738 2203 so

1562 2178 1791 2238 unbewusstes,
1809 2181 1923 2241 stilles,
1941 2181 2121 2241 schlichtes,
2139 2181 2249 2241 liebes,
2271 2183 2372 2243 arglos
2399 2184 2561 2244 liebendes
2584 2187 2746 2247 Pflanzen¬

1563 2222 1721 2282 geschöpf.
1759 2223 1819 2283 (Sie
1847 2222 1888 2282 ist
1908 2224 1935 2284 zu
1964 2223 2047 2283 hell;
2066 2225 2094 2285 zu
2127 2225 2225 2285 wach;
2244 2225 2332 2285 sogar
2356 2226 2383 2286 zu
2412 2228 2602 2288 praktisch.)
2640 2230 2742 2290 Selbst

1563 2264 1610 2324 bei
1635 2265 1687 2325 der
1717 2267 1812 2327 ersten
1846 2267 1937 2327 Liebe
1976 2268 2033 2328 des
2058 2269 2192 2329 Daseins
2221 2269 2321 2329 würde
2360 2271 2403 2331 sie
2432 2272 2480 2332 die
2509 2274 2734 2334 äschyleischen

1571 2308 1659 2368 Verse
1686 2309 1862 2369 sprechen:

1620 2354 1675 2414 Ach
1704 2356 1811 2416 Ernst,
1825 2356 1871 2416 ach
1900 2357 2002 2417 Ernst,
2021 2357 2067 2417 ach
2092 2359 2184 2419 Ernst
2203 2357 2217 2417 —
2260 2358 2320 2418 was
2343 2360 2375 2420 du
2405 2362 2460 2422 mir
2484 2362 2558 2422 alles
2577 2363 2688 2423 lernst.

1623 2399 1729 2459 (Tine?
1775 2401 1825 2461 Ja.
1861 2402 2044 2462 Christine?
2085 2404 2191 2464 Nein.)

2111 2482 2189 2542 VII.

1614 2524 1688 2584 Noch
1716 2526 1781 2586 eine
1805 2527 1833 2587 so
1861 2529 2080 2589 willkommene
2108 2530 2197 2590 Kraft
2216 2530 2271 2590 und
2295 2530 2337 2590 ein
2365 2530 2393 2590 so
2417 2532 2542 2592 eruster
2566 2535 2664 2595 Besitz
2683 2536 2738 2596 wi¬

1566 2569 1674 2629 Walter
1704 2572 1812 2632 Franck
1847 2573 1940 2633 nullt,
1966 2574 2014 2634 von
2044 2575 2172 2635 Fehling
2202 2575 2379 2635 missleitet,
2399 2575 2468 2635 hier
2498 2578 2546 2638 die
2572 2581 2739 2641 Stufungen

1562 2612 1614 2672 des
1639 2614 1763 2674 Stücks.

1614 2658 1726 2718 Dieser
1752 2661 1884 2721 „Herr“,
1899 2659 1948 2719 der
1973 2660 2076 2720 Gatte,
2096 2661 2125 2721 so
2150 2662 2278 2722 nachher
2303 2661 2351 2721 den
2381 2661 2460 2721 Fritz
2485 2664 2504 2724 im
2544 2667 2642 2727 Duell
2657 2670 2744 2730 tötet,

1563 2703 1598 2763 let
1617 2703 1666 2763 vom
1708 2703 1829 2763 Dichter
1852 2703 1893 2763 als
1916 2703 1970 2763 das
1993 2706 2273 2766 hereinbrechende
2301 2708 2436 2768 Schwarz
2459 2712 2482 2772 in
2514 2713 2563 2773 das
2586 2715 2731 2775 Halbrosa

1559 2745 1612 2805 der
1634 2747 1763 2807 leichten
1795 2748 1973 2808 Abendlust
1996 2748 2165 2808 ersonnen.

1613 2790 1652 2850 Er
1677 2792 1755 2852 muss
1780 2793 1902 2853 knapp,
1917 2793 2069 2853 drohlich,
2089 2793 2162 2853 hart
2177 2796 2260 2856 sein.
2300 2797 2412 2857 Franck
2467 2800 2515 2860 rd
2545 2802 2647 2862 jedoch
2678 2802 2726 2862 von

1558 2835 1696 2895 Schmerz
1721 2835 1863 2895 gepeint;
1888 2838 1935 2898 von
1965 2838 2136 2898 Eifersucht
2156 2838 2318 2898 entnervt;
2338 2841 2385 2901 vom
2429 2845 2548 2905 Varten
2577 2849 2744 2909 erschöpft.

1619 2879 1643 2939 Im
1683 2879 1776 2939 Duell
1796 2879 1875 2939 hätte
1905 2879 1954 2939 der
1979 2882 2289 2942 vorbeigeschossen.

1612 2921 1823 2981 Tüftelregie.

2102 2971 2199 3031 VIII.

1607 3009 1666 3069 Das
1696 3014 1926 3074 Regiegetüftel
1951 3014 2044 3074 weist
2069 3017 2182 3077 hörbar
2207 3017 2261 3077 auf
2286 3018 2359 3078 etwa
2389 3020 2556 3080 folgendes
2586 3023 2659 3083 hin:
2684 3023 2733 3083 das

1551 3052 1634 3112 Stück
1661 3055 1709 3115 sei
1727 3055 1801 3115 heut
1819 3057 1951 3117 veraltet
1978 3058 2119 3118 (obschon
2146 3060 2233 3120 Liebe
2260 3064 2740 3124 gewissermassen-sozusagen,

1554 3099 1749 3159 unabhängig
1774 3100 1821 3160 von
1850 3102 1902 3162 der
1922 3103 2113 3163 begnadeten
2137 3105 2266 3165 Cattung
2290 3106 2343 3166 des
2363 3109 2553 3169 Zeitstücks,
2568 3109 2620 3169 bei
2635 3111 2720 3171 jedem

1555 3140 1626 3200 Volk
1660 3143 1765 3203 dieses
1795 3144 1904 3204 Sterns
1934 3146 1962 3206 in
2001 3148 2072 3208 drei
2096 3151 2287 3211 Ewigkeiten
2322 3154 2580 3214 drauflosdauert
2609 3155 2623 3215 —
2676 3158 2728 3218 und

1548 3187 1806 3247 drauflosdauern
1837 3191 1931 3251 wird)
1949 3194 2024 3254 ...

1608 3232 1669 3292 Das
1690 3234 1928 3294 Regiegetüftel
1944 3235 2062 3295 meint:
2084 3237 2212 3297 veraltet
2233 3235 2248 3295 —
2290 3241 2408 3301 folglich
2440 3244 2486 3304 die
2512 3245 2729 3305 Kleidermode

1549 3273 1604 3333 von
1637 3277 1795 3337 dazumal.
1846 3279 1948 3339 (Beide
1981 3281 2088 3341 süssen
2121 3282 2256 3342 Mäderlu
2284 3284 2358 3344 sehn
2391 3286 2474 3346 darin
2512 3288 2567 3348 aus
2595 3289 2651 3349 wie
2679 3290 2725 3350 die

1552 3318 1852 3378 Schreckschrauben
1887 3321 1900 3381 —
1949 3323 2039 3383 nein,
2063 3327 2110 3387 die
2140 3327 2273 3387 Paudler
2302 3329 2402 3389 nicht;
2426 3331 2474 3391 die
2508 3336 2617 3396 erfüllt
2641 3336 2722 3396 quick

1552 3363 1614 3423 ihre
1638 3366 1777 3426 Sendng
1806 3366 1892 3426 durch
1921 3369 2108 3429 eingeboren
2132 3372 2338 3432 kummerlose
2362 3375 2520 3435 Frische).

1606 3408 1658 3468 Die
1682 3411 1777 3471 Höche
1802 3411 1868 3471 lang
1893 3411 1945 3471 wie
1969 3415 2117 3475 dazumal
2132 3416 2145 3476 —
2184 3417 2298 3477 solcher
2323 3419 2423 3479 Pflanz
2447 3422 2566 3482 kommt
2581 3423 2719 3483 zustande

1555 3451 1625 3511 statt
1640 3454 1761 3514 fäbiger
1782 3458 2125 3518 Zusammendrängung
2157 3461 2206 3521 und
2237 3463 2358 3523 Tönung
2384 3465 2465 3525 eines
2485 3469 2606 3529 Stücks.
2642 3467 2727 3527 Diese

1517 3497 1664 3557 kommt
1685 3500 1777 3560 nicht
1792 3500 1965 3560 zustande.

2858 1440 2914 1500 Die
2941 1442 3064 1502 Sussin,
3082 1446 3355 1506 Strumpfwirkers

2807 1485 2967 1545 schlagend
2992 1488 3042 1548 vou
3067 1488 3081 1548 A
3112 1490 3162 1550 bis
3177 1488 3216 1548 Z.

2856 1530 2940 1590 Aber
2965 1530 3019 1590 der
3040 1532 3128 1592 sonst
3149 1535 3356 1595 vortreffliche

2803 1575 3020 1635 langhaariger
3055 1578 3346 1638 Theatermusikus;

2807 1620 2897 1680 greise
2924 1619 3024 1679 Bauer
3052 1621 3099 1681 vom
3143 1623 3355 1683 Steinwendhe

2863 1727 3008 1787 Indessen
3036 1730 3229 1790 Schnitzlers
3252 1733 3361 1793 junger

2807 1772 2902 1832 offner
2928 1772 2998 1832 Art,
3014 1772 3085 1832 noch
3116 1775 3333 1835 unauffälliger

2806 1814 3029 1874 repräsentativ
3057 1815 3117 1875 sein
3144 1819 3245 1879 muss.

2860 1856 2899 1916 Er
2924 1857 2983 1917 soll
3004 1861 3097 1921 nichts
3123 1864 3305 1924 ankünden,
3325 1867 3335 1927 n

2809 1903 2858 1963 und
2886 1903 2963 1963 leibt
2982 1903 2995 1963 —
3036 1903 3090 1963 und
3118 1906 3191 1966 alles
3219 1908 3254 1968 ist
3273 1908 3359 1968 schor

2858 1948 2895 2008 Er
2918 1948 2972 2008 hat
2989 1950 3011 2010 im
3045 1953 3198 2013 Sprechen
3226 1954 3269 2014 die
3292 1954 3357 2014 klar

2860 2052 2931 2112 Wer
2960 2055 3026 2115 war
3060 2060 3193 2120 vormals
3222 2061 3271 2121 die
3300 2062 3366 2122 Ch;

2805 2100 2889 2160 nicht
2914 2101 3017 2161 mobil
3043 2103 3201 2163 gemacht.
3251 2106 3353 2166 Aber:

2806 2142 2850 2202 die
2875 2144 3008 2204 Dorsch.
3038 2148 3308 2208 (Zwischendurch
3338 2149 3347 2209 &

2857 2187 3035 2247 Gleichviel
3055 2190 3064 2250 .
3080 2191 3124 2251 ..
3149 2193 3213 2253 Man
3248 2193 3346 2253 denkt

2805 2232 2909 2292 Manns
2939 2231 3018 2291 Rede
3054 2234 3187 2294 zurück.
3232 2236 3296 2296 Und
3326 2239 3360 2299 gi

2801 2277 3132 2337 Schnitzler-Abends.

2868 2369 3047 2429 (Zemlinsky
3084 2369 3201 2429 betrieb
3236 2372 3298 2432 und
3326 2372 3360 2432 en
