3392 4352
1379 339 1504 399 box
1579 340 1764 400 44/2

83 342 211 402 12.
262 342 862 402 Schnitzler's
922 339 1151 399 Death

1012 1107 1729 1167 OBSERVER

1101 1159 1126 1219 I.
1139 1162 1259 1222 österr.
1272 1168 1419 1228 behördl.
1436 1173 1733 1233 konzessioniertes

1049 1201 1286 1261 Unternehmen
1317 1206 1364 1266 für
1390 1214 1778 1274 Zeitungs-Ausschnitte

1104 1262 1252 1322 WIEN,
1279 1268 1331 1328 I.,
1358 1272 1638 1332 WOLLZEILE
1684 1279 1729 1339 11

1195 1315 1413 1375 TELEPHON
1451 1325 1632 1385 R-23-0-43

992 1455 1218 1515 Ausschnitt
1241 1461 1334 1521 aus:

1362 1501 1410 1561 Die
1427 1506 1573 1566 Stunde,
1590 1508 1663 1568 Wian

1442 1560 1507 1620 2A
1558 1571 1690 1631 OKT.
1709 1576 1807 1636 1937

1000 1678 1100 1738 vom:

1217 1759 1531 1819 Erinnerung
1577 1765 1621 1825 an
1673 1769 1827 1829 Artur
1860 1774 2148 1834 Schnitzler

755 1801 811 1861 Der
834 1805 962 1865 Dichter
984 1809 1034 1869 bei
1057 1810 1106 1870 der
1128 1812 1228 1872 Probe
1250 1813 1351 1873 seines
1380 1818 1487 1878 letzten
1516 1819 1652 1879 Stückes
1675 1823 1760 1883 Spiel
1775 1825 1824 1885 der
1847 1828 2083 1888 Sommerlüfte"
2106 1834 2133 1894 im
2163 1840 2335 1900 Deutschen
2372 1844 2485 1904 Volks¬

1568 1864 1673 1924 theate

732 3297 790 3357 Von
822 3301 900 3361 links
927 3303 1000 3363 nach
1033 3305 1153 3365 rechts:
1175 3306 1317 3366 Johanua
1349 3312 1713 3372 Terwin-Moissi,
1740 3319 1882 3379 Direktor
1914 3323 1971 3383 Dr.
1998 3330 2119 3390 Beer,
2140 3334 2230 3394 Luise
2262 3343 2451 3403 UIIrich,

1233 3352 1312 3412 Toni
1333 3356 1466 3416 Riedl
1494 3359 1748 3419 Alexander
1776 3368 1936 3428 Moissl.

1586 3491 1930 3551 Schnitzlers
1973 3491 2132 3551 letzte
2183 3488 2418 3548 Lebens¬

1947 3568 2081 3628 jahre

1617 3626 1703 3686 Artur
1730 3627 1923 3687 Schnitzler,
1946 3628 1993 3688 der
2021 3628 2047 3688 in
2080 3625 2133 3685 den
2166 3625 2279 3685 letzten
2317 3622 2429 3682 Jahren

1588 3673 1668 3733 nicht
1693 3673 1774 3733 mehr
1799 3671 1851 3731 gut
1876 3673 1975 3733 hörte,
1995 3670 2072 3730 lebte
2101 3671 2124 3731 in
2153 3668 2249 3728 seiner
2278 3667 2431 3727 Wohnung

1586 3717 1610 3777 in
1648 3717 1698 3777 der
1732 3715 2023 3775 Sternwartostraße
2057 3713 2190 3773 ziemlich
2228 3709 2332 3769 einsam
2378 3709 2432 3769 und

1580 3756 1838 3816 abgeschlossen.
1860 3759 1893 3819 Er
1914 3759 1964 3819 sah
1989 3758 2043 3818 nur
2065 3756 2139 3816 dann
2165 3754 2219 3814 und
2249 3753 2327 3813 wann
2353 3753 2436 3813 seine

1587 3801 1661 3861 alten
1697 3801 1838 3861 Freunde
1874 3801 1922 3861 bei
1949 3801 2010 3861 sich
2051 3801 2103 3861 und
2139 3800 2231 3860 folgte
2268 3798 2444 3858 manchmal

1583 3846 1796 3906 Einladungen
1833 3846 1932 3906 dieser
1965 3844 2114 3904 Freunde.
2160 3845 2187 3905 In
2223 3841 2277 3901 den
2319 3840 2441 3900 Abend-

1586 3890 1715 3950 stunden
1745 3888 1853 3948 pflegte
1883 3888 1913 3948 er
1939 3888 2042 3948 immer
2068 3887 2094 3947 in
2124 3885 2171 3945 die
2197 3885 2287 3945 Stadt
2313 3885 2348 3945 zu
2374 3882 2446 3942 fah¬

1578 3932 1629 3992 ren
1664 3932 1719 3992 und
1754 3932 1814 3992 sich
1853 3929 2213 3989 Theatervorstellungen
2252 3929 2444 3989 anzusehen.

1581 3977 1621 4037 Er
1654 3976 1735 4036 hatte
1767 3974 1799 4034 es
1826 3974 1930 4034 immer
1963 3974 2153 4034 vormieden,
2177 3971 2344 4031 Premieren
2376 3971 2444 4031 bei¬

1577 4019 1777 4079 zuwohnen.

1625 4075 1668 4135 Am
1707 4074 1952 4134 Sonntagabend
1991 4073 2047 4133 war
2080 4073 2110 4133 er
2142 4073 2218 4133 noch
2250 4070 2280 4130 im
2319 4070 2406 4130 Aka¬

1623 4114 1862 4174 demietheater,
1896 4117 1949 4177 sah
2002 4114 2064 4174 sich
2118 4114 2170 4174 den
2228 4112 2405 4172 „Leutnant

1623 4159 1773 4219 Komma“
1798 4159 1852 4219 an,
1871 4159 1924 4219 und
1956 4159 1985 4219 am
2028 4159 2173 4219 Dienstag
2204 4156 2349 4216 besuchte
2374 4161 2403 4221 er

1888 4201 1935 4261 die
1969 4204 2135 4264 Komödie.
