3392 4320
230 260 435 320 12..

481 267 1008 327 chnitzler's
1069 267 1296 327 Death

1524 270 1649 330 box
1730 277 1918 337 42/7

436 1231 1162 1291 OBSERVER

531 1276 553 1336 I.
568 1281 691 1341 österr.
701 1285 851 1345 behördl.
861 1294 1163 1354 konzessioniertes

478 1321 716 1381 Unternehmen
749 1326 794 1386 für
822 1335 1211 1395 Zeitungs-Ausschnitte

536 1382 680 1442 WIEN,
708 1390 757 1450 I.,
785 1393 1068 1453 WOLLZEILE
1117 1399 1157 1459 11

631 1436 850 1496 TELEPHON
883 1446 1059 1506 R-23-0-43

428 1573 565 1633 AUSSCh
653 1582 853 1642 Aan

819 1635 1241 1695 nant.

718 1733 738 1793 9
773 1740 793 1800 2
849 1755 988 1815 OKT.
1012 1764 1108 1824 1931

294 1918 391 1978 Zum
455 1921 580 1981 Tode
622 1927 789 1987 Arthur
826 1930 1118 1990 Schnitzlers.

419 2028 568 2088 Der
627 2032 891 2092 Dichter
939 2034 1053 2094 des
1100 2037 1481 2097 sterbenden
1541 2046 2036 2106 Oesterreichs.

603 2100 798 2160 „Frübgereift
825 2100 876 2160 und
903 2102 963 2162 zart
990 2103 1042 2163 und
1068 2106 1190 2166 traurig.

1254 2112 1300 2172 die
1332 2115 1487 2175 Kämpfe,
1513 2117 1559 2177 die
1596 2117 1643 2177 dem
1695 2121 1788 2181 Leben
1830 2124 1928 2184 seinen
1970 2124 2052 2184 Sinn
2094 2127 2156 2187 und

708 2142 784 2202 Hugo
815 2144 860 2204 von
895 2146 1116 2206 Hofmannsthal
1143 2151 1207 2211 über

1252 2151 1302 2211 dem
1353 2157 1508 2217 Menschen
1545 2157 1640 2217 seinen
1678 2160 1805 2220 inneren
1843 2163 1920 2223 Halt
1944 2166 2153 2226 wiedergeben

701 2178 749 2238 den
782 2180 878 2240 jungen
914 2181 1075 2241 Schnitzler.

1260 2193 1407 2253 könnten,
1427 2195 1455 2255 so
1499 2194 1551 2254 hat
1586 2196 1633 2256 sich
1667 2199 1834 2259 Schnitzler
1873 2203 1940 2263 doch
1983 2205 2050 2265 sehr
2089 2205 2155 2265 bald

380 2220 470 2280 Ganz
498 2225 698 2285 unerwartet
725 2227 761 2287 ist
790 2228 898 2288 gestern
935 2231 1116 2291 nachmittag
1148 2232 1189 2292 um

1253 2231 1369 2291 wieder
1397 2231 1420 2291 in
1453 2231 1509 2291 sein
1543 2234 1650 2294 Selbst
1674 2240 1926 2300 zurückgezogen,
1950 2242 2001 2302 von
2039 2242 2085 2302 dem
2128 2241 2160 2301 er

300 2258 310 2318 6
346 2259 413 2319 Uhr
445 2258 476 2318 15
523 2262 694 2322 Arthur
725 2267 990 2327 Schnitzler,
1027 2271 1079 2331 der
1121 2270 1203 2330 seine

1256 2270 1334 2330 nicht
1363 2270 1423 2330 frei
1452 2273 1559 2333 konnte
1592 2273 1601 2333 —
1657 2276 1713 2336 und
1751 2279 1867 2339 wollte.
1910 2282 1980 2342 Und
2013 2280 2087 2340 wir,
2116 2283 2157 2343 die

299 2300 419 2360 Dichter
444 2298 502 2358 und
531 2302 720 2362 Psycholog,
740 2305 763 2365 in
798 2308 899 2368 seinem
938 2309 1015 2369 Heim
1054 2309 1078 2369 in
1113 2312 1199 2372 Wien

1256 2312 1510 2372 Nachlebenden,
1525 2314 1624 2374 freuen
1654 2315 1730 2375 uns,
1750 2318 1797 2378 daß
1827 2318 1855 2378 er
1879 2321 1927 2381 dem
1966 2321 2037 2381 Bild
2062 2321 2157 2381 seiner

297 2337 381 2397 einem
419 2342 640 2402 Schlaganfall
664 2344 799 2404 erlegen.
838 2348 884 2408 Am
922 2349 1100 2409 Vormittag
1134 2350 1199 2410 noch

1255 2348 1385 2408 Jugend
1409 2351 1474 2411 treu
1503 2351 1657 2411 geblieben
1685 2355 1736 2415 ist.
1769 2357 1858 2417 Denn
1891 2360 1965 2420 seine
1995 2357 2162 2417 verfeiner¬

294 2377 374 2437 hatte
410 2377 440 2437 er
477 2380 561 2440 einen
592 2384 815 2444 Spaziergang
846 2387 1104 2447 unternommen,
1136 2389 1194 2449 von

1253 2387 1297 2447 ten
1348 2390 1480 2450 Organe
1527 2390 1621 2450 haben
1668 2390 1699 2450 es
1750 2395 1832 2455 ihm,
1869 2396 1923 2456 der
1965 2396 2023 2456 das
2070 2399 2156 2459 Wien

301 2414 350 2474 dem
396 2414 423 2474 er
456 2420 551 2480 etwas
588 2420 734 2480 erschöpft
762 2426 963 2486 heimkehrte;
991 2426 1059 2486 kurz
1087 2428 1205 2488 darauf

1252 2426 1302 2486 der
1339 2428 1676 2488 Jahrhundertwende
1723 2432 1772 2492 als
1818 2437 2156 2497 kulturgeschichtliches

297 2455 364 2515 fand
397 2455 460 2515 man
483 2456 529 2516 ihn
552 2459 574 2519 in
603 2459 698 2519 seinem
735 2464 999 2524 Arbeitszimmer
1022 2467 1195 2527 bewußtlos

1255 2465 1413 2525 Kuriosum
1446 2467 1469 2527 in
1493 2467 1600 2527 reifer,
1605 2470 1750 2530 echtester,
1764 2473 1964 2533 lebendigster
1979 2476 2155 2536 Gestaltung

294 2494 330 2554 am
367 2494 471 2554 Boden
499 2497 618 2557 liegen.
655 2500 736 2560 Eine
760 2502 1019 2562 Gehirnblutung
1047 2503 1111 2563 war
1138 2504 1202 2564 ein¬

1255 2505 1282 2565 zu
1314 2503 1523 2563 konservieren
1551 2509 1705 2569 vermocht
1729 2511 1792 2571 hat,
1810 2512 2005 2572 ermöglicht,
2025 2516 2088 2576 auch
2120 2515 2142 2575 im

296 2534 446 2594 getreten,
469 2536 491 2596 so
520 2536 574 2596 daß
601 2536 633 2596 er
656 2536 710 2596 das
742 2541 938 2601 Bewußtsein
970 2542 1052 2602 nicht
1071 2545 1202 2605 wieder¬

1255 2542 1359 2602 Dienst
1378 2544 1423 2604 des
1451 2545 1615 2605 modernen
1643 2548 1761 2608 Lebens
1789 2551 1852 2611 eine
1876 2553 1976 2613 schöne
1999 2554 2149 2614 Funktion

302 2573 455 2633 erlangte.
493 2574 572 2634 Eine
596 2578 844 2638 Atemlähmung
873 2581 928 2641 ließ
957 2581 1003 2641 ihn
1037 2583 1120 2643 sanft
1144 2584 1199 2644 und

1256 2584 1280 2644 zu
1310 2582 1463 2642 erfüllen:
1483 2587 1664 2647 Schnitzler,
1680 2589 1768 2649 dessen
1798 2591 2054 2651 psychologischer
2075 2592 2162 2652 Ties¬

299 2612 373 2672 leise
401 2611 428 2671 in
466 2613 517 2673 das
555 2616 675 2676 Dunkel
704 2617 755 2677 der
788 2620 941 2680 Ewigkeit
969 2623 1206 2683 zurückgleiten.

1252 2621 1320 2681 blick
1361 2623 1474 2683 immer
1515 2623 1633 2683 wieder
1675 2629 1974 2689 bewundernswert
2016 2632 2065 2692 ist,
2102 2632 2156 2692 hat

295 2652 381 2712 „Wir
406 2651 511 2711 spielen
546 2653 675 2713 immer;
695 2655 757 2715 wer
777 2655 811 2715 es
835 2657 931 2717 weiß,
951 2658 984 2718 ist
1004 2658 1066 2718 klug

1113 2655 1122 2715 —
1168 2659 1196 2719 so

1256 2658 1351 2718 seinen
1399 2662 1624 2722 gleichaltrigen
1672 2665 1882 2725 Fachkollegen
1930 2670 1988 2730 und
2036 2670 2160 2730 Lands¬

295 2690 378 2750 hatte
407 2688 434 2748 er
463 2691 538 2751 einst
562 2693 589 2753 in
623 2692 674 2752 den
707 2694 810 2754 Tagen
843 2695 894 2755 der
923 2699 1120 2759 Jugendzeit
1148 2700 1204 2760 mit

1254 2700 1346 2760 mann
1378 2700 1541 2760 Sigmund
1573 2700 1674 2760 Freud
1706 2703 1714 2763 —
1763 2705 1851 2765 wenn
1882 2708 1948 2768 auch
1980 2709 2059 2769 nicht
2086 2711 2161 2771 aus¬

296 2730 414 2790 leichter
442 2730 637 2790 Resignation
665 2733 842 2793 gesungen:
866 2736 920 2796 und
948 2736 1075 2796 ebenso,
1094 2738 1148 2798 wie
1171 2737 1202 2797 er

1253 2739 1411 2799 drücklich,
1436 2738 1459 2798 so
1493 2738 1560 2798 doch
1595 2741 1623 2801 im
1667 2739 1767 2799 Effekt
1797 2740 1811 2800 —
1864 2744 1888 2804 in
1927 2745 1975 2805 dem
2023 2748 2153 2808 bitteren

301 2766 350 2826 zum
396 2766 487 2826 Leben
524 2769 624 2829 stand,
643 2772 770 2832 näherte
797 2772 847 2832 sich
875 2772 924 2832 ihm
971 2775 1020 2835 der
1048 2779 1130 2839 Tod,
1153 2776 1202 2836 der

1252 2778 1370 2838 Kampf
1398 2776 1433 2836 um
1480 2778 1543 2838 eine
1576 2781 1821 2841 schmiegsamere
1854 2786 2086 2846 Seelenkunde,
2113 2785 2158 2845 die

297 2808 343 2868 ihn
371 2805 432 2865 still
456 2807 511 2867 und
540 2810 619 2870 ohne
643 2811 788 2871 Schmerz
812 2814 1069 2874 hinüberführte,

1250 2814 1304 2874 vor
1332 2814 1382 2874 der
1406 2817 1661 2877 Dunkelkammer
1685 2820 1812 2880 unseres
1840 2824 2156 2884 Unterbewußtseins

367 2846 488 2906 Arthur
512 2846 681 2906 Schnitzler
706 2849 757 2909 hat
781 2850 832 2910 dem
870 2852 969 2912 alten,
988 2853 1077 2913 heute
1101 2855 1204 2915 längst

1251 2853 1329 2913 nicht
1349 2855 1526 2915 haltmacht,
1545 2857 1615 2917 aufs
1639 2858 1807 2918 Kräftigste
1826 2861 2004 2921 unterstützt
2028 2862 2083 2922 und
2112 2863 2153 2923 die

296 2884 495 2944 versunkenen
540 2888 721 2948 Oesterreich
766 2890 823 2950 das
868 2891 1106 2951 Schwanenlied
1151 2892 1182 2952 ge

1251 2891 1341 2951 rechte
1371 2894 1514 2954 Wirkung
1544 2894 1591 2954 der
1620 2898 1759 2958 Leisiung
1789 2900 1908 2960 Freuds
1938 2903 1961 2963 im
2005 2903 2158 2963 Bewußt¬

295 2924 414 2984 dichtet.
453 2924 510 2984 Die
540 2925 640 2985 Werke
664 2927 716 2987 des
746 2927 928 2987 Künstlers,
948 2930 995 2990 der
1025 2930 1101 2990 einst
1121 2932 1197 2992 Arzt

1251 2933 1306 2993 sein
1344 2930 1396 2990 der
1424 2933 1669 2993 Allgemeinheit
1693 2936 1895 2996 vorbereitet.

296 2960 427 3020 gewesen
459 2964 545 3024 war,
573 2966 703 3026 spiegeln
749 2967 808 3027 sast
844 2967 898 3027 alle
935 2969 993 3029 das
1026 2969 1107 3029 Wien
1144 2969 1193 3029 der

1328 2969 1409 3029 Aber
1443 2971 1519 3031 nicht
1548 2972 1605 3032 nur
1634 2975 1710 3035 das:
1739 2976 1801 3036 auch
1835 2976 1882 3036 die
1912 2978 2064 3038 Aesthetik
2089 2980 2145 3040 und

291 3002 627 3062 Jahrhundertwende
676 3005 814 3065 wieder:
850 3007 916 3067 eine
952 3011 1040 3071 Zeit,
1072 3009 1102 3069 da
1147 3011 1191 3071 ein

1255 3011 1381 3071 Technik
1413 3010 1463 3070 der
1499 3011 1662 3071 modernen
1704 3014 1830 3074 Novelle
1867 3017 1902 3077 ist
1935 3018 1989 3078 von
2030 3020 2152 3080 Arthur

294 3041 421 3101 junger,
449 3042 549 3102 zarter
581 3044 698 3104 Mensch
735 3044 794 3104 mit
827 3045 1013 3105 wissenden,
1036 3049 1122 3109 leicht
1155 3046 1186 3106 er

1246 3049 1410 3109 Schnitzler
1462 3049 1631 3109 befruchtet
1677 3052 1823 3112 worden.
1870 3055 1942 3115 Was
1989 3057 2057 3117 man
2108 3056 2153 3116 bei

291 3079 432 3139 müdeten
460 3080 565 3140 Augen
597 3081 620 3141 in
652 3082 697 3142 die
721 3079 807 3139 Welt
826 3084 926 3144 blickte
949 3085 1008 3145 und
1036 3087 1104 3147 dort
1127 3088 1200 3148 trotz

1251 3088 1373 3148 Marcel
1396 3088 1514 3148 Proust
1533 3090 1591 3150 und
1619 3091 1733 3151 James
1761 3091 1860 3151 Jovce
1883 3092 1928 3152 als
1956 3097 2142 3157 unerhörten

294 3118 425 3178 anderen
457 3121 602 3181 Scheins,
621 3121 693 3181 trotz
712 3123 916 3183 Fröhlichkeit
934 3124 993 3184 und
1021 3124 1202 3184 Uebermut,

1246 3127 1428 3187 Fortschritt
1452 3127 1606 3187 gepriesen
1640 3129 1705 3189 hat,
1725 3130 1827 3190 findet
1851 3132 1898 3192 sich
1926 3134 1996 3194 auch
2025 3133 2038 3193 —
2091 3135 2146 3195 und

294 3157 353 3217 nur
376 3160 521 3220 Schmerz
545 3160 599 3220 und
627 3160 714 3220 leises
741 3160 869 3220 Weinen
897 3163 960 3223 sah.
997 3164 1106 3224 Hinter
1134 3165 1184 3225 dem

1245 3166 1404 3226 vielleicht
1427 3167 1499 3227 schon
1531 3166 1626 3226 bevor
1650 3169 1694 3229 die
1722 3170 1822 3230 beiden
1854 3172 2040 3232 Genannten
2072 3174 2153 3234 „ent¬

292 3194 369 3254 bunt
400 3199 667 3259 fluktuierenden,
693 3200 762 3260 noch
797 3202 909 3262 immer
944 3202 1189 3262 faszinierenden

1243 3202 1338 3262 deckt“
1365 3205 1488 3265 wurden
1520 3205 1529 3265 —
1575 3206 1624 3266 bei
1643 3211 1811 3271 Schnitzler
1839 3208 1906 3268 aufs
1934 3212 2151 3272 meisterlichste

290 3235 440 3295 Treiben,
458 3238 508 3298 dem
545 3238 640 3298 jedoch
668 3238 718 3298 der
737 3240 828 3300 starke
851 3241 933 3301 Sinn
960 3243 1065 3303 sehlte,
1084 3244 1193 3304 grinste

1245 3241 1469 3301 verwirklicht:
1488 3247 1553 3307 jene
1582 3247 1815 3307 eigentümliche
1839 3250 1918 3310 Form
1960 3250 2007 3310 des
2040 3252 2151 3312 Prosa¬

287 3273 337 3333 dem
374 3276 652 3336 Tieferblickenden
684 3276 730 3336 die
753 3278 857 3338 Fratze
881 3279 931 3339 der
954 3280 1191 3340 Verzweiflung

1250 3282 1463 3342 kunstwerkes,
1486 3282 1536 3342 die
1564 3283 1618 3343 das
1645 3285 1763 3345 äußere
1791 3288 1954 3348 Geschehen
1991 3288 2013 3348 in
2050 3292 2136 3352 einem

283 3312 314 3372 e.
338 3315 451 3375 gegen.
470 3315 566 3375 Unter
589 3315 639 3375 der
663 3315 827 3375 Schminke
850 3318 896 3378 die
919 3318 1079 3378 gähnende
1107 3320 1193 3380 Leere

1251 3322 1394 3382 „inneren
1428 3322 1604 3382 Monolog"
1639 3324 1681 3384 sich
1716 3326 1844 3386 spiegeln
1883 3327 1964 3387 läßt.
2008 3330 2146 3390 Dadurch

294 3353 379 3413 einer
403 3351 497 3411 Welt,
525 3354 569 3414 die
602 3354 696 3414 sachte
728 3354 786 3414 und
823 3357 1003 3417 unmerklich
1040 3360 1198 3420 einstürzt.

1250 3360 1368 3420 werden
1414 3360 1467 3420 der
1504 3363 1594 3423 Epik,
1627 3362 1676 3422 die
1718 3363 1786 3423 nach
1836 3366 1917 3426 einer
1954 3366 2144 3426 Bemerkung

362 3393 535 3453 Schnitzler
564 3392 615 3452 hat
639 3393 736 3453 dieses
770 3396 864 3456 Bild,
883 3399 939 3459 das
972 3396 1018 3456 der
1047 3397 1117 3457 erste
1146 3395 1197 3455 be¬

1246 3399 1385 3459 Orteaas
1424 3401 1471 3461 sich
1501 3402 1625 3462 stofflich
1654 3403 1798 3463 erschöpft
1827 3405 1889 3465 hat,
1914 3408 1985 3468 neue
2015 3409 2148 3469 Inhalte

290 3432 397 3492 wußte
430 3431 513 3491 Blick
551 3432 574 3492 in
617 3432 668 3492 die
701 3432 790 3492 Welt
823 3435 921 3495 seinen
964 3435 1089 3495 Sinnen
1132 3439 1202 3499 bot,

1248 3438 1425 3498 zugeführt.
1443 3439 1566 3499 Gerade
1594 3443 1625 3503 um
1667 3443 1761 3503 dieser
1785 3447 2008 3507 Bereicherung
2036 3448 2153 3508 willen,

291 3470 427 3530 niemals
459 3470 628 3530 vergessen.
674 3471 769 3531 Wenn
806 3473 833 3533 er
865 3473 910 3533 sich
943 3473 1011 3533 auch
1043 3475 1079 3535 um
1125 3472 1193 3532 1910

1243 3476 1294 3536 die
1323 3478 1476 3538 scheinbar
1509 3479 1564 3539 rein
1602 3481 1751 3541 formaler
1784 3482 1900 3542 Natur,
1924 3485 1946 3545 in
1984 3485 2147 3545 Wahrheit

289 3505 340 3565 als
369 3509 546 3569 Fünfziger
575 3508 640 3568 eine
669 3508 767 3568 Weile
795 3512 991 3572 aufzurafsen
1029 3515 1118 3575 sucht,
1142 3514 1178 3574 um

1241 3513 1315 3573 aber
1338 3515 1351 3575 —
1396 3515 1422 3575 im
1462 3518 1568 3578 Sinne
1590 3517 1643 3577 der
1665 3521 1913 3581 Psychoanalyse
1935 3521 1948 3581 —
1993 3524 2147 3584 substanz¬

294 3545 439 3605 Anschluß
476 3548 502 3608 zu
539 3548 643 3608 finden
680 3550 711 3610 an
748 3548 793 3608 die
821 3553 970 3613 Jugend,
993 3551 1042 3611 die
1070 3552 1115 3612 die
1147 3553 1192 3613 be¬

1241 3554 1371 3614 bildend
1400 3554 1451 3614 ist,
1470 3557 1553 3617 fühlt
1582 3557 1623 3617 sich
1656 3559 1722 3619 auch
1755 3558 1801 3618 die
1829 3559 1922 3619 junge
1951 3563 2136 3623 Generation

305 3587 463 3647 äubenden
499 3587 622 3647 Farben
658 3587 710 3647 des
746 3590 887 3650 Herbstes
922 3590 1001 3650 nicht
1028 3591 1116 3651 mehr
1147 3592 1195 3652 ge¬

1245 3595 1366 3655 Arthur
1399 3594 1567 3654 Schnitzler
1596 3596 1666 3656 aufs
1699 3596 1796 3656 tiefste
1825 3599 2030 3659 verpflichtet.

300 3627 373 3687 ehen
403 3628 472 3688 hat,
490 3626 519 3686 an
550 3628 605 3688 das
636 3629 890 3689 neuentstehende
916 3629 1028 3689 Leben,
1050 3631 1101 3691 das
1132 3631 1179 3691 dem

1318 3633 1483 3693 Schnitzler
1511 3636 1574 3696 war
1607 3635 1648 3695 ein
1681 3638 1832 3698 Erzähler
1860 3639 1914 3699 von
1947 3641 2057 3701 Rana,
2080 3641 2139 3701 doch

307 3665 470 3725 etörenden
501 3665 625 3725 Zauber
647 3664 693 3724 des
720 3664 753 3724 fin
780 3665 809 3725 de
836 3667 921 3727 siècle
947 3668 1024 3728 nicht
1042 3669 1183 3729 verfallen

1238 3671 1297 3731 nur
1329 3673 1489 3733 scheinbar
1521 3673 1589 3733 auch
1626 3675 1667 3735 ein
1699 3676 1895 3736 Dramatiker
1932 3676 1986 3736 von
2014 3677 2137 3737 Geblüt

292 3709 339 3769 ist,
364 3708 449 3768 wenn
488 3706 516 3766 er
550 3706 674 3766 damals
708 3707 775 3767 auch
809 3709 975 3769 eingreifen
1014 3709 1124 3769 möchte
1158 3709 1181 3769 in
1206 3709 1224 3769 1
1249 3711 1349 3771 Seine
1383 3713 1526 3773 Arbeiten
1569 3715 1621 3775 für
1651 3715 1698 3775 die
1727 3717 1860 3777 Bühne,
1894 3717 1942 3777 die
1981 3716 2042 3776 viel
2081 3716 2152 3776 auf¬

2209 1894 2334 1954 geführt
2363 1897 2484 1957 worden
2532 1899 2614 1959 sind,
2643 1900 2740 1960 haben
2788 1900 2865 1960 nicht
2904 1900 2956 1960 den
3001 1903 3111 1963 rechten

2207 1936 2422 1996 dramatischen
2455 1936 2553 1996 Puls.
2596 1939 2797 1999 Psychologie
2822 1939 2845 1999 im
2888 1939 3004 1999 Drama
3038 1941 3103 2001 kann

2211 1969 2257 2029 sich
2286 1975 2416 2035 nämlich
2445 1975 2510 2035 auch
2543 1975 2589 2035 als
2622 1978 2803 2038 verderblich
2832 1978 3000 2038 erweisen:
3024 1978 3107 2038 wenn

2214 2011 2247 2071 sie
2276 2012 2304 2072 es
2338 2014 2539 2074 verhindert,
2563 2016 2615 2076 daß
2649 2016 2696 2076 die
2726 2017 2926 2077 Gegensätze,
2946 2017 3031 2077 jeder
3060 2017 3108 2077 für

2212 2049 2259 2109 sich
2288 2052 2312 2112 in
2346 2052 2441 2112 voller
2470 2055 2781 2115 Ausschließlichkeit,
2805 2055 2848 2115 als
2877 2056 2967 2116 solche
2997 2055 3020 2115 in
3054 2054 3111 2114 Er¬

2211 2089 2368 2149 scheinung
2397 2091 2452 2151 und
2481 2090 2582 2150 Aktion
2611 2094 2727 2154 treten.
2760 2094 2815 2154 Ein
2843 2094 3029 2154 Psychologe
3053 2096 3108 2156 wie

2211 2130 2378 2190 Schnitzler
2407 2127 2420 2187 —
2472 2130 2532 2190 und
2565 2131 2653 2191 darin
2691 2133 2784 2193 liegen
2822 2133 2868 2193 die
2901 2136 3036 2196 Mängel
3064 2132 3110 2192 be¬

2211 2169 2347 2229 gründet
2370 2167 2383 2227 —
2433 2169 2505 2229 sieht
2533 2169 2605 2229 aber
2628 2172 2741 2232 gerade
2769 2171 2823 2231 das
2850 2172 3018 2232 Gleitende
3050 2171 3104 2231 und

2211 2205 2255 2265 die
2280 2205 2503 2265 Uebergänge;
2533 2208 2591 2268 und
2622 2208 2651 2268 so
2681 2210 2755 2270 steht
2781 2211 2834 2271 der
2860 2213 3111 2273 Seelenkünstler

2211 2243 2262 2303 dem
2309 2246 2528 2306 dramatischen
2575 2246 2691 2306 Dichter
2730 2247 2757 2307 im
2804 2249 2911 2309 Wege.
2949 2252 3116 2312 Dennoch:

2211 2282 2392 2342 Schnitzlers
2425 2285 2626 2345 dramatische
2654 2285 2799 2345 Arbeiten
2842 2288 2977 2348 behalten
3019 2290 3103 2350 ihren

2207 2323 2297 2383 Reiz,
2312 2324 2384 2384 weil
2404 2324 2456 2384 das
2486 2324 2765 2384 Atmosphärische,
2784 2327 2837 2387 das
2862 2327 2933 2387 allen
2962 2328 3102 2388 Arbeiten

2212 2363 2393 2423 Schnitzlers
2423 2363 2451 2423 in
2480 2360 2508 2420 so
2537 2363 2628 2423 hohem
2676 2363 2767 2423 Maße
2796 2366 2824 2426 zu
2853 2366 2934 2426 eigen
2968 2367 3016 2427 ist,
3035 2368 3102 2428 eber

2207 2402 2298 2462 auch
2327 2402 2379 2462 zur
2409 2402 2755 2462 Bühnenwirksamkeit
2780 2405 2900 2465 gehört.

2283 2435 2350 2495 Aus
2393 2438 2446 2498 der
2485 2439 2594 2499 langen
2644 2441 2720 2501 Liste
2754 2442 2806 2502 der
2845 2443 2951 2503 Werke
2990 2444 3109 2504 Arthur

2211 2479 2392 2539 Schnitzlers
2429 2479 2488 2539 nur
2521 2479 2561 2539 ein
2607 2480 2689 2540 paar
2730 2482 2944 2542 bezeichnende
2977 2483 3112 2543 Namen.

2211 2518 2268 2578 Der
2293 2521 2364 2581 Weg
2394 2519 2446 2579 der
2471 2521 2615 2581 Arbeiten
2649 2521 2697 2581 für
2726 2521 2769 2581 die
2794 2523 2909 2583 Bühne
2938 2524 3025 2584 führt
3049 2524 3101 2584 von

3163 1903 3326 1963 „Ana.ol"

3167 1942 3337 2002 „Einsam.

3174 1981 3293 2041 (1913);
3318 1981 3347 2041 d.

3167 2018 3229 2078 und
3266 2019 3338 2079 „Lei

3164 2057 3268 2117 fahrt"
3307 2060 3323 2120 z

3163 2097 3305 2157 novelle“

3168 2136 3240 2196 Weg
3262 2137 3312 2197 ins

3164 2174 3230 2234 war
3261 2175 3322 2235 wei

3163 2216 3210 2276 als
3240 2214 3283 2274 So

3168 2252 3295 2312 Johani

3163 2291 3288 2351 Assistel

3159 2331 3259 2391 lichen

3162 2369 3192 2429 er
3215 2372 3271 2432 „Le

3159 2407 3231 2467 war

3165 2450 3239 2510 Zeit
