3436 4384
1517 381 1652 441 box
1729 378 1970 438 43/26

240 399 286 459 12
403 396 1014 456 schitzer's
1083 390 1321 450 beatl

426 1000 945 1060 OSSENV

510 1053 639 1113 österr.
656 1049 801 1109 behördl.
821 1039 1108 1099 konzessioniertes

448 1095 672 1155 Unternehmen
705 1089 749 1149 für
774 1080 1146 1140 Zeitungs-Ausschnitte

497 1153 642 1213 WIEN,
662 1154 705 1214 I.,
732 1145 1016 1205 WOLLZEILE
1061 1142 1105 1202 11

586 1203 803 1263 TELEPHON
838 1194 1016 1254 R-23-0-43

408 1279 484 1339 Nr.
498 1279 567 1339 2410

882 1282 999 1342 Wien,
1021 1287 1181 1347 Sonntag

1679 1294 1840 1354 Nene
1885 1300 2042 1360 Freie
2087 1301 2292 1361 Presse

2739 1309 2807 1369 25.
2830 1309 2984 1369 Oktober
3013 1310 3104 1370 1931

2332 1414 2557 1474 Arthur
2596 1418 2927 1478 Schnitzler.

477 1446 759 1506 Arthur
826 1453 1282 1513 Schnitzlers

400 1554 909 1614 literarischer
976 1563 1365 1623 Nachlaß.

418 1653 738 1713 Verfügungen
780 1653 888 1713 über
930 1653 997 1713 die
1032 1659 1345 1719 Tagebücher.

1055 1736 1183 1796 Wien,
1203 1739 1252 1799 25.
1272 1739 1410 1799 Oktober.

405 1800 470 1860 Das
512 1804 583 1864 sehr
609 1805 838 1865 umfangreiche
869 1808 1052 1868 Testament
1093 1808 1149 1868 des
1186 1811 1348 1871 Dichters,
1385 1811 1440 1871 das

315 1848 464 1908 übrigens
492 1852 576 1912 nicht
600 1853 642 1913 ein
684 1854 1044 1914 zusammenhängendes
1077 1859 1264 1919 Dokument
1293 1860 1446 1920 darstellt,

315 1895 434 1955 sondern
473 1896 502 1956 im
551 1898 650 1958 Laufe
685 1900 732 1960 der
762 1902 867 1962 Jahre
901 1901 972 1961 stets
1007 1904 1136 1964 ergänzt
1170 1907 1290 1967 wurde,
1319 1907 1443 1967 enthält

303 1940 373 2000 über
408 1940 457 2000 den
503 1945 841 2005 literarischen
882 1950 1081 2010 Nachlaß
1126 1951 1340 2011 ausführliche
1380 1951 1439 2011 und

306 1988 488 2048 detaillierte
525 1993 804 2053 Bestimmungen.
836 1996 1019 2056 Zunächst:
1050 1996 1116 2056 Die
1147 2000 1442 2060 Tagebücher

303 2035 406 2095 dürfen
454 2036 538 2096 von
586 2041 806 2101 niemand
863 2044 1051 2104 gelesen
1099 2047 1301 2107 werden,
1344 2047 1437 2107 auch

304 2083 379 2143 vom
440 2085 602 2145 Sohne
648 2089 800 2149 nicht;
841 2089 892 2149 die
938 2092 1141 2152 Tagebücher
1187 2092 1257 2152 bis
1314 2093 1430 2153 1899

304 2129 466 2189 dürfen
512 2133 752 2193 vielmehr
793 2137 879 2197 erst
921 2138 1129 2198 zwanzig
1176 2142 1328 2202 Jahre
1369 2143 1440 2203 nach

306 2175 351 2235 dem
403 2178 489 2238 Tode
526 2178 576 2238 des
613 2181 781 2241 Dichters,
807 2181 858 2241 die
890 2184 1089 2244 anderen
1130 2184 1217 2244 erst
1253 2192 1442 2252 vierzig

309 2223 447 2283 Jahre
486 2226 650 2286 später
684 2232 1052 2292 veröffentlicht
1090 2235 1228 2295 werden.

396 2289 443 2349 Es
497 2292 639 2352 existiert
687 2295 787 2355 auch
851 2295 957 2355 eine
1010 2299 1433 2359 Antobiographie

304 2341 600 2401 Schnitzlers,
637 2340 688 2400 die
736 2343 892 2403 ebenfalls
939 2343 1027 2403 erst
1069 2349 1339 2409 frühestens
1387 2348 1428 2408 in

304 2386 505 2446 zwanzig
532 2388 712 2448 Jahren
745 2387 819 2447 der
846 2390 1254 2450 Oeffentlichkeit
1281 2396 1435 2456 bekannt¬

309 2432 433 2492 gegeben
470 2434 584 2494 werden
616 2435 710 2495 darf.
726 2435 772 2495 Im
820 2435 1002 2495 Testament
1028 2439 1111 2499 heißt
1138 2438 1169 2498 es
1200 2441 1356 2501 wörtlich,
1383 2444 1434 2504 daß

303 2477 413 2537 sowohl
454 2477 505 2537 die
536 2482 810 2542 Autobiographie
851 2483 901 2543 als
948 2485 1019 2545 auch
1070 2485 1115 2545 die
1151 2489 1349 2549 Tagebücher
1385 2490 1430 2550 „in

304 2525 405 2585 keiner
432 2525 537 2585 Weise
575 2530 756 2590 verfälscht,
793 2531 851 2591 also
889 2531 968 2591 nicht
995 2534 1176 2594 gemildert,
1203 2537 1330 2597 gekürzt
1362 2537 1431 2597 oder

309 2573 444 2633 sonstwie
475 2576 661 2636 verändert“
697 2577 808 2637 werden
844 2576 969 2636 dürfen.

396 2647 491 2707 Unter
549 2650 604 2710 den
670 2650 1169 2710 unveröffentlichten
1236 2658 1429 2718 Werken

292 2695 474 2755 Schnitzlers
515 2696 616 2756 findet
658 2698 708 2758 sich
754 2698 810 2758 vor
846 2700 921 2760 allem
983 2699 1044 2759 eine
1090 2700 1186 2760 Reihe
1227 2703 1283 2763 von
1329 2704 1430 2764 Ein¬

298 2740 480 2800 aktern,
511 2743 559 2803 die
590 2744 678 2804 meist
718 2746 801 2806 aus
842 2746 945 2806 viel
985 2747 1206 2807 früheren
1246 2752 1424 2812 Jahren

297 2788 463 2848 stammen.
490 2791 656 2851 Darunter
693 2793 753 2853 sind
789 2794 859 2854 auch
896 2794 1002 2854 solche,
1027 2794 1073 2854 die
1109 2794 1184 2854 schon
1226 2798 1250 2858 in
1292 2798 1433 2858 Schreib¬

305 2832 579 2892 maschinenschrift
614 2838 797 2898 übertragen
836 2839 980 2899 wurden,
1010 2840 1072 2900 doch
1111 2844 1212 2904 weisen
1251 2844 1323 2904 auch
1357 2847 1434 2907 diese

296 2882 509 2942 Reinschriften
549 2884 663 2944 immer
693 2886 807 2946 wieder
837 2888 1045 2948 Korrekturen
1085 2890 1154 2950 auf.
1189 2890 1273 2950 Fast
1313 2892 1431 2952 voll¬

292 2928 429 2988 endet
455 2931 602 2991 erscheint
629 2933 699 2993 ein
736 2934 889 2994 Stück,
910 2937 1067 2997 dessen
1114 2939 1430 2999 vorläufiger

304 2976 433 3036 Titel
465 2979 579 3039 „Das
616 2977 766 3037 Wort“
798 2980 1005 3040 lautete.
1032 2984 1151 3044 Ferner
1183 2985 1431 3045 Entwürfe

298 3024 337 3084 zu
373 3024 500 3084 einem
546 3027 713 3087 Drama
743 3027 827 3087 aus
852 3027 931 3087 der
956 3032 1440 3092 Landsknechtszeit,

301 3071 345 3131 die
376 3071 441 3131 auch
472 3074 548 3134 schon
584 3074 709 3134 ziemlich
746 3075 816 3135 weit
842 3077 1029 3137 ausgeführt
1055 3077 1175 3137 waren.

387 3143 467 3203 Sehr
494 3147 813 3207 umfangreich
850 3149 885 3209 ist
916 3150 971 3210 das
1007 3152 1312 3212 vorhandene
1348 3155 1429 3215 No¬

300 3194 718 3254 vellenmaterial.
743 3197 790 3257 Es
825 3197 925 3257 finden
964 3200 1012 3260 sich
1051 3200 1075 3260 so
1114 3200 1233 3260 manche
1268 3203 1435 3263 darunter,

295 3239 344 3299 die
370 3240 486 3300 dreißig
522 3242 577 3302 und
608 3242 718 3302 vierzig
749 3245 850 3305 Jahre
881 3245 1083 3305 zurückliegen
1124 3247 1179 3307 und
1210 3248 1345 3308 niemals
1376 3250 1426 3310 zur

301 3286 586 3346 Veröffentlichung
617 3289 778 3349 bestimmt
803 3290 921 3350 waren.
942 3290 990 3350 Es
1015 3292 1138 3352 dürften
1173 3295 1237 3355 auch
1267 3296 1335 3356 jetzt
1360 3296 1424 3356 nach

296 3334 344 3394 dem
392 3334 479 3394 Tode
522 3334 575 3394 des
614 3337 753 3397 Dichters
801 3337 878 3397 viele
922 3337 1003 3397 nicht
1042 3339 1133 3399 mehr
1172 3342 1417 3402 herausgegeben

300 3379 437 3439 werden.
467 3381 545 3441 Auch
579 3386 726 3446 große
756 3384 888 3444 Teile
933 3385 1064 3445 eines
1109 3391 1338 3451 Romans,
1373 3391 1422 3451 für

297 3427 343 3487 den
380 3429 550 3489 allerdings
582 3431 649 3491 noch
686 3433 753 3493 kein
790 3433 873 3493 Titel
899 3433 956 3493 vom
1003 3436 1127 3496 Dichter
1169 3440 1298 3500 gegeben
1345 3439 1428 3499 war,

305 3477 411 3537 fanden
445 3477 495 3537 sich
529 3477 596 3537 vor.

1574 3546 1815 3606 Reproduktion
1845 3546 2023 3606 verboten.

2672 3552 2868 3612 Aufnahme:
2892 3552 3005 3612 Walter
3029 3557 3202 3617 Firger,
3221 3557 3339 3617 Berlin,
3358 3558 3394 3618 K.

478 3567 593 3627 Eine
633 3570 1237 3630 Aphorismensammlung.

388 3644 487 3704 Wohl
526 3645 581 3705 den
626 3648 753 3708 größten
804 3648 881 3708 Teil
915 3648 970 3708 des
1015 3651 1192 3711 Nachlasses
1237 3651 1336 3711 bildet
1381 3652 1425 3712 die

1463 3654 1791 3714 gemeinen",
1830 3651 1900 3711 eine
1944 3653 2048 3713 zweite
2092 3656 2217 3716 „Zum
2278 3654 2464 3714 Wesen
2514 3656 2595 3716 der

2825 3659 2907 3719 Ein
2952 3663 3296 3723 unvollendeter
3341 3663 3397 3723 To

292 3693 896 3753 Aphorismensammlung
948 3695 1025 3755 des
1078 3698 1314 3758 Dichters.
1356 3696 1423 3756 Die

1465 3698 1652 3758 Kritik“
1693 3698 1748 3758 und
1789 3698 1849 3758 eine
1885 3701 1996 3761 dritte,
2022 3701 2103 3761 wohl
2134 3701 2199 3761 eine
2230 3701 2285 3761 der
2316 3702 2599 3762 interessantesten,

2726 3713 2804 3773 Eine
2835 3716 2882 3776 der
2914 3718 3013 3778 letzten
3045 3719 3191 3779 Arbeiten
3228 3719 3275 3779 des
3307 3719 3405 3779 Dicht

297 3740 503 3800 Aphorismen
546 3741 609 3801 sind
647 3743 879 3803 wohlgeordnet
912 3743 949 3803 in
986 3743 1182 3803 kleinen
1220 3747 1415 3807 Mappen

1458 3745 1498 3805 die
1529 3746 1800 3806 Aufzeichnungen
1842 3746 1897 3806 aus
1929 3748 1980 3808 dem
2026 3747 2138 3807 Kriege
2170 3749 2297 3809 enthält
2329 3749 2389 3809 und
2420 3749 2472 3809 den
2508 3752 2594 3812 Titel

2629 3764 2746 3824 wurf
2772 3765 2807 3825 zu
2839 3764 2971 3824 einem
3013 3766 3248 3826 Tonfilm,
3269 3767 3315 3827 der
3346 3767 3366 3827 in

294 3785 551 3845 verwahrt.
582 3788 695 3848 Einige
731 3788 828 3848 dieser
866 3791 1004 3851 Mappen
1046 3791 1153 3851 tragen
1195 3794 1421 3854 Sammel¬

1472 3792 1582 3852 führt:
1609 3794 1725 3854 „Und
1752 3797 1932 3857 einmal
1960 3797 2070 3857 wird
2102 3797 2176 3857 der
2204 3800 2378 3860 Friede
2405 3800 2590 3860 wieder¬

2631 3809 2810 3869 bereits
2850 3815 3085 3875 skizziert
3125 3815 3208 3875 war.
3237 3814 3298 3874 Ein
3338 3814 3399 3874 Tit

308 3833 456 3893 litel,
498 3839 523 3899 so
576 3836 627 3896 zum
689 3839 828 3899 Beispiel
870 3843 936 3903 eine
983 3842 1168 3902 „Kunst
1210 3839 1256 3899 im
1318 3842 1420 3902 all=
1457 3842 1709 3902 kommen."

2633 3859 2791 3919 gewählt.
