3248 4384
337 255 906 315 Schnitzlers
979 258 1207 318 Death

1434 261 1563 321 box
1637 264 1880 324 43/11

367 411 1079 471 OBSERVER

458 467 481 527 l.
496 467 620 527 österr.
630 467 783 527 behördl.
793 465 1094 525 konzessionlertes

409 506 648 566 Unternehmen
676 506 726 566 für
750 506 1141 566 Zeitungs-Ausschnitte

464 568 615 628 WIEN,
644 569 691 629 I.,
720 568 1002 628 WOLLZEILE

564 617 783 677 TELEPHON
822 617 996 677 R-23-0-43

372 760 545 820 Raale
573 763 672 823 wolen
711 768 847 828 Balagt

2140 766 2415 826 Rualo-volen
2443 773 2553 833 Brlng

386 832 486 892 Arthur
505 834 650 894 Sohnitaler
676 835 717 895 zum
751 835 910 895 Gedächtnie

2143 837 2313 897 Elgenartige
2333 840 2471 900 Ballspiele
2495 840 2538 900 bei
2562 840 2606 900 den
2630 842 2653 902 In

386 861 475 921 Bilder
494 862 533 922 vom
560 864 757 924 Funkkabarett
769 864 811 924 der
827 865 908 925 Ravag

2141 864 2260 924 dianen

395 890 498 950 Wiener
513 894 597 954 Typen
620 894 666 954 vor
681 894 723 954 dem
758 897 906 957 Mikrophon

2150 894 2512 954 Gelsteswissenschaftliche
2529 900 2651 960 Bibliothe

383 921 509 981 Moderne
533 924 698 984 Orgelmusik

2179 924 2223 984 ken
2247 924 2411 984 Osterreichs

393 953 439 1013 Bei
460 952 502 1012 den
528 954 736 1014 Bettelmönchen
768 955 793 1015 am
825 954 908 1014 Neuen

2153 951 2255 1011 Wiener
2272 955 2381 1015 Malerei
2403 959 2451 1019 der
2468 960 2625 1020 Gegenwart
2642 962 2658 1022 in

415 984 519 1044 Markt

2174 984 2359 1044 Deutschland

2512 990 2531 1050 .
2556 992 2567 1052 .
2587 992 2598 1052 .
2619 992 2630 1052 .

391 1011 435 1071 Die
459 1014 723 1074 Benediktinerabtel
740 1014 835 1074 Sookau

2146 1011 2278 1071 Deutsche
2297 1017 2401 1077 Meister
2434 1017 2447 1077 .
2466 1017 2479 1077 .
2498 1017 2507 1077 .
2526 1017 2539 1077 .
2558 1019 2566 1079 .
2585 1020 2598 1080 .
2617 1020 2626 1080 .

387 1041 443 1101 Das
459 1042 663 1102 Choralrequiem

2147 1042 2305 1102 Bastelkurs

390 1070 432 1130 Ein
449 1073 597 1133 berühmter
614 1073 841 1133 Kriogskorrenpon
858 1072 911 1132 lent

2152 1072 2248 1132 Turnen
2272 1073 2320 1133 und
2339 1075 2495 1135 Prelsrätsel
2526 1076 2598 1136 ...

390 1097 436 1157 Die
453 1102 544 1162 lustige
562 1103 654 1163 Person
679 1106 721 1166 auf
738 1103 788 1163 de.»
810 1103 893 1163 Wiene

386 1130 505 1190 Theater

2111 1130 2170 1190 AUS
2194 1130 2253 1190 DER
2277 1133 2616 1193 RUNDFUNKTECHNIK:

701 1136 752 1196 ..
767 1136 780 1196 .
800 1138 813 1198 .
833 1139 842 1199 .

385 1160 526 1220 Berühmte
550 1163 651 1223 Clowns
680 1166 787 1226 ....

2145 1166 2199 1226 Vom
2230 1169 2408 1229 Radio-Hören

2145 1199 2239 1259 Direkt
2254 1199 2407 1259 gekoppelte
2432 1202 2580 1262 Verstärker

2142 1230 2394 1290 Radionachrichten
2419 1235 2463 1295 aus
2484 1235 2547 1295 aller
2568 1235 2637 1295 Weit

359 1241 562 1301 VORTRAOE:

2116 1276 2328 1336 SENDESPIELE
2352 1279 2409 1339 DER
2437 1276 2550 1336 WOCHE

383 1279 622 1339 Astronomischer
637 1282 701 1342 Kurs

2112 1306 2318 1366 RADIOPOST,
2333 1311 2535 1371 PROGRAMME

374 1312 436 1372 Eine
456 1312 533 1372 Reise
553 1315 615 1375 nach
640 1318 766 1378 Portugal

2111 1336 2354 1396 SPRACHKURSE

324 1491 764 1551 ILLUSTRIERTE
804 1496 1426 1556 WOCHENSCHRIET
1466 1502 1581 1562 DER
1622 1502 1919 1562 ÖSTERR.
1946 1507 2645 1567 RADIOVERKEHRS-A.
2660 1513 2736 1573 G.

311 1586 355 1646 8.
381 1581 637 1641 JAHRGANG

1115 1589 1283 1649 WIEN,
1305 1590 1360 1650 AM
1424 1591 1508 1651 30.
1537 1592 1790 1652 OKTOBER
1840 1593 1945 1653 1931

2471 1599 2657 1659 NUMMER
2703 1602 2715 1662 5

636 1661 694 1721 er
758 1662 940 1722 eee
989 1664 1002 1724 e
1019 1663 1063 1723 e
1095 1664 1216 1724 .

1854 1670 2020 1730 Nonalung
2048 1671 2117 1731 eilan
2145 1671 2170 1731 l.
2189 1671 2346 1731 dimmaintor
2365 1677 2443 1737 inun
2470 1677 2496 1737 da
2523 1677 2549 1737 la
2585 1677 2593 1737 a
2620 1677 2663 1737 as

648 1702 986 1762 Poetsparkassonkonto:
1000 1704 1119 1764 „Ostorr.
1137 1704 1333 1764 Croditinetitut
1347 1704 1389 1764 für
1407 1706 1561 1766 öffontliche
1583 1707 1835 1767 Unternehmungen
1861 1709 1908 1769 und
1930 1710 2067 1770 Arbelten;
2080 1710 2161 1770 Konto
2183 1713 2268 1773 Ravag
2294 1714 2367 1774 Wiel.

816 1742 862 1802 Die
882 1741 960 1801 durch
988 1741 1023 1801 ein
1046 1742 1269 1802 vorangesetztes
1289 1744 1300 1804 E
1324 1744 1589 1804 gekennzelchneten
1613 1745 1789 1805 Mittellungen
1816 1748 1867 1808 sind
1898 1749 2074 1809 entgeltliche
2098 1751 2234 1811 Anzeigen

328 1778 498 1838 Maahelnt
531 1778 626 1838 lecen
660 1779 776 1839 Prolieg
810 1779 830 1839 —
874 1784 1131 1844 Nenugsbeglan
1164 1784 1259 1844 leden
1293 1783 1409 1843 Monat
1432 1783 1452 1843 —
1496 1783 1549 1843 Die
1582 1787 1946 1847 Benugebsaingungen
1980 1790 2139 1850 donncen
2173 1790 2246 1850 dieh
2280 1791 2310 1851 ln
2355 1794 2471 1854 lanern
2505 1796 2567 1856 des
2601 1797 2717 1857 Mletes

554 1961 860 2021 Arthur
904 1966 1337 2026 Schnitzler
1395 1967 1519 2027 zum
1620 1968 2107 2028 Gedächtnis

400 2048 457 2108 Tun
491 2051 542 2111 hat
569 2050 601 2110 er
628 2052 718 2112 selbit
739 2052 791 2112 den
824 2053 895 2113 Weg
928 2056 973 2116 ins
994 2056 1091 2116 grose
1117 2056 1293 2116 Geheimnis
1320 2059 1502 2119 angetreten,

1555 2059 1586 2119 er
1618 2059 1668 2119 das
1694 2062 1926 2122 Zweifelhafte,
1946 2062 2085 2122 Relative
2117 2062 2191 2122 aller
2224 2064 2406 2124 Wertungen
2445 2065 2475 2125 am
2527 2066 2715 2126 deutlichsten

407 2092 464 2152 ins
493 2092 583 2152 grose
612 2092 803 2152 Geheimnis,
823 2093 870 2153 das
894 2095 994 2155 hinter
1024 2095 1095 2155 allem
1138 2098 1233 2158 Leben
1263 2099 1334 2159 liegt
1363 2100 1415 2160 und
1449 2100 1496 2160 das

1541 2100 1640 2160 zutage
1673 2100 1781 2160 treten.
1806 2101 1871 2161 Und
1900 2101 1951 2161 das
1971 2103 2117 2163 umspann
2150 2104 2197 2164 ihn
2226 2104 2286 2164 mit
2311 2104 2456 2164 Wehmut
2485 2106 2537 2166 und
2570 2106 2725 2166 Verzicht,

407 2131 449 2191 er
474 2131 502 2191 s0
531 2131 579 2191 oft
598 2131 770 2191 gesteltete.
790 2134 852 2194 Der
877 2134 938 2194 Tod
967 2137 1077 2197 dankte
1106 2137 1149 2197 ihm
1193 2137 1283 2197 diesen
1312 2139 1499 2199 ehrfurchts-

1558 2137 1607 2197 von
1643 2140 1728 2200 denen
1764 2140 1834 2200 auch
1865 2141 1940 2201 seine
1971 2142 2137 2202 Gestalten,
2162 2143 2253 2203 selbst
2278 2143 2303 2203 in
2334 2143 2414 2203 ihrer
2440 2146 2581 2206 höchsten
2611 2148 2721 2208 Freude

321 2166 415 2226 vollen
452 2169 560 2229 Dienst
588 2170 646 2230 und
678 2172 782 2232 führte
819 2172 864 2232 ihn
900 2174 1127 2234 unvermittelt,
1154 2176 1231 2236 ohne
1267 2178 1493 2238 vorbereitende

1556 2178 1610 2238 und
1641 2180 1858 2240 Lebensgierde
1889 2179 1928 2239 ein
1960 2181 2136 2241 erklecklich
2167 2181 2288 2241 Erbteil
2313 2184 2459 2244 erhalten.

313 2209 416 2269 Leiden
446 2208 530 2268 sanft
555 2211 634 2271 fort.
659 2211 743 2271 Noch
778 2212 817 2272 ein
852 2214 935 2274 Gang
966 2214 1054 2274 durch
1089 2215 1133 2275 die
1163 2217 1346 2277 herbstliche
1371 2220 1488 2280 Gegend

1587 2218 1757 2278 Schnitzler
1788 2219 1842 2279 war
1874 2220 1934 2280 eine
1959 2220 2110 2280 durthaus
2135 2223 2301 2283 vornehme
2332 2223 2387 2283 und
2417 2223 2508 2283 dabei
2529 2226 2719 2286 bescheidene

316 2248 409 2308 seines
439 2247 576 2307 geliebten
621 2250 699 2310 Wien
744 2252 793 2312 wie
833 2252 872 2312 ein
907 2256 1049 2316 geahntes
1084 2258 1373 2318 Abschiednehmen,
1404 2259 1492 2319 bevor

1555 2256 1664 2316 Natur.
1695 2259 1870 2319 Wienerisch
1906 2261 2132 2321 liebenswürdig
2168 2262 2223 2322 und
2254 2262 2499 2322 weltmännicch.
2525 2264 2620 2324 Weich
2661 2266 2715 2326 und

313 2288 346 2348 er
375 2286 422 2346 &n
451 2288 537 2348 Gang
566 2292 618 2352 aus
643 2292 690 2352 dem
734 2294 824 2354 Leben
853 2292 968 2352 antrat.
992 2295 1039 2355 Ein
1068 2298 1193 2358 Dichter
1222 2298 1260 2358 ist
1284 2298 1499 2358 gestorben...

1550 2295 1615 2355 vell
1639 2298 1732 2358 Musik
1765 2298 1816 2358 wie
1844 2298 1891 2358 die
1914 2301 2100 2361 Landschaft
2124 2303 2156 2363 um
2203 2302 2282 2362 Wien
2315 2304 2371 2364 und
2404 2304 2455 2364 wie
2484 2304 2558 2364 seine
2586 2305 2721 2365 wunder-

643 2327 745 2387 nes
778 2330 1047 2390 nchen
1099 2334 1220 2394 Wiener
1262 2340 1392 2400 Bodens,
1430 2337 1489 2397 eine

1545 2338 1613 2398 bare
1648 2337 1928 2397 stimmungsreiche
1958 2340 2066 2400 Prosa.
2091 2340 2273 2400 Entfesselte
2313 2343 2529 2403 Leidenschaft
2564 2346 2647 2406 fehlt
2692 2346 2711 2406 in

309 2365 610 2425 Zusammenfassung
650 2367 907 2427 großstädtiichen
947 2369 1341 2429 Oaterreienertumswar
1377 2371 1492 2431 Frehut

1552 2369 1636 2429 einem
1683 2370 1875 2430 Wesewie
1904 2371 1926 2431 in
1960 2372 2058 2432 seinem
2105 2375 2217 2435 Werk.
2237 2377 2278 2437 Is
2302 2377 2339 2437 iet
2368 2377 2443 2437 alle,
2467 2381 2724 2441 ehen,

309 2402 501 2462 Schnitzler.
534 2405 561 2465 In
594 2405 645 2465 ihm
692 2405 795 2465 flossen
833 2405 912 2465 zwei
936 2408 1056 2468 Ströme
1090 2410 1347 2470 großstädtischen
1384 2411 1496 2471 Lebens

1548 2409 1700 2469 Haltung,
1715 2411 1819 2471 Form.
1839 2411 2134 2471 Schicksalsschläge,
2154 2415 2197 2475 die
2221 2414 2287 2474 auch
2317 2413 2411 2473 diesem
2450 2411 2540 2471 vrillen
2570 2419 2712 2479 einsamen

310 2444 343 2504 zu
377 2444 602 2504 harmonischer
631 2444 750 2504 Einheit
789 2447 976 2507 zusammen:
1015 2449 1148 2509 einfache
1183 2451 1278 2511 Kraft
1317 2451 1364 2511 des
1398 2452 1494 2512 Volks

1551 2448 1694 2508 Träumer
1724 2450 1811 2510 nicht
1840 2453 1956 2513 erspart
1979 2453 2152 2513 geblieben,
2176 2453 2274 2513 ertrug
2303 2455 2338 2515 er
2362 2456 2419 2516 mit
2448 2456 2528 2516 einem
2570 2458 2714 2518 lautioten

307 2483 361 2543 und
396 2483 440 2543 die
480 2486 588 2546 üppige
619 2486 772 2546 Uberreife
812 2486 860 2546 der
890 2489 1093 2549 Gesellschaft
1124 2489 1236 2549 Wiens.
1267 2490 1350 2550 Diese
1390 2492 1488 2552 beiden

1548 2489 1760 2549 Heldentum.

309 2522 435 2582 »peisten
463 2525 538 2585 seine
566 2525 664 2585 Kunst
687 2527 743 2587 und
771 2528 859 2588 gaben
888 2528 934 2588 ihr
958 2528 1009 2588 den
1037 2530 1242 2590 anzichenden
1271 2531 1485 2591 zwiespältigen

1590 2530 1616 2590 In
1651 2528 1704 2588 den
1738 2531 1839 2591 Jahren
1873 2530 1947 2590 nach
1982 2531 2029 2591 dem
2077 2531 2238 2591 Weltkrieg
2272 2533 2332 2593 war
2361 2531 2394 2591 es
2422 2533 2455 2593 um
2503 2534 2549 2594 den
2584 2535 2711 2595 Dichter

308 2564 494 2624 Schimmer.
513 2564 541 2624 In
569 2566 671 2626 keiner
695 2567 821 2627 anderen
849 2567 1022 2627 Grossstadt
1046 2569 1096 2629 der
1125 2568 1204 2628 Welt
1228 2570 1260 2630 ist
1284 2573 1358 2633 diese
1382 2574 1489 2634 gegen-

1544 2571 1637 2631 stille,
1661 2570 1725 2630 sehr
1754 2570 1823 2630 stille
1851 2570 2023 2630 geworden.
2047 2572 2111 2632 Man
2145 2573 2284 2633 empfand
2317 2573 2363 2633 ihn
2396 2573 2437 2633 als
2466 2574 2614 2634 Vertreter
2642 2576 2716 2636 eines

309 2602 406 2662 seitige
443 2605 701 2665 Durchdringung
743 2608 794 2668 von
835 2608 979 2668 höchster
1016 2609 1217 2669 Gesellschaft
1254 2611 1305 2671 und
1347 2614 1480 2674 niederen

1546 2610 1721 2670 sterbenden
1752 2611 2051 2671 Kulturabschnittes
2072 2611 2123 2671 der
2144 2613 2411 2673 österreichischen
2443 2614 2643 2674 Menschheit,
2665 2615 2716 2675 der

313 2644 560 2704 Volksschichten
621 2646 645 2706 in
705 2647 754 2707 dem
824 2647 907 2707 Aus-

2133 2653 2339 2713 unzeitgemäß
2382 2651 2409 2711 in
2447 2653 2555 2713 unsore
2589 2656 2715 2716 anders-

313 2684 399 2744 maße
439 2686 570 2746 möglich
610 2686 741 2746 gewesen
785 2686 838 2746 wie
877 2689 901 2749 in

2129 2692 2274 2752 geartete,
2330 2692 2587 2752 anderswollende
2648 2695 2718 2755 Zeit

310 2724 362 2784 dem
430 2723 512 2783 Wien
571 2725 618 2785 der
677 2728 908 2788 Jahrhundert-

2128 2731 2345 2791 herüberrage.
2382 2734 2456 2794 Jede
2488 2733 2562 2793 neus
2599 2731 2710 2791 Jugend

308 2764 426 2824 wende.
449 2764 518 2824 Und
546 2766 715 2826 Schnitzier
748 2767 821 2827 ward
853 2770 903 2830 der

2125 2770 2150 2830 is
2197 2773 2420 2833 unchrerbietig
2452 2773 2534 2833 gegen
2571 2775 2617 2835 die
2649 2773 2716 2833 vor¬

307 2803 510 2863 dichterische
535 2806 693 2866 Verklärer
714 2808 808 2868 dieser
828 2809 906 2869 Zeit.

2127 2814 2348 2874 aufgegangene
2402 2812 2608 2872 Generation;
2653 2815 2716 2875 dies

354 2841 441 2901 Wenn
490 2844 557 2904 eine
591 2844 702 2904 Kultur
747 2847 775 2907 in
819 2847 901 2907 ihrer

2127 2850 2227 2910 Recht
2258 2850 2374 2910 heischt
2405 2853 2445 2913 sie
2476 2853 2531 2913 seit
2557 2853 2637 2913 jeher
2668 2854 2713 2914 für

304 2880 483 2940 Hochblüte
547 2883 639 2943 schon
693 2886 799 2946 Keime
853 2889 901 2949 des

2127 2892 2206 2952 sich.
2241 2892 2324 2952 Doch
2364 2892 2437 2952 auch
2487 2892 2531 2952 die
2576 2895 2713 2955 Umkehr

305 2925 539 2985 Niederganges
575 2925 699 2985 zeitigt,
730 2926 839 2986 bringt
870 2928 904 2988 sie

2127 2930 2251 2990 kommt
2277 2931 2402 2991 einmal.
2418 2932 2599 2992 Schnitzlers
2625 2934 2708 2994 Werk

308 2964 494 3024 gleichzeitig
526 2964 570 3024 den
601 2967 814 3027 Gärungsstoff
835 2966 905 3026 her-

2128 2970 2183 3030 hat
2213 2973 2269 3033 viel
2295 2973 2329 3033 zu
2365 2973 2426 3033 viel
2452 2973 2618 3033 dauernden
2654 2973 2714 3033 Ge-

304 3003 378 3063 vor,
398 3003 449 3063 der
478 3003 539 3063 ihre
563 3003 671 3063 Stärke
699 3006 751 3066 und
785 3006 902 3066 Wider-

2127 3009 2210 3069 halt,
2237 3012 2272 3072 ist
2309 3012 2382 3072 allzu
2419 3012 2496 3072 reich
2539 3014 2595 3074 mit
2627 3015 2720 3075 allge-

302 3044 562 3104 itandsfähigkeit
583 3044 721 3104 erprobt:
737 3047 790 3107 den
811 3047 901 3107 Skep-

2120 3050 2198 3110 mein
2235 3052 2461 3112 menschlichen
2499 3053 2710 3113 Seelenwerten

306 3083 457 3143 tizismus.
475 3083 648 3143 Schnitzler
676 3086 733 3146 war
756 3086 809 3146 von
840 3089 884 3149 ihm

2129 3092 2351 3152 durchtränkt,
2391 3092 2435 3152 als
2464 3092 2519 3152 das
2559 3094 2603 3154 es,
2637 3096 2714 3156 trotz

304 3123 430 3183 erfüllt;
459 3125 529 3185 aber
558 3125 590 3185 er
624 3125 732 3185 wirkte
760 3125 812 3185 bei
841 3128 882 3188 ihm

2124 3131 2223 3191 seiner
2287 3131 2603 3191 Zeitgebundenheit,
2663 3135 2717 3195 für

309 3164 352 3224 nie
388 3165 578 3225 zersetzend,
600 3167 728 3227 tondern
764 3170 905 3230 fragend,

2124 3169 2234 3229 immer
2271 3173 2474 3233 verstummen
2523 3173 2643 3233 müste.
2679 3173 2718 3233 Es

310 3203 459 3263 prüfend.
498 3204 536 3264 Er
571 3206 632 3266 trat
667 3206 753 3266 wohl
783 3207 811 3267 an
850 3209 903 3269 das

2125 3211 2181 3271 hat
2209 3211 2260 3271 wie
2289 3212 2354 3272 kein
2387 3212 2508 3272 zweites
2537 3215 2588 3275 den
2617 3213 2714 3273 öster-

307 3245 401 3305 Leben
431 3245 668 3305 zweifelsüchtig
699 3248 753 3308 mit
773 3248 901 3308 psycho-

2130 3250 2308 3310 reichischen
2351 3253 2510 3313 Menschen
2554 3253 2612 3313 und
2651 3252 2713 3312 ins-

307 3283 455 3343 logischem
550 3286 723 3346 Scharteinn
797 3289 905 3349 heran,

2127 3289 2290 3349 betondere
2344 3292 2396 3352 den
2455 3292 2575 3352 Wiener
2614 3293 2715 3353 Gross-

307 3322 391 3382 allein
429 3325 514 3385 nicht
547 3325 589 3385 als
619 3327 798 3387 Erforscher
841 3329 896 3389 und

2127 3331 2364 3391 atadtmenschen
2412 3331 2462 3391 der
2491 3334 2715 3394 Jahrhundert-

304 3361 438 3421 Erheller
473 3364 567 3424 seiner
598 3367 687 3427 tiefen
722 3368 905 3428 Abgründe,

2126 3369 2230 3429 wende
2281 3371 2471 3431 eingefangen
2535 3373 2589 3433 und
2658 3373 2712 3433 mit

306 3403 453 3463 vielmehr
494 3403 539 3463 als
577 3406 765 3466 vornehmer
806 3409 902 3469 Welt-

2127 3409 2314 3469 vollendeter
2344 3411 2441 3471 Kunst
2470 3412 2498 3472 zu
2533 3413 2696 3473 dauerndem

304 3444 414 3504 mann,
449 3445 501 3505 der
531 3445 588 3505 sich
623 3445 671 3505 ihm
725 3448 893 3508 spielerisch

2130 3451 2219 3511 Leben
2253 3451 2389 3511 gestaltet

306 3483 397 3543 naht,
420 3483 451 3543 um
497 3483 542 3543 ihm
589 3486 752 3546 spielerisch
789 3489 889 3549 manch

2160 3489 2195 3549 Es
2227 3491 2267 3551 ist
2299 3489 2355 3549 wio
2387 3489 2448 3549 eine
2490 3489 2571 3549 feine
2604 3492 2721 3552 Ironie,

307 3522 498 3582 Geheimnis,
522 3525 646 3585 manche
676 3527 833 3587 Wahrheit
863 3529 891 3589 zu

2126 3528 2148 3588 in
2190 3528 2240 3588 der
2272 3528 2322 3588 der
2354 3530 2546 3590 verstorbene
2583 3531 2710 3591 Dichter

305 3564 487 3624 entlocken.
539 3564 621 3624 Aber
669 3567 756 3627 deren
808 3570 898 3630 letzte

2127 3567 2252 3627 Meister
2290 3570 2364 3630 war,
2397 3570 2477 3630 wenn
2519 3571 2626 3631 gerade
2664 3570 2705 3630 die

304 3604 420 3664 Lösung
454 3606 522 3666 gibt
561 3606 594 3666 er
624 3606 711 3666 nicht
741 3609 832 3669 preis,
866 3610 900 3670 er

2117 3609 2319 3669 großartigste
2369 3609 2534 3669 Erfindung
2589 3612 2709 3672 unserer

301 3643 396 3703 sucht
429 3645 467 3705 sie
496 3645 553 3705 gar
587 3647 672 3707 nicht
706 3646 720 3706 —
773 3648 806 3708 er
840 3649 906 3709 läßt

2121 3648 2205 3708 Zeit,
2231 3648 2285 3708 das
2316 3648 2430 3708 Radio,
2461 3650 2525 3710 eine
2560 3651 2714 3711 Neubele-

303 3681 338 3741 tie
368 3684 467 3744 offen,
493 3684 542 3744 wie
573 3686 597 3746 ja
628 3686 796 3746 schließlich
832 3689 896 3749 jene

2120 3689 2202 3749 bung
2235 3689 2284 3749 von
2317 3689 2499 3749 Schnitzlers
2527 3689 2609 3749 Werk
2646 3689 2696 3749 ver

306 3722 410 3782 beiden
439 3725 768 3785 Lebensgeheimnisse,
787 3728 827 3788 die
855 3728 882 3788 am

2120 3728 2258 3788 ursacht.
2286 3728 2366 3788 Seine
2402 3728 2572 3788 vollendete
2613 3728 2715 3788 Kunst

303 3761 498 3821 sichtbariten
539 3766 601 3826 sind
641 3767 694 3827 und
735 3767 806 3827 doch
851 3768 899 3828 aus

2121 3767 2172 3827 des
2215 3769 2473 3829 Zwiegesprächs,
2502 3767 2553 3827 der
2596 3767 2713 3827 Seelen-

305 3803 356 3863 der
400 3803 554 3863 untersten
607 3806 688 3866 Tiefe
736 3808 873 3868 kommen

2120 3807 2177 3867 und
2241 3807 2590 3867 Stimmungsmalerei,
2617 3809 2706 3869 durch

298 3842 346 3902 die
386 3845 473 3905 Liebe
517 3845 571 3905 und
615 3845 669 3905 der
708 3848 791 3908 Tod,
825 3849 898 3909 ewig

2128 3846 2246 3906 Worte,
2265 3848 2307 3908 die
2337 3848 2431 3908 Musik
2465 3848 2560 3908 seiner
2584 3848 2711 3908 Sprache

293 3884 371 3944 ohne
418 3884 533 3944 Lösung
581 3887 780 3947 offenbleiben
822 3887 886 3947 müs

2126 3887 2276 3947 gewinnen
2321 3887 2342 3947 im
2392 3887 2489 3947 Radio
2529 3890 2578 3950 den
2622 3889 2693 3949 ange

303 3922 367 3982 sen.
404 3924 467 3984 Und
509 3926 614 3986 gerade
656 3928 701 3988 die
738 3928 893 3988 Probleme

2120 3927 2297 3987 messensten
2356 3928 2489 3988 Mittler,
2543 3928 2596 3988 der
2655 3928 2712 3988 uns

304 3964 355 4024 der
388 3964 477 4024 Liebe
515 3964 571 4024 und
609 3964 660 4024 des
694 3967 806 4027 Todes,
835 3969 895 4029 ihre

2322 3967 2427 4027 wieder
2506 3967 2709 4027 Begeisterung

2124 3968 2261 4028 Heutige

306 4003 653 4063 Wechselbezichungen
690 4006 744 4066 und
777 4006 821 4066 ihr
849 4007 899 4067 In¬

2125 4009 2180 4069 und
2218 4006 2433 4066 Dankbarkeit
2466 4006 2545 4066 lehrt
2573 4007 2624 4067 für
2662 4006 2708 4066 das

1278 4033 1294 4093 L

301 4045 563 4105 einandergreifen
598 4045 652 4105 hat
683 4047 736 4107 der
766 4048 894 4108 Dichter

2127 4045 2249 4105 Wirken
2306 4048 2389 4108 eines
2435 4048 2540 4108 echten
2597 4050 2708 4110 grosen

299 4084 335 4144 am
377 4086 538 4146 däufigsten
570 4088 726 4148 gestaltet.
748 4090 821 4150 Hier
847 4090 888 4150 sah

2122 4090 2285 4150 Dichters.

1368 4090 1469 4150 Arthur
1493 4090 1645 4150 Schnitzler

1826 4093 1911 4153 Auln.
1923 4093 1985 4153 Frans
2003 4093 2065 4153 Lowy
