3344 4320
123 577 263 637 nerstag

780 583 937 643 Neue
977 583 1142 643 Freie
1181 583 1384 643 Presse

1827 595 1892 655 22.
1919 595 2062 655 Oktober
2089 594 2180 654 1931

113 842 225 902 ler
360 842 625 902 Tod
741 850 1255 910 Arthur
1372 855 2246 915 Schnitzlers.

1714 996 1955 1056 Uraufführung
1991 1004 2149 1064 gebracht,
2184 1006 2239 1066 wie
2274 1009 2301 1069 es
2343 1010 2391 1070 sich
2426 1010 2487 1070 nun
2523 1010 2743 1070 herausstellt,
2771 1014 2826 1074 des

657 1013 878 1073 Arthur
928 1016 1229 1076 Schnitzler
1278 1016 1384 1076 und
1443 1016 1549 1076 das

137 1021 479 1081 bensgang.

1712 1044 1857 1104 Dichters
1886 1049 2194 1109 Schwanengesang.
2218 1052 2310 1112 Denn
2352 1055 2404 1115 sein
2445 1056 2555 1116 „Gang
2591 1058 2636 1118 zum
2684 1060 2811 1120 Weiher

122 1085 242 1145 Wien,
264 1086 313 1146 22.
336 1088 470 1148 Oktober.

978 1091 1253 1151 Theater.

1712 1087 1812 1147 wurde
1848 1092 1931 1152 zwar
1967 1093 2068 1153 später
2104 1098 2305 1158 aufgeführt,
2336 1102 2371 1162 ist
2407 1100 2472 1160 aber
2508 1102 2615 1162 vorher
2651 1106 2828 1166 geschrieben

1715 1136 1858 1196 worden.
1882 1139 1957 1199 Auch
1987 1139 2032 1199 bei
2056 1142 2102 1202 den
2137 1144 2253 1204 Proben
2282 1148 2334 1208 zum
2375 1145 2490 1205 „Spiel
2514 1148 2560 1208 der
2583 1151 2815 1211 Sommerlüfte

153 1148 169 1208 em
215 1151 431 1211 Schlaganfall
455 1150 499 1210 er=

594 1151 708 1211 Was
747 1154 1053 1214 Schauspieler
1092 1157 1168 1217 und
1207 1160 1436 1220 Regisseur
1468 1163 1628 1223 sagen.

1716 1181 1781 1241 war
1812 1183 1974 1243 Schnitzler
2004 1187 2149 1247 häufiger
2180 1190 2269 1250 Gast.
2294 1193 2372 1253 Nach
2403 1193 2450 1253 der
2482 1193 2637 1253 Premiere
2668 1194 2770 1254 schrieb
2801 1197 2830 1257 er

153 1195 227 1255 einem
270 1195 488 1255 Spaziergang

632 1213 697 1273 Die
728 1214 836 1274 innige
867 1217 1126 1277 Verbundenheit
1157 1219 1277 1279 Arthur
1302 1222 1488 1282 Schnitzlers
1525 1223 1584 1283 mit
1615 1225 1663 1285 der

1718 1226 1776 1286 mir
1801 1228 1882 1288 einen
1913 1228 2019 1288 Brief,
2043 1231 2066 1291 in
2102 1233 2148 1293 dem
2191 1234 2220 1294 er
2244 1238 2427 1298 aussprach,
2451 1238 2503 1298 daß
2534 1238 2580 1298 die
2604 1240 2834 1300 Probenarbeit

162 1246 190 1306 zu
225 1243 328 1303 Boden
362 1243 500 1303 gestürzt

547 1260 659 1320 Bühne
694 1260 750 1320 und
791 1261 847 1321 sein
887 1261 978 1321 tiefes
1012 1264 1221 1324 Verständnis
1262 1267 1313 1327 für
1347 1268 1392 1328 die
1427 1270 1664 1330 Möglichkeiten

1715 1273 1852 1333 dauernd
1880 1274 1907 1334 in
1941 1277 2034 1337 seiner
2063 1281 2261 1341 Erinnerung
2289 1284 2388 1344 haften
2422 1285 2532 1345 bleiben
2560 1285 2659 1345 werde
2687 1287 2742 1347 und
2776 1290 2825 1350 daß

173 1291 324 1351 plötzliche
354 1290 488 1350 Sterben

551 1307 604 1367 und
641 1308 804 1368 Aufgaben
847 1307 895 1367 des
932 1312 1082 1372 Theaters
1119 1315 1246 1375 spiegelt
1277 1314 1330 1374 sich
1362 1315 1391 1375 in
1428 1318 1663 1378 nachfolgenden

1715 1318 1743 1378 er
1779 1319 1824 1379 sich
1859 1323 2020 1383 besonders
2056 1325 2153 1385 freue,
2183 1328 2240 1388 mit
2269 1329 2361 1389 diesem
2402 1330 2494 1390 Werk
2535 1330 2557 1390 im
2604 1333 2829 1393 Volkstheater

206 1337 268 1397 Tod
300 1338 346 1398 des
378 1337 492 1397 unver¬

549 1354 770 1414 Aeußerungen
808 1354 861 1414 von
894 1357 1062 1417 Künstlern
1095 1360 1224 1420 wieder,
1252 1360 1294 1420 die
1322 1363 1349 1423 in
1387 1363 1435 1423 der
1468 1364 1581 1424 Praxis
1620 1363 1667 1423 der

1709 1368 1738 1428 zu
1774 1364 1880 1424 Worte
1911 1369 2088 1429 gekommen
2124 1373 2153 1433 zu
2189 1375 2265 1435 sein.
2296 1377 2431 1437 Beinahe
2462 1377 2544 1437 wäre
2574 1377 2639 1437 dies
2675 1379 2739 1439 auch
2776 1379 2834 1439 mit

213 1384 296 1444 tzlers
344 1384 496 1444 Jugend¬

547 1401 661 1461 Proben
698 1399 737 1459 oft
767 1401 824 1461 mit
853 1403 1021 1463 Schnitzler
1051 1404 1247 1464 gemeinsame
1277 1407 1386 1467 Arbeit
1416 1409 1450 1469 am
1491 1410 1583 1470 Werk
1618 1408 1670 1468 des

1710 1405 1764 1465 dem
1808 1412 1918 1472 „Gang
1950 1413 1998 1473 zum
2042 1415 2182 1475 Weiher"
2214 1417 2262 1477 der
2294 1420 2367 1480 Fall
2392 1421 2539 1481 gewesen,
2564 1421 2631 1481 denn
2662 1425 2828 1485 Schnitzler

208 1431 301 1491 tlichen
337 1431 494 1491 Schicksal

538 1449 679 1509 Dichters
720 1446 816 1506 leisten
856 1449 1003 1509 konnten.

1716 1455 1769 1515 hat
1806 1458 1986 1518 wiederholt
2023 1462 2160 1522 erklärt,
2191 1464 2239 1524 die
2276 1466 2401 1526 idealste
2438 1467 2594 1527 Besetzung
2631 1468 2684 1528 der
2721 1470 2823 1530 beiden

234 1479 370 1539 Monaten
405 1479 491 1539 hätte

1713 1502 1964 1562 Hauptfiguren,
1996 1503 2094 1563 Vater
2132 1508 2187 1568 und
2224 1512 2365 1572 Tochter,
2397 1513 2464 1573 seien
2502 1513 2618 1573 Albert
2644 1515 2834 1575 Basser¬

222 1525 276 1585 den
310 1524 485 1584 siebzigsten

548 1523 1019 1583 Verständnisvollster
1047 1527 1255 1587 Förderer
1284 1527 1355 1587 des
1384 1530 1664 1590 Darstellers.

1707 1548 1835 1608 mann
1867 1550 1924 1610 und
1951 1551 2104 1611 Elisabeth
2131 1557 2360 1617 Bergner.
2380 1560 2424 1620 So
2451 1560 2553 1620 wurde
2580 1562 2649 1622 auch
2676 1562 2720 1622 die
2746 1560 2829 1620 Erst¬

265 1575 336 1635 noch
369 1572 396 1632 in
435 1571 484 1631 den

914 1584 976 1644 Von
1006 1587 1090 1647 Otto
1120 1588 1296 1648 Treßler.

1713 1592 1903 1652 aufführung
1941 1596 2033 1656 dieses
2071 1599 2200 1659 Stückes
2237 1602 2261 1662 im
2312 1605 2453 1665 Rahmen
2491 1606 2571 1666 eines
2608 1608 2836 1668 Bassermann¬

278 1620 319 1680 ist
351 1619 380 1679 es
411 1618 490 1678 recht

1716 1637 1901 1697 Gastspieles
1932 1640 1967 1700 am
2017 1645 2239 1705 Volkstheater
2270 1649 2426 1709 erwogen,
2457 1651 2680 1711 Bassermann,
2704 1654 2758 1714 der
2783 1655 2830 1715 die

635 1643 750 1703 Arthur
780 1643 946 1703 Schnitzler
970 1649 1034 1709 war
1057 1647 1070 1707 —
1122 1646 1157 1706 es
1180 1647 1222 1707 ist
1245 1649 1302 1709 mir
1326 1649 1368 1709 ein
1398 1652 1499 1712 ebenso
1529 1652 1658 1712 fremdes

265 1667 334 1727 reits
370 1665 404 1725 an
440 1666 491 1726 der

1716 1682 1801 1742 Rolle
1833 1685 1992 1745 besonders
2023 1688 2133 1748 liebte,
2152 1694 2256 1754 wollte
2281 1694 2318 1754 sie
2349 1696 2416 1756 auch
2441 1697 2508 1757 gern
2546 1700 2748 1760 verkörpern,
2773 1700 2828 1760 nur

540 1688 596 1748 wie
621 1691 840 1751 schmerzliches
872 1691 1002 1751 Gefühl,
1028 1694 1153 1754 plötzlich
1192 1692 1216 1752 in
1248 1694 1297 1754 der
1329 1697 1592 1757 Vergangenheit
1630 1699 1660 1759 zu

284 1715 362 1775 Zwar
405 1715 490 1775 hatte

1713 1729 1847 1789 erklärte
1880 1730 1928 1790 er,
1953 1732 2002 1792 die
2034 1736 2126 1796 Rolle
2157 1736 2194 1796 sei
2225 1737 2255 1797 so
2281 1742 2508 1802 umfangreich,
2534 1742 2589 1802 daß
2627 1743 2657 1803 er
2689 1746 2725 1806 sie
2757 1747 2836 1807 nicht

541 1735 670 1795 sprechen
707 1733 718 1793 —
778 1736 824 1796 als
854 1738 954 1798 Autor
985 1740 1032 1800 bei
1050 1741 1102 1801 den
1133 1742 1250 1802 Proben
1286 1742 1381 1802 seiner
1405 1744 1517 1804 Werke
1547 1745 1670 1805 zurück¬

259 1762 395 1822 jegraben
427 1759 485 1819 und

1707 1772 1768 1832 nur
1805 1775 1854 1835 für
1886 1775 1996 1835 Wien,
2028 1781 2157 1841 sondern
2195 1784 2262 1844 auch
2307 1785 2355 1845 für
2387 1787 2497 1847 Berlin
2535 1790 2683 1850 studieren
2733 1793 2837 1853 wolle.

545 1781 662 1841 haltend
693 1783 751 1843 und
781 1784 963 1844 bescheiden,
987 1785 1045 1845 also
1076 1784 1122 1844 für
1152 1785 1205 1845 uns
1241 1787 1381 1847 Künstler
1406 1789 1564 1849 besonders
1606 1790 1664 1850 an¬

274 1811 319 1871 nem
372 1810 491 1870 Haupt

1712 1819 1847 1879 Damals
1877 1822 1942 1882 war
1966 1824 2036 1884 aber
2060 1826 2125 1886 eine
2150 1829 2314 1889 Annahme
2344 1832 2367 1892 in
2392 1834 2498 1894 Berlin
2528 1834 2610 1894 nicht
2634 1837 2657 1897 zu
2687 1838 2834 1898 erzielen.

539 1828 682 1888 genehm.
706 1828 845 1888 Obwohl
874 1828 902 1888 er
938 1830 995 1890 mit
1025 1831 1250 1891 gespanntester
1279 1834 1568 1894 Aufmerksamkeit
1610 1837 1661 1897 den

274 1855 280 1915 1
316 1855 482 1915 Schnitzler

1714 1864 1787 1924 Erst
1810 1868 1927 1928 später,
1950 1868 2001 1928 für
2032 1872 2083 1932 den
2114 1876 2239 1936 Dichter
2269 1878 2290 1938 zu
2328 1879 2409 1939 spät,
2432 1879 2483 1939 hat
2514 1879 2565 1939 das
2595 1883 2831 1943 Staatstheater

536 1873 726 1933 Vorgängen
762 1876 813 1936 auf
843 1874 894 1934 der
930 1875 1045 1935 Bühne
1080 1879 1195 1939 folgte,
1231 1877 1282 1937 kam
1341 1881 1369 1941 es
1399 1883 1450 1943 nie
1480 1883 1509 1943 zu
1544 1882 1665 1942 irgend¬

281 1903 330 1963 gen
361 1903 478 1963 Jahren

1714 1911 1739 1971 in
1766 1912 1871 1972 Berlin
1898 1916 1950 1976 den
1983 1920 2094 1980 „Gang
2121 1922 2173 1982 zum
2207 1924 2351 1984 Weiher"
2378 1927 2547 1987 erworben.

538 1920 659 1980 welchen
698 1921 1008 1981 Unterbrechungen,
1030 1921 1074 1981 die
1102 1924 1157 1984 wir
1185 1924 1229 1984 als
1263 1925 1400 1985 Störung
1434 1927 1500 1987 oder
1528 1930 1577 1990 als
1617 1928 1660 1988 ein

292 1951 476 2011 verwinden

535 1967 684 2027 Moment
706 1968 916 2028 empfanden,
944 1969 993 2029 das
1027 1969 1070 2029 die
1099 1972 1286 2032 Stimmung
1320 1974 1369 2034 der
1398 1975 1496 2035 Szene
1525 1975 1657 2035 zerrissen

274 1999 399 2059 arallele
429 1999 488 2059 mit

1771 1999 2079 2059 Gemeinsame
2123 2005 2421 2065 Gedenkfeier
2465 2011 2538 2071 der
2571 2013 2762 2073 Wiener

538 2013 637 2073 hätte.
660 2014 703 2074 Er
726 2014 808 2074 sagte
836 2014 914 2074 nicht
942 2016 1013 2076 viel,
1036 2017 1107 2077 aber
1130 2018 1190 2078 was
1223 2017 1250 2077 er
1273 2017 1372 2077 sagte,
1395 2019 1477 2079 hatte
1506 2021 1582 2081 nicht
1605 2022 1665 2082 nur

272 2046 297 2106 es
329 2046 475 2106 geliebten

532 2058 588 2118 vom
634 2058 849 2118 Standpunkt
889 2058 940 2118 des
980 2061 1166 2121 Darstellers
1212 2062 1303 2122 Hand
1332 2065 1387 2125 und
1422 2068 1512 2128 Fuß,
1536 2067 1659 2127 sondern

2092 2061 2452 2121 Sprechbühnen.

281 2095 394 2155 Swillen
433 2093 485 2153 ge-

538 2103 603 2163 war
631 2105 697 2165 auch
725 2104 752 2164 so
780 2106 990 2166 tiefgründig,
1013 2105 1062 2165 daß
1097 2108 1123 2168 es
1157 2109 1217 2169 uns
1246 2109 1289 2169 die
1317 2112 1511 2172 wertvollsten
1544 2114 1665 2174 psycho¬

1805 2119 1969 2179 Anläßlich
2004 2121 2060 2181 des
2094 2124 2341 2184 bevorstehenden
2383 2129 2548 2189 siebzigsten
2590 2132 2820 2192 Geburtstages

540 2151 677 2211 logischen
714 2151 900 2211 Aufschlüsse
925 2154 1116 2214 vermittelte.
1141 2157 1195 2217 Ein
1225 2157 1417 2217 wahrhafter
1442 2160 1592 2220 Förderer
1611 2160 1658 2220 der

1707 2164 1892 2224 Schnitzlers
1937 2166 2033 2226 haben
2079 2169 2193 2229 bereits
2238 2172 2309 2232 drei
2348 2175 2475 2235 Wiener
2514 2176 2648 2236 Bühnen
2700 2178 2827 2238 festliche

532 2197 770 2257 Schauspieler,
792 2199 875 2259 hatte
897 2199 931 2259 er
959 2201 1002 2261 die
1031 2201 1136 2261 seltene
1164 2202 1263 2262 Gabe,
1286 2204 1341 2264 mit
1364 2205 1502 2265 wenigen
1530 2206 1657 2266 Worten

321 2214 422 2274 ochen,
450 2216 483 2276 ist

1709 2209 1852 2269 Reprisen
1893 2214 1985 2274 seiner
2020 2214 2129 2274 Werke
2165 2217 2361 2277 vorbereitet.
2391 2220 2459 2280 Das
2494 2222 2702 2282 Burgtheater
2737 2222 2829 2282 plant

530 2240 582 2300 die
618 2245 712 2305 ganze
748 2243 848 2303 Figur
890 2245 1042 2305 unerhört
1078 2247 1207 2307 plastisch
1249 2247 1302 2307 vor
1332 2249 1455 2309 unserem
1496 2251 1585 2311 Auge
1621 2253 1655 2313 zu
1709 2254 1826 2314 „Der
1851 2258 1991 2318 junge
2022 2261 2322 2321 Medardus",
2340 2266 2392 2326 das
2428 2267 2558 2327 Theater
2588 2269 2611 2329 in
2647 2270 2699 2330 der
2723 2267 2828 2327 Josef¬

286 2262 387 2322 Vater
417 2264 482 2324 war

533 2288 681 2348 zeichnen.
717 2289 764 2349 Es
806 2291 870 2351 sind
907 2288 977 2348 jetzt
1014 2290 1090 2350 volle
1126 2292 1167 2352 34
1209 2294 1309 2354 Jahre
1351 2296 1422 2356 her,
1458 2298 1511 2358 daß
1541 2297 1582 2357 ich
1612 2300 1659 2360 als

1709 2299 1791 2359 stadt
1827 2306 2082 2366 „Liebelei"
2124 2308 2182 2368 und
2225 2308 2277 2368 das
2325 2312 2550 2372 Volhstheater
2586 2315 2698 2375 „Der
2735 2315 2828 2375 Ruf

291 2312 382 2372 schaft
404 2311 487 2371 hoch¬

530 2335 667 2395 Partner
703 2334 748 2394 von
789 2335 961 2395 Katharina
997 2338 1180 2398 Schratt
1210 2339 1255 2399 die
1285 2340 1353 2400 erste
1383 2344 1653 2404 Schnitzler=Rolle
1688 2344 1780 2404 des
1821 2350 2039 2410 Lebens".
2063 2351 2131 2411 Der
2167 2353 2293 2413 Dichter
2322 2355 2379 2415 hat
2409 2356 2500 2416 dieses
2536 2357 2587 2417 vor
2622 2358 2662 2418 22
2703 2360 2817 2420 Jahren

283 2357 407 2417 hnitzler.
432 2357 467 2417 Jm

535 2383 744 2443 verkörperte,
771 2384 814 2444 den
854 2387 942 2447 Hugo
975 2387 999 2447 in
1032 2387 1146 2447 „Das
1179 2390 1541 2450 Vermächtnis".
1568 2392 1656 2452 Diese
1709 2390 1734 2450 im
1785 2395 2014 2455 Volkstheater
2047 2400 2244 2460 aufgeführte
2276 2404 2365 2464 Stück
2404 2405 2588 2465 namentlich
2621 2405 2646 2465 im
2697 2407 2818 2467 zweiten

278 2405 325 2465 ller
369 2405 479 2465 großen

277 2450 337 2510 iden
378 2449 483 2509 Söhne

291 2497 406 2557 zulius,
437 2497 485 2557 der

298 2545 477 2605 ingsjahren

332 2590 390 2650 dten
430 2593 481 2653 sich

761 2602 1145 2662 Modern

384 2637 411 2697 ur
440 2637 463 2697 im

357 2682 481 2742 Musik-

383 2733 471 2793 seinen

753 2742 912 2802 der
974 2745 1614 2805 jugendliche

389 2777 485 2837 litär-

412 2826 480 2886 eine

395 2873 424 2933 8,
448 2873 471 2933 in

760 2883 1524 2943 Nackenknoten

838 3014 937 3074 Das
968 3012 1177 3072 längere
1218 3016 1348 3076 Haar
1379 3017 1487 3077 legt
1518 3020 1617 3080 sich

839 3097 1075 3157 gefügig,
1094 3095 1147 3155 es
1177 3097 1358 3157 glänzt
1386 3097 1631 3157 wunder¬

343 3127 464 3187 etragen

386 3174 475 3234 alten

848 3175 977 3235 voll,
1005 3178 1097 3238 und
1145 3178 1264 3238 Ihre
1293 3178 1469 3238 Frisur
1516 3181 1636 3241 hält

399 3220 469 3280 Dod

2459 3239 2519 3299 N

838 3258 962 3318 nach
1013 3260 1099 3320 dem
1158 3261 1411 3321 Waschen
1451 3261 1546 3321 mit

340 3267 454 3327 reiwild

350 3314 482 3374 beizu¬

347 3360 389 3420 tal
415 3360 470 3420 das

363 3408 470 3468 genau

365 3453 472 3513 Ahnen

762 3466 1291 3526 ELIDA
1480 3467 2428 3527 SHAMPOC

385 3499 461 3559 Max

373 3545 481 3605 hinter

303 3593 356 3653 auf
381 3593 464 3653 ihnen

291 3639 369 3699 taub
414 3640 464 3700 vor

525 3641 619 3701 Rolle
653 3646 713 3706 hat
755 3646 815 3706 eine
849 3646 916 3706 sehr
957 3650 1139 3710 schwierige,
1174 3650 1247 3710 weil
1275 3650 1342 3710 sehr
1370 3651 1457 3711 lange
1491 3653 1646 3713 dauernde

1700 3651 1767 3711 Teil
1795 3658 2039 3718 umgearbeitet,
2060 3659 2134 3719 weil
2162 3660 2209 3720 er,
2230 3660 2290 3720 wie
2325 3660 2359 3720 er
2400 3662 2454 3722 sich
2495 3662 2644 3722 äußerte,
2680 3662 2706 3722 zu
2754 3664 2807 3724 den

519 3690 733 3750 Sterbeszene,
757 3691 814 3751 und
844 3691 884 3751 ich
913 3691 1012 3751 durfte
1035 3694 1156 3754 damals
1192 3697 1238 3757 den
1267 3697 1389 3757 Dichter
1418 3697 1597 3757 wiederholt
1621 3697 1644 3757 in

1695 3699 1904 3759 Erlebnissen,
1935 3702 1976 3762 die
2013 3701 2104 3761 dieses
2140 3703 2230 3763 Werk
2273 3706 2428 3766 ausgelöst
2460 3706 2573 3766 haben,
2610 3708 2700 3768 heute
2743 3706 2808 3766 eine

527 3736 618 3796 seinem
659 3739 734 3799 Heim
775 3739 948 3799 aufsuchen,
966 3742 1011 3802 wo
1035 3742 1063 3802 er
1087 3742 1144 3802 mit
1162 3742 1329 3802 rührender
1353 3745 1491 3805 Hingabe
1521 3745 1572 3805 mit
1590 3745 1647 3805 mir

343 3748 449 3808 ghedten

1691 3745 1906 3805 abgeklärtere
1934 3748 2073 3808 Distanz
2101 3751 2267 3811 gewonnen
2306 3753 2355 3813 hat
2389 3751 2444 3811 und
2478 3752 2633 3812 nunmehr
2666 3753 2804 3813 manches

525 3784 684 3844 arbeitete.
703 3785 743 3845 In
779 3782 874 3842 seinem
916 3789 1276 3849 Glückwunschschreiben
1306 3790 1336 3850 zu
1366 3790 1477 3850 meinem
1520 3790 1578 3850 60.
1591 3789 1649 3849 Ge¬

337 3796 437 3856 Wärm

1692 3790 1806 3850 anders
1836 3792 1905 3852 sah.
1923 3793 1969 3853 Es
1998 3795 2062 3855 war
2091 3796 2137 3856 der
2167 3797 2392 3857 ausdrückliche
2421 3799 2548 3859 Wunsch
2578 3798 2623 3858 des
2653 3799 2814 3859 Dichters,

524 3830 670 3890 burtstag
699 3829 817 3889 schreibt
841 3829 868 3889 er
891 3831 1037 3891 darüber,
1055 3835 1179 3895 nachdem
1219 3836 1246 3896 er
1269 3835 1336 3895 mich
1365 3837 1416 3897 des
1445 3838 1641 3898 Ausdruckes

1696 3835 1753 3895 daß
1791 3836 1840 3896 das
1878 3841 2101 3901 Volkstheater
2139 3842 2232 3902 seinen
2269 3844 2333 3904 70.
2356 3844 2544 3904 Geburtstag
2595 3841 2653 3901 mit
2697 3843 2790 3903 diesem

312 3847 336 3907 ne
382 3841 476 3901 große

527 3876 615 3936 seiner
651 3876 840 3936 Sympathie
876 3876 934 3936 und
970 3877 1064 3937 seiner
1095 3881 1330 3941 Bewunderung
1366 3882 1525 3942 versichert
1556 3882 1649 3942 hatte,

1692 3879 1805 3939 Werke
1830 3882 1954 3942 begehe.

312 3891 378 3951 ten,
416 3889 464 3949 daß

526 3921 579 3981 wie
610 3921 718 3981 folgt:
742 3923 820 3983 „Ich
851 3921 929 3981 habe
959 3921 1013 3981 Sie
1044 3925 1127 3985 heute
1158 3927 1284 3987 zufällig
1315 3927 1339 3987 in
1382 3929 1459 3989 einem
1509 3928 1634 3988 Tonfilm

1782 3927 1837 3987 Ich
1862 3927 1957 3987 werde
1982 3933 2134 3993 nunmehr
2151 3933 2304 3993 anregen,
2329 3935 2360 3995 da
2385 3933 2472 3993 leider
2497 3933 2552 3993 aus
2578 3933 2625 3993 der
2650 3932 2809 3992 Geburts¬

305 3939 339 3999 sch
368 3936 465 3996 atmen

524 3969 642 4029 gesehen
682 3967 738 4027 und
773 3967 879 4027 mußte
908 3968 1003 4028 dabei
1026 3970 1134 4030 wieder
1168 3972 1201 4032 an
1241 3972 1342 4032 unsere
1371 3974 1444 4034 erste
1478 3975 1534 4035 nun
1574 3975 1641 4035 über

1692 3972 1952 4032 tagsvorstellung
1987 3975 2050 4035 eine
2074 3978 2276 4038 Trauerfeier
2306 3980 2456 4040 geworden
2491 3979 2542 4039 ist,
2561 3978 2612 4038 daß
2659 3979 2705 4039 die
2740 3978 2809 4038 drei

275 3981 445 4041 "zitiert-

523 4013 636 4073 dreißig
674 4014 769 4074 Jahre
800 4016 1041 4076 zurückliegende
1072 4017 1258 4077 Begegnung
1295 4020 1445 4080 anläßlich
1489 4020 1536 4080 der
1567 4018 1644 4078 Auf¬

1691 4017 1861 4077 genannten
1901 4022 2031 4082 Bühnen
2071 4022 2151 4082 diese
2185 4026 2485 4086 Erinnerungsfeier
2520 4023 2553 4083 an
2594 4024 2645 4084 den
2691 4024 2797 4084 großen

223 4029 447 4089 sinakterzyklu

524 4059 656 4119 führung
691 4059 806 4119 meines
841 4063 1169 4123 „Vermächtnisses",
1198 4062 1330 4122 denken.
1354 4068 1405 4128 Ich
1440 4068 1503 4128 sehe
1521 4068 1647 4128 wieder,

1696 4063 1935 4123 österreichischen
1973 4068 2182 4128 Dramatiker
2208 4070 2268 4130 und
2300 4071 2330 4131 an
2368 4071 2416 4131 den
2448 4071 2564 4131 wahren
2602 4070 2725 4130 Freund
2756 4068 2805 4128 der

138 4074 281 4134 rgrüne
314 4074 446 4134 Kakadu

522 4103 573 4163 wie
603 4104 660 4164 viel
684 4105 724 4165 ich
747 4106 846 4166 Ihnen
881 4106 926 4166 als
956 4108 1112 4168 Publikum
1153 4109 1210 4169 und
1240 4109 1338 4169 Autor
1362 4112 1390 4172 zu
1419 4112 1535 4172 danken
1564 4114 1644 4174 habe.

1693 4109 1909 4169 Schauspieler
1934 4112 2109 4172 gemeinsam
2152 4115 2181 4175 an
2218 4116 2303 4176 einem
2345 4118 2448 4178 Abend
2478 4117 2641 4177 begehen."

98 4119 174 4179 geren
210 4121 393 4181 Problemen
430 4121 475 4181 zu.

530 4140 623 4200 Maha

705 4145 743 4205 a
765 4151 940 4211 ala
