3344 4352
236 318 637 378 Schnitzl

1346 315 1469 375 box
1548 318 1734 378 43/2

1136 1795 1257 1855 abends
1284 1798 1346 1858 trat
1368 1798 1605 1858 Atemlähmung
1637 1799 1699 1859 ein,
1716 1801 1773 1861 und
1800 1801 1879 1861 sanft
1900 1801 2037 1861 umfaßte

2105 1797 2191 1857 Aber
2223 1801 2301 1861 nicht
2333 1801 2395 1861 nur
2427 1801 2505 1861 das:
2530 1801 2599 1861 auch
2632 1801 2686 1861 die
2718 1801 2866 1861 Aesthetik
2899 1801 2953 1861 und

1018 1828 1194 1888 ihn
1231 1835 1275 1895 der
1305 1835 1370 1895 Tod

2058 1840 2193 1900 Technik
2224 1837 2274 1897 der
2315 1840 2476 1900 modernen
2512 1839 2643 1899 Novelle
2679 1838 2714 1898 ist
2750 1838 2799 1898 von
2846 1840 2966 1900 Arthur

139 1861 366 1921 rthur
460 1865 947 1925 Schnitzler

2069 1879 2229 1939 Schnitzler
2250 1877 2416 1937 befruchtet
2431 1879 2567 1939 worden.
2588 1876 2658 1936 Was
2688 1879 2748 1939 man
2780 1879 2829 1939 bei
2845 1879 2965 1939 Marcel

1199 1876 1245 1936 An
1282 1879 1380 1939 seinem
1432 1879 1639 1939 Sterbelager
1676 1882 1800 1942 weilten
1842 1882 1898 1942 sein
1946 1885 2038 1945 sofort

2060 1915 2178 1975 Proust
2203 1915 2262 1975 und
2292 1915 2405 1975 James
2440 1915 2538 1975 Joyce
2573 1915 2622 1975 als
2652 1915 2840 1975 unerhörten
2875 1917 2967 1977 Fort¬

1136 1918 1409 1978 herbeigerufener
1434 1918 1573 1978 Bruder,
1593 1921 1703 1981 Hofrat
1727 1921 1784 1981 und
1814 1924 2020 1984 Universitäts

2060 1953 2163 2013 schritt
2188 1953 2335 2013 gepriesen
2370 1953 2438 2013 hat,
2453 1953 2551 2013 findet
2581 1953 2619 2013 sich
2649 1953 2713 2013 auch
2743 1950 2752 2010 —
2802 1953 2860 2013 und
2890 1953 2968 2013 viel¬

211 1946 312 2006 Hause
340 1951 555 2011 zurückkehrte.
588 1950 636 2010 Um
674 1953 727 2013 11¼
771 1953 836 2013 Uhr
858 1954 927 2014 fand
960 1956 1003 2016 ihn
1036 1956 1116 2016 seine
1143 1956 1288 2016 professor
1316 1957 1380 2017 Dr.
1402 1957 1515 2017 Julius
1548 1958 1709 2018 Schnitzler
1742 1959 1795 2019 und
1828 1960 1876 2020 die
1904 1962 2032 2022 übrigen

2057 1991 2147 2051 leicht
2167 1992 2239 2052 schon
2273 1992 2363 2052 bevor
2388 1992 2431 2052 die
2460 1992 2560 2052 beiden
2589 1992 2771 2052 Genannten
2801 1992 2958 2052 „entdeckt“

210 1989 415 2049 Sekretärin,
436 1990 477 2050 die
503 1992 554 2052 zur
580 1992 693 2052 Arbeit
714 1992 739 2052 in
770 1992 827 2052 sein
859 1995 1115 2055 Arbeitszimmer
1141 1995 1172 2055 in
1208 1996 1295 2056 Wien
1337 1997 1501 2057 weilenden
1543 1998 1753 2058 Angehörigen
1800 1998 1851 2058 des
1888 2001 2026 2061 Dichters

209 2028 400 2088 eingetreten
444 2028 525 2088 war,
554 2028 731 2088 bewußtlos
770 2031 803 2091 am
856 2031 956 2091 Boden
1000 2034 1100 2094 liegen

2058 2031 2182 2091 wurden
2218 2027 2228 2087 —
2281 2031 2332 2091 bei
2359 2031 2519 2091 Schnitzler
2551 2031 2618 2091 aufs
2650 2031 2867 2091 meisterlichste
2899 2031 2966 2091 ver¬

1140 2032 1216 2092 Noch
1250 2035 1283 2095 am
1326 2034 1431 2094 Abend
1466 2037 1565 2097 wurde
1599 2036 1680 2096 durch
1714 2037 1767 2097 den
1801 2040 1963 2100 Amtsarzt
1992 2040 2035 2100 die

207 2067 291 2127 Man
326 2067 444 2127 brachte
478 2068 642 2128 Schnitzler
671 2070 766 2130 sofort
800 2071 828 2131 zu
862 2071 957 2131 Bett.
987 2071 1031 2131 Er
1066 2072 1110 2132 er=
1139 2073 1342 2133 Leichenschau
1376 2073 1630 2133 vorgenommen.
1664 2076 1834 2136 Vorläufig
1862 2079 1924 2139 sind
1958 2079 2037 2139 keine
2065 2070 2235 2130 wirklicht:
2269 2070 2342 2130 jene
2376 2070 2608 2130 eigentümliche
2636 2070 2720 2130 Form
2766 2070 2816 2130 des
2856 2068 2968 2128 Prosa¬

211 2108 321 2168 langte
346 2106 396 2166 bis
422 2109 452 2169 zu
483 2106 578 2166 seinem
619 2107 699 2167 Tode
730 2106 780 2166 das
810 2109 1007 2169 Bewußtsein
1037 2111 1117 2171 nicht

1143 2112 1390 2172 Bestimmungen
1437 2113 1511 2173 über
1552 2115 1598 2175 die
1639 2115 1840 2175 Leichenfeier
1881 2118 2025 2178 getroffen
2066 2106 2279 2166 kunstwerkes,
2303 2108 2348 2168 die
2378 2109 2435 2169 das
2464 2109 2579 2169 äußere
2609 2106 2764 2166 Geschehen
2805 2109 2827 2169 in
2862 2109 2948 2169 einem

2061 2146 2205 2206 „inneren
2247 2144 2422 2204 Monolog“
2459 2144 2500 2204 sich
2536 2144 2665 2204 spiegeln
2708 2144 2789 2204 läßt.
2821 2147 2960 2207 Dadurch

208 2144 343 2204 wieder.
371 2144 413 2204 Es
441 2144 506 2204 war
534 2144 599 2204 eine
628 2147 878 2207 Gehirnblutung
912 2150 1097 2210 eingetreten

1135 2150 1279 2210 worden.
1313 2150 1387 2210 Man
1420 2150 1485 2210 will
1509 2153 1686 2213 abwarten,
1706 2153 1752 2213 bis
1780 2153 1835 2213 sein
1869 2153 1892 2213 in
1925 2156 2032 2216 Berli¬

214 2186 238 2246 so
269 2184 319 2244 daß
350 2183 379 2243 er
410 2186 455 2246 sich
486 2186 550 2246 auch
581 2183 662 2243 nicht
688 2186 773 2246 einen
804 2186 989 2246 Augenblick
1015 2187 1110 2247 seine¬

1138 2187 1284 2247 lebender
1308 2189 1408 2249 Sohn,
1426 2189 1477 2249 der
1494 2191 1590 2251 sofort
1607 2191 1663 2251 von
1692 2192 1736 2252 dem
1777 2192 1906 2252 Ableben
1935 2193 2030 2253 seines
2060 2183 2183 2243 werden
2229 2183 2285 2243 der
2319 2183 2409 2243 Epik,
2444 2184 2494 2244 die
2534 2186 2607 2246 nach
2653 2183 2737 2243 einer
2772 2183 2957 2243 Bemerkung

2053 2223 2215 2283 Ortegas,
2238 2225 2281 2285 sich
2314 2225 2433 2285 stofflich
2466 2225 2607 2285 erschöpft
2635 2222 2705 2282 hat,
2728 2222 2798 2282 neue
2826 2222 2961 2282 Inhalte

215 2225 311 2285 nahen
340 2222 440 2282 Todes
469 2225 593 2285 bewußt
616 2225 773 2285 geworden
802 2227 852 2287 ist.
881 2228 926 2288 Um
966 2228 999 2288 6¼
1045 2230 1112 2290 Uhr
1141 2231 1258 2291 Vaters
1287 2231 1473 2291 verständigt
1502 2231 1619 2291 wurde,
1637 2231 1665 2291 in
1693 2231 1777 2291 Wien
1812 2234 1964 2294 eintrifft.

2061 2261 2236 2321 zugeführt,
2262 2261 2382 2321 Gerade
2408 2261 2443 2321 um
2484 2263 2574 2323 dieser
2600 2261 2816 2321 Bereicherung
2847 2262 2942 2322 willen

2058 2297 2105 2357 die
2132 2300 2285 2360 scheinbar
2318 2300 2381 2360 rein
2413 2300 2561 2360 formaler
2593 2300 2715 2360 Natur,
2736 2303 2762 2363 in
2795 2300 2964 2360 Wahrheit

2053 2335 2129 2395 aber
2159 2338 2168 2398 —
2216 2338 2245 2398 im
2284 2338 2389 2398 Sinne
2413 2338 2466 2398 der
2490 2338 2730 2398 Psychoanalyse
2759 2337 2768 2397 —
2817 2340 2965 2400 substanz¬

213 2341 316 2401 Zum
383 2341 516 2401 Tode
561 2341 752 2401 Arthur
790 2344 1107 2404 Schnitzlers

2059 2376 2182 2436 bildend
2216 2376 2264 2436 ist,
2281 2377 2367 2437 fühlt
2395 2378 2437 2438 sich
2470 2375 2535 2435 auch
2568 2374 2611 2434 die
2639 2377 2735 2437 junge
2764 2377 2953 2437 Generation

2051 2413 2180 2473 Arthur
2212 2415 2393 2475 Schnitzlers
2430 2416 2502 2476 aufs
2534 2413 2632 2473 tiesste
2663 2414 2855 2474 verpflichtet

2095 2452 2255 2512 Schnitzler
2295 2452 2361 2512 war
2396 2452 2439 2512 ein
2479 2452 2628 2512 Erzähler
2662 2451 2717 2511 von
2757 2452 2867 2512 Rang,
2890 2452 2956 2512 doch

275 2454 412 2514 Der
483 2460 750 2520 Dichter
821 2460 935 2520 des
1007 2464 1400 2524 sterbenden
1482 2467 1946 2527 Oesterreichs

2055 2491 2118 2551 nur
2148 2491 2300 2551 scheinbar
2331 2491 2399 2551 auch
2434 2491 2473 2551 ein
2508 2491 2710 2551 Dramatiker
2745 2490 2793 2550 von
2833 2491 2965 2551 Geblüt.

2058 2530 2158 2590 Seine
2193 2530 2339 2590 Arbeiten
2380 2530 2430 2590 für
2466 2530 2516 2590 die
2552 2530 2677 2590 Bühne,
2708 2529 2758 2589 die
2794 2527 2859 2587 viel
2889 2530 2959 2590 auf¬

407 2541 635 2601 „Frühgereift
670 2544 727 2604 und
762 2544 830 2604 zart
865 2544 921 2604 und
956 2547 1098 2607 traurig.

1124 2547 1301 2607 sentgegen.
1324 2547 1421 2607 Unter
1449 2547 1497 2607 der
1519 2550 1675 2610 Schminke
1697 2550 1740 2610 die
1763 2552 1919 2612 gähnende
1946 2553 2016 2613 Leer

2058 2568 2184 2628 geführt
2215 2568 2341 2628 worden
2377 2568 2458 2628 sind,
2483 2568 2574 2628 haben
2625 2565 2706 2625 nicht
2747 2566 2797 2626 den
2849 2568 2959 2628 rechten

1131 2583 1220 2643 einer
1251 2586 1352 2646 Welt,
1371 2586 1418 2646 die
1449 2588 1539 2648 sachte
1570 2589 1630 2649 und
1667 2589 1846 2649 unmerklich
1878 2592 2039 2652 einstürzt.
2058 2605 2275 2665 dramatischen
2311 2604 2413 2664 Puls.
2444 2606 2636 2666 Psychologie
2667 2604 2690 2664 im
2733 2607 2853 2667 Drama
2884 2607 2955 2667 kann

517 2611 602 2671 Hugo
637 2610 695 2670 von
735 2613 1006 2673 Hoffmannsthal
1036 2613 1109 2673 über

1172 2634 1334 2694 Schnitzler
1369 2633 1423 2693 hat
1453 2634 1546 2694 dieses
1581 2636 1675 2696 Bild,
1705 2637 1758 2697 das
1798 2637 1847 2697 der
1878 2640 1951 2700 erste
1986 2639 2034 2699 be¬

2059 2640 2106 2700 sich
2136 2643 2265 2703 nämlich
2294 2643 2361 2703 auch
2395 2643 2443 2703 als
2473 2643 2655 2703 verderblich
2684 2643 2852 2703 erweisen:
2877 2643 2957 2703 wenn

511 2656 566 2716 den
604 2658 719 2718 jungen
759 2661 934 2721 Schnitzler,

1126 2672 1234 2732 wußte
1270 2670 1353 2730 Blick
1389 2673 1413 2733 in
1458 2673 1507 2733 die
1542 2673 1631 2733 Welt
1666 2676 1765 2736 seinen
1810 2677 1929 2737 Sinnen
1974 2679 2027 2739 bot

2055 2679 2096 2739 sie
2127 2682 2156 2742 es
2194 2682 2386 2742 verhindert,
2411 2682 2465 2742 daß
2502 2682 2543 2742 die
2575 2682 2768 2742 Gegensätze,
2792 2682 2877 2742 jeder
2908 2682 2961 2742 für

1134 2709 1271 2769 niemals
1292 2710 1460 2770 vergessen.
1482 2710 1576 2770 Wenn
1603 2715 1634 2775 er
1656 2715 1697 2775 sich
1724 2715 1792 2775 auch
1819 2715 1850 2775 um
1887 2715 1955 2775 1910
1977 2715 2024 2775 als
2057 2716 2103 2776 sich
2136 2720 2161 2780 in
2199 2721 2293 2781 voller
2320 2721 2630 2781 Ausschließlichkeit,
2652 2721 2699 2781 als
2726 2721 2814 2781 solche
2841 2718 2867 2778 in
2899 2718 2962 2778 Er¬

246 2723 338 2783 Ganz
370 2724 571 2784 unerwartet
607 2724 643 2784 ist
675 2727 788 2787 gestern
830 2727 1015 2787 nachmittag
1057 2729 1093 2789 un

1135 2747 1300 2807 Fünfziger
1330 2747 1395 2807 eine
1421 2750 1521 2810 Weile
1551 2753 1742 2813 aufzuraffen
1777 2753 1867 2813 sucht,
1888 2753 1922 2813 um
1963 2753 2028 2813 An=
2054 2758 2214 2818 scheinung
2240 2759 2299 2819 und
2325 2759 2430 2819 Aktion
2461 2758 2575 2818 treten.
2606 2756 2661 2816 Ein
2692 2756 2872 2816 Psychologe
2903 2759 2957 2819 wie

204 2756 219 2816 6
252 2762 311 2822 Uhr
339 2762 365 2822 15
398 2762 517 2822 Arthur
544 2765 788 2825 Schnitzler,
810 2765 858 2825 der
886 2765 961 2825 feine
988 2766 1107 2826 Dichter

1136 2789 1220 2849 schluß
1246 2788 1271 2848 zu
1301 2786 1401 2846 finden
1432 2786 1462 2846 an
1492 2788 1537 2848 die
1563 2789 1703 2849 Jugend,
1724 2792 1768 2852 die
1794 2792 1833 2852 die
1859 2792 2029 2852 betäuben¬
2050 2797 2220 2857 Schnitzler
2256 2796 2271 2856 —
2327 2795 2381 2855 und
2417 2798 2502 2858 darin
2538 2795 2633 2855 liegen
2668 2795 2713 2855 die
2744 2798 2884 2858 Mängel
2910 2796 2959 2856 be¬

206 2799 267 2859 und
299 2801 480 2861 Psycholog,
507 2804 532 2864 in
568 2801 661 2861 seinem
708 2801 781 2861 Heim
828 2804 854 2864 in
890 2804 972 2864 Wien
1015 2804 1097 2864 einen

1130 2825 1179 2885 den
1215 2825 1330 2885 Farben
1361 2825 1410 2885 des
1436 2827 1576 2887 Herbstes
1607 2828 1681 2888 nicht
1707 2830 1792 2890 mehr
1817 2831 1932 2891 gesehen
1963 2832 2033 2892 hat,
2059 2834 2194 2894 gründet
2220 2834 2229 2894 —
2280 2836 2355 2896 sieht
2380 2834 2455 2894 aber
2481 2834 2591 2894 gerade
2621 2834 2671 2894 das
2702 2834 2867 2894 Gleitende
2898 2837 2952 2897 und

206 2840 427 2900 Schlaganfall
453 2840 593 2900 erlegen.
624 2840 670 2900 Am
710 2842 892 2902 Vormittag
928 2843 992 2903 noch
1023 2844 1093 2904 hatt

1126 2864 1163 2924 an
1193 2864 1245 2924 das
1269 2864 1517 2924 neuentstehende
1542 2867 1656 2927 Leben,
1676 2868 1728 2928 das
1753 2868 1800 2928 dem
1839 2870 2020 2930 betörenden
2054 2872 2101 2932 die
2131 2874 2355 2934 Uebergänge;
2385 2873 2441 2933 und
2471 2875 2499 2935 so
2528 2874 2599 2934 steht
2628 2873 2680 2933 der
2710 2874 2958 2934 Seelenkünstler

203 2879 237 2939 er
263 2876 348 2936 einen
383 2879 597 2939 Spaziergang
628 2881 881 2941 unternommen,
903 2882 954 2942 von
989 2882 1035 2942 dem
1079 2883 1108 2943 ei

1133 2905 1256 2965 Zauber
1285 2903 1332 2963 des
1362 2903 1394 2963 fin
1424 2903 1452 2963 de
1481 2906 1566 2966 siecle
1591 2906 1671 2966 nicht
1695 2909 1838 2969 verfallen
1872 2909 1919 2969 ist,
1939 2909 2019 2969 wenn
2053 2911 2110 2971 dem
2158 2912 2377 2972 dramatischen
2415 2912 2539 2972 Dichter
2573 2912 2601 2972 im
2649 2912 2758 2972 Wege.
2797 2912 2958 2972 Dennoch:

198 2914 301 2974 etwas
327 2918 469 2978 erschöpft
495 2918 696 2978 heimkehrte;
717 2918 780 2978 kurz
801 2921 918 2981 darauf
939 2921 1007 2981 fand
1038 2921 1101 2981 man

1128 2941 1165 3001 er
1188 2941 1309 3001 damals
1338 2941 1402 3001 auch
1431 2944 1599 3004 eingreifen
1632 2944 1739 3004 möchte
1762 2944 1790 3004 in
1818 2946 1864 3006 die
1893 2946 2023 3006 Kämpfe

2052 2950 2239 3010 Schnitzlers
2274 2950 2470 3010 dramatische
2506 2950 2647 3010 Arbeiten
2688 2950 2830 3010 behalten
2870 2950 2953 3010 ihren

209 2953 253 3013 ihn
283 2954 307 3014 in
337 2956 430 3016 seinem
469 2956 725 3016 Arbeitszimmer
745 2956 917 3016 bewußtlos
937 2959 971 3019 am
1006 2959 1103 3019 Boder

1126 2977 1175 3037 die
1205 2979 1258 3039 dem
1303 2980 1395 3040 Leben
1430 2980 1528 3040 seinen
1563 2981 1640 3041 Sinn
1680 2983 1739 3043 und
1774 2983 1822 3043 dem
1867 2984 2019 3044 Menschen
2053 2987 2146 3047 Reiz,
2166 2989 2234 3049 weil
2254 2989 2308 3049 das
2333 2989 2607 3049 Atmosphärische,
2623 2989 2676 3049 das
2706 2989 2779 3049 allen
2809 2989 2951 3049 Arbeiten

203 2992 321 3052 liegen.
356 2992 434 3052 Eine
464 2995 719 3055 Gehirnblutung
754 2995 818 3055 war
848 2996 1059 3056 eingetreten.
1079 2997 1103 3057 so

94 3022 158 3082 enge

1131 3016 1229 3076 seinen
1258 3018 1385 3078 inneren
1415 3019 1493 3079 Halt
1518 3019 1723 3079 wiedergeben
1758 3023 1899 3083 könnten,
1925 3024 1948 3084 so
1973 3024 2027 3084 hat
2057 3027 2238 3087 Schnitzlers
2273 3026 2296 3086 in
2331 3028 2355 3088 so
2380 3028 2473 3088 hohem
2518 3028 2610 3088 Maße
2640 3028 2669 3088 zu
2699 3028 2781 3088 eigen
2816 3028 2865 3088 ist,
2885 3029 2953 3089 eben

202 3028 259 3088 daß
283 3031 316 3091 er
336 3031 388 3091 das
418 3032 609 3092 Bewußtsein
639 3034 715 3094 nicht
739 3036 1012 3096 wiedererlangte.
1032 3036 1104 3096 Ein¬

1130 3057 1174 3117 sich
1205 3055 1366 3115 Schnitzler
1386 3056 1446 3116 doch
1472 3058 1536 3118 sehr
1557 3058 1627 3118 bald
1653 3061 1768 3121 wieder
1794 3061 1814 3121 in
1844 3061 1899 3121 sein
1930 3061 2030 3121 Selbst
2056 3064 2126 3124 auch
2161 3065 2206 3125 zur
2237 3064 2579 3124 Bühnenwirksamkeit
2604 3064 2709 3124 gehört

77 3064 87 3124 n
117 3061 175 3121 echt
205 3070 451 3130 Atemlähmung
491 3070 544 3130 ließ
584 3070 633 3130 ihn
668 3073 751 3133 sanft
786 3073 840 3133 und
880 3073 948 3133 leise
988 3073 1012 3133 in
1052 3074 1105 3134 das

1132 3095 1379 3155 zurückgezogen,
1398 3096 1449 3156 von
1477 3096 1523 3156 dem
1566 3096 1594 3156 er
1618 3098 1692 3158 nicht
1715 3100 1771 3160 frei
1790 3100 1897 3160 konnte
1920 3100 1929 3160 —
1976 3100 2027 3160 und

2096 3103 2165 3163 Aus
2188 3103 2234 3163 der
2264 3103 2367 3163 langen
2403 3103 2477 3163 Liste
2501 3103 2547 3163 der
2570 3103 2674 3163 Werke
2698 3103 2813 3163 Arthur
2837 3104 2957 3164 Schnitz¬

76 3103 179 3163 erzäh=
203 3108 329 3168 Dunkel
353 3107 405 3167 der
434 3109 584 3169 Ewigkeit
614 3111 844 3171 zurückgleiten.
874 3113 965 3173 „Wir
995 3112 1081 3172 spiele

1127 3132 1246 3192 wollte.
1277 3132 1342 3192 Und
1378 3132 1452 3192 wir,
1473 3132 1518 3192 die
1548 3135 1799 3195 Nachlebenden,
1820 3136 1920 3196 freuen
1955 3137 2030 3197 uns,
2056 3140 2120 3200 lers
2146 3141 2201 3201 nur
2227 3141 2271 3201 ein
2297 3141 2377 3201 paar
2397 3141 2608 3201 bezeichnende
2633 3141 2768 3201 Namen.
2794 3144 2859 3204 Der
2880 3142 2949 3202 Wee

74 3141 174 3201 neuen

205 3143 339 3203 immer;
369 3145 431 3205 wer
465 3146 494 3206 es
528 3146 624 3206 weiß,
654 3147 687 3207 ist
716 3147 783 3207 klug

891 3152 921 3212 so
957 3150 1043 3210 hatte
1075 3150 1089 3210 e

1127 3168 1181 3228 daß
1212 3171 1262 3231 der
1292 3171 1342 3231 dem
1388 3171 1457 3231 Bild
1493 3172 1588 3232 seiner
1614 3174 1739 3234 Jugend
1769 3174 1834 3234 treu
1865 3174 2020 3234 geblieben
2056 3178 2105 3238 der
2136 3178 2276 3238 Arbeiten
2312 3178 2362 3238 für
2387 3178 2432 3238 die
2463 3180 2572 3240 Bühne
2598 3180 2683 3240 führt
2714 3180 2763 3240 von
2799 3180 2939 3240 „Anatol

204 3183 281 3243 einst
309 3183 336 3243 in
370 3186 420 3246 den
460 3186 559 3246 Tagen
598 3186 648 3246 der
682 3186 869 3246 Jugendzeit
898 3189 959 3249 mit
987 3189 1086 3249 leichte

1124 3207 1181 3267 ist.
1215 3210 1300 3270 Denn
1339 3210 1420 3270 seine
1454 3211 1659 3271 verfeinerten
1697 3214 1825 3274 Organe
1859 3214 1955 3274 haben
1994 3213 2026 3273 es
2060 3216 2117 3276 und
2160 3218 2332 3278 „Liebelei“
2366 3216 2442 3276 über
2481 3217 2633 3277 „Reigen“
2676 3219 2729 3279 und
2768 3219 2820 3279 den
2868 3220 2963 3280 „Ein¬

202 3222 403 3282 Resignation
443 3222 616 3282 gesungen;
646 3225 699 3285 und
740 3228 862 3288 ebenso,
887 3228 946 3288 wie
976 3228 1010 3288 er
1045 3225 1094 3285 zun

1129 3247 1212 3307 ihm,
1237 3246 1285 3306 der
1315 3247 1368 3307 das
1403 3249 1491 3309 Wien
1531 3249 1579 3309 der
1614 3252 1942 3312 Jahrhundertwende
1977 3252 2025 3312 als
2055 3256 2157 3316 samen
2192 3256 2265 3316 Weg

2310 3255 2347 3315 zu
2386 3255 2560 3315 „Professor
2593 3258 2794 3318 Bernhardi“
2833 3258 2958 3318 (1913),

75 3258 177 3318 ovelle
200 3261 302 3321 Leben
335 3261 437 3321 stand,
460 3264 589 3324 näherte
617 3264 665 3324 sich
699 3264 741 3324 ihm
791 3264 839 3324 der
866 3267 947 3327 Tod,
975 3267 1023 3327 der
1056 3267 1099 3327 ihr

1127 3288 1458 3348 kulturgeschichtliches
1494 3290 1644 3350 Kuriosum
1690 3291 1714 3351 in
1751 3292 1860 3352 reifer,
1886 3293 2031 3353 echtester,
2058 3294 2107 3354 der
2133 3294 2203 3354 Weg
2228 3294 2273 3354 der
2299 3294 2474 3354 Novellistik
2495 3294 2545 3354 von
2576 3294 2746 3354 „Sterben"
2777 3297 2827 3357 und
2852 3297 2962 3357 „Leut¬

203 3301 266 3361 still
288 3300 346 3360 und
373 3302 447 3362 ohne
474 3303 611 3363 Schmerz
638 3303 887 3363 hinüberführte,

1129 3325 1334 3385 lebendigster
1364 3324 1544 3384 Gestaltung
1579 3326 1608 3386 zu
1643 3327 1848 3387 konservieren
1883 3329 2034 3389 vermocht
2054 3330 2136 3390 nant
2171 3332 2273 3392 Gustl“
2328 3333 2401 3393 über
2435 3334 2635 3394 „Casanovas
2675 3335 2870 3395 Heimfahrt“
2920 3337 2949 3397 zu

235 3356 362 3416 Arthur
392 3357 557 3417 Schnitzler
587 3359 641 3419 hat
666 3359 715 3419 dem
759 3359 861 3419 alten,
887 3362 974 3422 heute
1004 3361 1106 3421 längst
1132 3359 1205 3419 hat,
1225 3362 1400 3422 ermöglicht
1425 3363 1493 3423 auch
1518 3365 1547 3425 im
1588 3365 1695 3425 Dienst
1715 3365 1763 3425 des
1793 3365 1954 3425 modernen
1984 3365 2022 3425 Le

2050 3369 2222 3429 „Fräulein
2257 3368 2346 3428 Else“
2381 3368 2439 3428 und
2474 3371 2524 3431 der
2559 3371 2859 3431 „Traumnovelle“.
2894 3371 2957 3431 Da¬

199 3396 403 3456 versunkenen
444 3397 624 3457 Oesterreich
675 3397 730 3457 das
770 3400 1000 3460 Schwanenlied
1051 3402 1101 3462 ge=
1132 3400 1211 3460 bens
1237 3398 1302 3458 eine
1327 3399 1422 3459 schöne
1448 3401 1598 3461 Funktion
1634 3403 1658 3463 zu
1689 3406 1843 3466 erfüllen:
1859 3404 2040 3464 Schnitzler,
2060 3406 2190 3466 zwischen
2241 3407 2290 3467 der
2336 3407 2450 3467 einzige
2486 3410 2637 3470 Roman:
2677 3412 2757 3472 „Der
2792 3410 2867 3470 Weg
2903 3412 2952 3472 in¬

99 3428 167 3488 Tod
197 3434 323 3494 dichtet.
353 3434 411 3494 Die
436 3435 539 3495 Werke
568 3435 617 3495 des
652 3436 827 3496 Künstlers,
847 3438 895 3498 der
925 3437 998 3497 einst
1023 3439 1101 3499 Arzt
1126 3440 1218 3500 dessen
1248 3439 1487 3499 psychologischer
1507 3440 1649 3500 Tiefblick
1660 3440 1766 3500 immer
1787 3443 1894 3503 wieder
1909 3443 2031 3503 bewun=
2056 3448 2163 3508 Freie“
2197 3446 2314 3506 (1908).
2339 3446 2353 3506 —
2403 3446 2471 3506 Das
2501 3449 2598 3509 Leben
2633 3449 2681 3509 des
2716 3449 2852 3509 Dichters
2887 3451 2955 3511 war

65 3464 172 3524 ebun¬

203 3473 327 3533 gewesen
366 3473 446 3533 war,
475 3475 604 3535 spiegeln
647 3474 704 3534 fast
733 3476 795 3536 alle
824 3477 881 3537 das
915 3477 1005 3537 Wien
1044 3477 1096 3537 der
1125 3476 1306 3536 dernswert
1330 3476 1377 3536 ist,
1397 3476 1449 3536 hat
1473 3478 1568 3538 seinen
1602 3480 1831 3540 gleichaltrigen
1860 3481 2027 3541 Fachkolle=
2051 3485 2156 3545 wenig
2190 3488 2323 3548 bewegt.
2357 3485 2495 3545 Geboren
2533 3485 2566 3545 am
2615 3486 2662 3546 15.
2691 3488 2767 3548 Mai
2796 3491 2867 3551 1862
2901 3491 2953 3551 als

117 3503 182 3563 letz¬

209 3512 533 3572 Jahrhundertwende
581 3512 700 3572 wider:
744 3512 810 3572 eine
849 3515 939 3575 Zeit,
978 3516 1011 3576 da
1054 3516 1101 3576 ein
1126 3518 1183 3578 gen
1227 3515 1279 3575 und
1317 3515 1512 3575 Landsmann
1552 3517 1708 3577 Sigmund
1742 3518 1842 3578 Freud

1924 3519 2008 3579 wenn
2043 3521 2132 3581 Sohn
2182 3523 2266 3583 eines
2306 3523 2435 3583 Arztes,
2470 3523 2519 3583 des
2569 3527 2955 3587 Universitätsprofessors

65 3544 162 3604 rden

201 3550 330 3610 junger,
356 3550 456 3610 zarter
487 3550 606 3610 Mensch
642 3550 702 3610 mit
732 3550 913 3610 wissenden,
938 3553 1023 3613 leicht
1054 3551 1103 3611 er=
1130 3550 1199 3610 auch
1235 3553 1310 3613 nicht
1340 3553 1555 3613 ausdrücklich,
1581 3555 1606 3615 so
1636 3555 1696 3615 doch
1732 3555 1761 3615 im
1807 3555 1907 3615 Effekt
1933 3553 1942 3613 —
1998 3555 2022 3615 in

2052 3561 2175 3621 Johann
2215 3562 2397 3622 Schnitzler,
2422 3562 2564 3622 studierte
2600 3562 2629 3622 er
2664 3565 2821 3625 Medizin,
2852 3568 2954 3628 wurde

67 3584 171 3644 Sinne
205 3589 343 3649 müdeten
372 3589 471 3649 Augen
505 3589 528 3649 in
557 3589 600 3649 die
624 3589 709 3649 Welt
734 3590 828 3650 blickte
857 3591 914 3651 und
938 3591 1009 3651 dort
1034 3590 1105 3650 trotz
1125 3590 1181 3650 dem
1220 3592 1348 3652 bitteren
1382 3592 1500 3652 Kampf
1525 3593 1557 3653 um
1601 3593 1662 3653 eine
1686 3597 1929 3657 schmiegsamere
1953 3597 2029 3657 See=
2054 3601 2196 3661 Assistent
2220 3601 2310 3661 seines
2339 3601 2477 3661 Vaters,
2492 3601 2558 3661 trat
2582 3602 2658 3662 dann
2692 3603 2715 3663 in
2744 3604 2958 3664 militärärzt¬

94 3620 174 3680 Bett
198 3627 331 3687 anderen
365 3625 503 3685 Scheins,
522 3628 598 3688 trotz
613 3628 817 3688 Fröhlichkeit
841 3628 893 3688 und
922 3631 1107 3691 Uebermut,
1127 3631 1293 3691 lenkunde,
1331 3629 1378 3689 die
1427 3629 1483 3689 vor
1517 3631 1569 3691 der
1607 3632 1864 3692 Dunkelkammer
1902 3635 2021 3695 unseres
2050 3639 2145 3699 lichen
2174 3640 2297 3700 Dienst,
2317 3639 2364 3699 den
2397 3639 2430 3699 er
2459 3639 2549 3699 jedoch
2583 3640 2725 3700 aufgeben
2759 3645 2878 3705 mußte,
2902 3646 2949 3706 als

67 3664 169 3724 ltung
204 3664 262 3724 nur
287 3665 428 3725 Schmerz
453 3666 506 3726 und
536 3667 619 3727 leises
649 3668 775 3728 Weinen
806 3670 869 3730 sah.
899 3670 1010 3730 Hinter
1035 3670 1084 3730 dem
1128 3669 1435 3729 Unterbewußtseins
1465 3668 1544 3728 nicht
1564 3669 1744 3729 haltmacht,
1764 3672 1832 3732 aufs
1857 3675 2022 3735 Kräftigste
2052 3678 2086 3738 er
2116 3676 2292 3736 „Leutnant
2317 3677 2419 3737 Gustl“
2449 3677 2619 3737 publiziert
2644 3680 2727 3740 hatte
2757 3681 2766 3741 —
2815 3682 2873 3742 und
2903 3682 2951 3742 da¬

72 3702 171 3762 Heute
200 3702 281 3762 bunt
315 3706 576 3766 fluktuierenden,
610 3706 672 3766 noch
710 3706 819 3766 immer
853 3706 1091 3766 faszinierenden
1125 3708 1306 3768 unterstützt
1335 3706 1391 3766 und
1425 3706 1472 3766 die
1502 3708 1591 3768 rechte
1621 3709 1768 3769 Wirkung
1802 3709 1854 3769 der
1883 3711 2021 3771 Leistung
2055 3714 2116 3774 mit
2140 3715 2202 3775 war
2231 3715 2259 3775 er
2283 3716 2359 3776 ganz
2384 3715 2602 3775 Schriftsteller
2627 3718 2802 3778 geworden,
2827 3720 2874 3780 als
2903 3722 2950 3782 der

72 3738 172 3798 einer

203 3740 357 3800 Treiben,
373 3744 417 3804 dem
458 3744 547 3804 jedoch
573 3744 623 3804 der
649 3744 738 3804 starke
759 3744 834 3804 Sinn
864 3744 974 3804 fehlte,
990 3744 1100 3804 grinste
1125 3744 1250 3804 Freuds
1286 3744 1315 3804 im
1361 3744 1556 3804 Bewußtsein
1597 3747 1646 3807 der
1682 3747 1922 3807 Allgemeinheit
1958 3748 2027 3808 vor=
2053 3750 2088 3810 er
2118 3753 2188 3813 Zeit
2214 3753 2309 3813 seines
2344 3755 2459 3815 Lebens
2489 3756 2539 3816 der
2570 3757 2700 3817 Wiener
2725 3759 2855 3819 Heimat
2881 3761 2945 3821 treu

101 3781 168 3841 nach
199 3783 255 3843 dem
297 3783 564 3843 Tieferblickenden
596 3784 642 3844 die
668 3783 771 3843 Fratze
792 3783 843 3843 der
870 3784 1101 3844 Verzweiflung
1132 3783 1276 3843 bereitet.

2041 3789 2153 3849 blieb.
