3436 4352
210 303 261 363 2

372 309 965 369 Schnitzler's
1037 313 1268 373 Death

1479 312 1603 372 box
1678 315 1869 375 42/9

235 1573 314 1633 gibt
338 1567 383 1627 es
407 1565 497 1625 einen
544 1563 751 1623 anständigen
786 1557 968 1617 Menschen,
1004 1554 1094 1614 Reihe
1118 1553 1174 1613 von
1210 1550 1393 1610 österreichs
1418 1546 1611 1606 Klassikern,
1624 1545 1851 1605 Grilparzers
1864 1540 1979 1600 schief-
2003 1537 2082 1597 schen
2117 1537 2322 1597 Landschaft;
2346 1536 2414 1596 alle
2427 1535 2518 1595 seine
2543 1531 2701 1591 Menschen
2737 1530 2816 1590 leben
2852 1529 2885 1589 in
2909 1528 2976 1588 und

1997 1586 2056 1646 mit
2093 1585 2146 1645 der
2183 1583 2309 1643 Wiener
2346 1583 2550 1643 Landschaft,
2599 1577 2659 1637 sind
2696 1577 2978 1637 leidenschaftliche

990 1602 1154 1662 geneigtes
1189 1598 1443 1658 Greisenantlitz
1484 1595 1523 1655 ist
1552 1595 1596 1655 ihm
1654 1594 1682 1654 im
1733 1589 1965 1649 Poetenolymx

188 1619 236 1679 nd
261 1619 347 1679 einer
372 1616 464 1676 guten
502 1613 648 1673 Stunde,
667 1611 691 1671 in
729 1609 845 1669 tiefster
871 1607 962 1667 Seele

1999 1634 2271 1694 Spaziergänger
2294 1631 2304 1691 —
2356 1630 2423 1690 bald
2447 1629 2474 1689 in
2503 1628 2553 1688 den
2583 1625 2780 1685 abendlichen
2809 1624 2972 1684 eleganten

995 1652 1138 1712 sicherlich
1162 1647 1497 1707 entgegengekommen
1532 1643 1589 1703 und
1619 1643 1670 1703 hat
1694 1641 1739 1701 ihn
1769 1640 1821 1700 als
1844 1638 1965 1698 Dichter

188 1667 313 1727 nderes
346 1662 483 1722 denkt?"
509 1661 552 1721 Er
578 1659 679 1719 meint
704 1658 761 1718 den
793 1656 874 1716 Tod.

987 1697 1043 1757 der
1078 1699 1195 1759 „Jüdin
1235 1697 1291 1757 von
1331 1693 1489 1753 Toledo",
1512 1692 1568 1752 von
1602 1690 1686 1750 Hero
1715 1688 1777 1748 und
1812 1687 1974 1747 Leander,
2003 1684 2144 1744 Straßen
2172 1680 2229 1740 der
2252 1679 2398 1739 Inneren
2432 1679 2550 1739 Stadt,
2562 1675 2630 1735 bald
2659 1673 2686 1733 in
2721 1673 2771 1733 den
2805 1669 2985 1729 volkstüm¬

186 1724 311 1784 isamen
347 1718 444 1778 Beg"
479 1720 541 1780 und
578 1718 717 1778 „Weiten
752 1715 863 1775 Land"
892 1712 954 1772 sink

1996 1730 2090 1790 lichen
2126 1729 2226 1789 stillen
2262 1727 2373 1787 Gassen
2433 1727 2462 1787 in
2504 1724 2556 1784 der
2586 1722 2751 1782 Vorstadt,
2799 1721 2875 1781 aber
2905 1718 2975 1778 auch

989 1747 1042 1807 die
1073 1746 1138 1806 doch
1169 1744 1343 1804 Schnitzler
1374 1741 1427 1801 für
1458 1739 1584 1799 seine
1615 1737 1812 1797 Generation
1849 1736 1951 1796 fortge

191 1774 289 1834 szüge
320 1768 511 1828 Schnitzlers
543 1770 573 1830 zu
611 1765 740 1825 höchster
765 1761 943 1821 Konzentra

992 1797 1062 1857 setzt
1092 1794 1197 1854 hatte,
1222 1791 1380 1851 begrüßt;
1428 1787 1474 1847 die
1510 1787 1646 1847 anderen
1682 1783 1887 1843 Österreicher
1923 1778 1976 1838 be=
2006 1777 2147 1837 draußen
2206 1776 2347 1836 zwischen
2406 1774 2524 1834 Wein,
2548 1770 2636 1830 Wald
2672 1768 2736 1828 und
2772 1767 2871 1827 Wiese
2925 1765 2977 1825 der

180 1822 292 1882 men:
321 1817 495 1877 Innigkeit
530 1816 591 1876 und
626 1812 857 1872 Leidenschaft,
880 1806 947 1866 Sar

2000 1825 2135 1885 Wiener
2195 1825 2324 1885 Hügel.
2378 1822 2448 1882 Der
2514 1817 2796 1877 Lebenskünstler,
2851 1814 2962 1874 Dandy

992 1844 1123 1904 grüßten
1160 1843 1184 1903 in
1215 1841 1257 1901 ihm
1300 1837 1517 1897 wohlgefällig
1541 1835 1590 1895 den
1620 1834 1770 1894 Schöpfer
1796 1831 1843 1891 des
1868 1828 1964 1888 Herrn

184 1867 366 1927 dIronie,
384 1865 614 1925 Weltläufiges
650 1861 709 1921 und
733 1858 950 1918 Bürgerliches

991 1893 1049 1953 von
1085 1891 1190 1951 Sala,
1215 1889 1261 1949 des
1297 1885 1638 1945 Kürassierleutnants
1668 1881 1744 1941 Max
1774 1879 1832 1939 und
1868 1878 1967 1938 seiner
2003 1873 2173 1933 Ironiker,
2197 1872 2320 1932 Literat
2344 1870 2508 1930 Schnitzler
2539 1867 2614 1927 wird
2645 1866 2773 1926 schlicht,
2797 1864 2967 1924 naturhaft

184 1918 316 1978 ichtheit
357 1914 414 1974 und
450 1913 547 1973 wilde
578 1910 675 1970 Gier,
711 1908 854 1968 Schmerz
901 1905 958 1965 uni

186 1968 218 2028 kz
246 1965 305 2025 und
339 1962 457 2022 Spiel,
484 1961 576 2021 Leben
617 1958 676 2018 und
710 1955 875 2015 Sterben.
916 1949 962 2009 Es
996 1938 1107 1998 Braut
1135 1937 1260 1997 Marie,
1287 1935 1359 1995 auch
1387 1933 1439 1993 der
1473 1933 1571 1993 Genia
1606 1932 1632 1992 im
1679 1927 1977 1987 „Zwischenspiel",
2004 1922 2149 1982 demütig
2189 1920 2289 1980 unter
2329 1918 2382 1978 dem
2436 1917 2534 1977 freien
2575 1914 2720 1974 Himmel
2754 1912 2806 1972 des
2840 1909 2965 1969 Wiener

2001 1971 2145 2031 waldes.
2176 1968 2272 2028 „Jetzt
2309 1967 2404 2027 mache
2436 1965 2477 2025 ich
2514 1965 2574 2025 nur
2611 1961 2695 2021 mehr
2732 1959 2979 2019 Spaziergänge

995 1991 1036 2051 sie
1060 1989 1237 2049 begrüßten
1279 1984 1349 2044 ihn,
1373 1981 1456 2041 denn
1492 1980 1663 2040 Schnitzler
1693 1977 1817 2037 stammt
1847 1974 1958 2034 gerade

180 2016 292 2076 nschen
340 2013 428 2073 durch
470 2010 558 2070 diese
594 2007 735 2067 Dramen
783 2004 835 2064 von
883 2001 965 2061 alter

2005 2021 2036 2081 in
2068 2019 2111 2079 die
2143 2016 2331 2076 Umgebung
2356 2016 2512 2076 Wiens",
2532 2012 2600 2072 sagt
2626 2009 2707 2069 einer
2733 2009 2788 2069 der
2808 2007 2983 2067 raffinter¬

996 2037 1080 2097 wegs
1109 2037 1164 2097 von
1199 2034 1288 2094 ihnen
1323 2031 1379 2091 ab.
1396 2029 1520 2089 Gerade
1543 2027 1672 2087 deshalb
1701 2024 1773 2084 fand
1802 2022 1970 2082 Schnitzlei

187 2062 288 2122 iltur,
307 2059 403 2119 höchst
428 2056 639 2116 bürgerlichem
682 2055 784 2115 Adel,
803 2051 959 2111 Menscher

2004 2069 2092 2129 testen
2134 2067 2387 2127 Schnitzlerschen
2423 2063 2605 2123 Skeptiker,
2647 2058 2742 2118 „aber
2778 2055 2830 2115 das
2866 2055 2965 2115 änder

995 2086 1081 2146 nicht
1110 2085 1196 2145 mehr
1225 2082 1277 2142 den
1318 2081 1392 2141 Weg
1421 2079 1450 2139 in
1485 2077 1536 2137 die
1566 2076 1646 2136 letzte
1675 2073 1894 2133 Gegenwart,
1917 2070 1969 2130 zur

185 2112 289 2172 benen
323 2109 472 2169 Nerven,
489 2106 665 2166 irritiertem
710 2102 770 2162 und
798 2099 952 2159 verletzten

2003 2116 2125 2176 nichts,
2169 2115 2254 2175 denn
2292 2112 2346 2172 für
2378 2112 2451 2172 mich
2482 2109 2629 2169 bedeutet
2666 2106 2709 2166 ein
2752 2106 2973 2166 Spaziergang

172 2159 210 2219 Er
237 2157 411 2217 tadelloser
438 2153 606 2213 Haltung,
627 2150 678 2210 von
711 2149 802 2209 einer
829 2146 971 2206 Skepsis,
998 2133 1199 2193 Generation
1232 2132 1296 2192 und
1323 2129 1394 2189 Zeit
1421 2127 1472 2187 von
1506 2127 1615 2187 heute;
1642 2124 1674 2184 er
1707 2121 1771 2181 war
1798 2120 1843 2180 ein
1870 2116 1960 2176 Öster

2005 2165 2064 2225 auf
2095 2163 2139 2223 den
2177 2161 2341 2221 Geländen
2372 2159 2401 2219 da
2432 2159 2566 2219 draußen
2604 2156 2686 2216 mehr
2709 2152 2760 2212 als
2784 2152 2850 2212 eine
2874 2151 2978 2211 Fahrt

995 2181 1130 2241 reicher,
1154 2180 1224 2240 aber
1260 2178 1318 2238 kein
1360 2174 1648 2234 kosmopolitischer
1678 2169 1759 2229 Jude

178 2209 219 2269 des
256 2207 370 2267 Wollen
414 2204 624 2264 aufgefressen
662 2201 733 2261 hat.
783 2197 861 2257 Man
904 2195 957 2255 dar

1041 2234 1083 2294 Im
1133 2231 1323 2291 „Einsamen
1367 2227 1484 2287 Weg",
1509 2225 1539 2285 im
1589 2222 1816 2282 „Medardus"
1855 2217 1891 2277 ist
1922 2216 1977 2276 der
2014 2212 2038 2272 in
2077 2210 2119 2270 die
2150 2209 2248 2269 Welt.

179 2255 311 2315 bhalten
346 2253 462 2313 lassen,
480 2252 549 2312 auch
572 2249 693 2309 einmal
712 2246 954 2306 auszusprechen

2053 2256 2126 2316 Das
2160 2258 2249 2318 Leben
2291 2256 2339 2316 ein
2373 2255 2479 2315 Traum
2521 2251 2536 2311 —
2586 2252 2684 2312 nein:
2709 2248 2766 2308 das
2800 2248 2889 2308 Leben
2931 2245 2971 2305 ein

166 2304 271 2364 ndig
296 2304 342 2364 ist,
360 2302 424 2362 was
449 2299 507 2359 nur
531 2297 695 2357 undelikat
719 2296 765 2356 ist,
784 2293 865 2353 wenn
896 2291 960 2351 man
1001 2282 1130 2342 schwere
1154 2282 1324 2342 Blutgang
1349 2277 1436 2337 eines
1460 2273 1607 2333 Wieners
1631 2271 1683 2331 der
1707 2270 1812 2330 alten,
1831 2269 1965 2329 düsteren

2012 2309 2122 2369 Spiel,
2141 2307 2208 2367 sagt
2233 2306 2454 2366 Grillparzer.
2474 2305 2534 2365 „Zu
2566 2299 2793 2359 Stimmungen
2831 2296 2916 2356 neig'
2935 2294 2990 2354 ich,

997 2333 1176 2393 „Innern"
1211 2330 1314 2390 Stadt
1338 2324 1540 2384 geschildert.
1558 2321 1616 2381 Die
1645 2320 1743 2380 besten
1778 2318 1888 2378 Werke
1912 2315 1974 2375 sini

180 2353 346 2413 umgeht:
376 2347 482 2407 Artur
518 2346 689 2406 Schnitzler
726 2343 784 2403 hat
815 2341 874 2401 das
910 2338 962 2398 kul

2007 2356 2090 2416 nicht
2121 2355 2150 2415 zu
2181 2353 2325 2413 Taten",
2350 2353 2433 2413 heißt
2464 2350 2493 2410 es
2524 2350 2553 2410 in
2590 2344 2879 2404 „Marionetten".
2922 2338 2987 2398 Be¬

176 2400 434 2460 erbürgerlichte
464 2396 527 2456 und
562 2393 728 2453 aufrichtig
764 2389 971 2449 verwienerte
1000 2381 1121 2441 erfüllt
1145 2377 1196 2437 von
1231 2377 1398 2437 tragischer
1422 2371 1548 2431 Wiener
1572 2367 1686 2427 Seele,
1704 2365 1842 2425 Schauer
1871 2362 1963 2422 inner

2006 2405 2137 2465 ruflo,
2156 2403 2221 2463 frei
2246 2403 2306 2463 sind
2337 2401 2403 2461 fast
2427 2398 2487 2458 alle
2518 2395 2770 2455 Schnitzlerschen
2807 2390 2993 2450 Menschen,

207 2449 264 2509 des
293 2446 534 2506 Liberalismus
564 2443 615 2503 der
644 2441 908 2501 Siebzigerjahre
938 2433 960 2493 in
1001 2431 1111 2491 licher,
1129 2428 1209 2488 jung
1238 2424 1416 2484 sterbender
1445 2419 1554 2479 Seele,
1572 2416 1629 2476 von
1658 2413 1917 2473 Entblätterung
1946 2410 1969 2470 in

1001 2478 1108 2538 voller
1142 2474 1367 2534 Lebenskraft,
1413 2469 1475 2529 von
1509 2466 1756 2526 Ernüchterung
1797 2460 1847 2520 der
1881 2457 1977 2517 Seele
2011 2452 2168 2512 außerdem
2220 2451 2338 2511 passive
2372 2447 2541 2507 Naturen,
2564 2443 2744 2503 ichsüchtig,
2773 2440 2840 2500 nach
2874 2440 2981 2500 Innen

199 2497 377 2557 Literatur
410 2494 615 2554 eingeführt.
638 2491 680 2551 Er
708 2488 778 2548 war
806 2485 859 2545 das
893 2485 973 2545 Kind

2007 2502 2179 2562 horchend,
2209 2497 2492 2557 Lebenskünstler,
2515 2492 2660 2552 Egoisten
2695 2490 2752 2550 der
2781 2489 2925 2549 Freude.
2949 2488 2989 2548 Je

171 2547 314 2607 epoche,
333 2544 380 2604 die
405 2544 452 2604 die
483 2541 596 2601 höchste
628 2536 915 2596 „Menschlichkeit"
940 2529 969 2589 in
1006 2527 1059 2587 bei
1103 2522 1313 2582 drängender
1343 2521 1536 2581 Sehnsucht,
1572 2515 1632 2575 von
1686 2512 1884 2572 Einsamkeit
1933 2507 1968 2567 be

1006 2574 1178 2634 sehnender
1208 2568 1495 2628 Verbundenheit.
1513 2564 1616 2624 Artur
1639 2562 1806 2622 Schnitzler
1835 2558 1886 2618 hat
1916 2555 1973 2615 uns
2008 2550 2093 2610 älter
2129 2547 2180 2607 der
2209 2547 2335 2607 Dichter
2365 2543 2491 2603 wurde,
2514 2540 2594 2600 desto
2624 2538 2709 2598 mehr
2739 2536 2865 2596 wurden
2906 2534 2986 2594 seine

166 2595 261 2655 Ddung
297 2592 461 2652 erblickte;
513 2588 563 2648 als
598 2586 734 2646 Sprosse
769 2583 859 2643 einer
888 2580 972 2640 jener

2005 2597 2170 2657 Gestalten
2226 2592 2523 2652 sinnig-unsinnige
2563 2586 2689 2646 Narren
2745 2583 2799 2643 des
2855 2583 2998 2643 Lebens,

156 2644 304 2704 Wiener
332 2640 519 2700 Familien,
547 2636 574 2696 in
608 2635 706 2695 denen
745 2630 971 2690 künstlerischer
1004 2623 1219 2683 wundervoll
1259 2619 1440 2679 leuchtende
1490 2613 1550 2673 und
1600 2608 1743 2668 tönende
1777 2607 1975 2667 Dichtungen

2010 2643 2354 2703 bewußt-unbewußte
2405 2639 2574 2699 betrogene
2609 2636 2789 2696 Betrüger;
2840 2631 2902 2691 mit
2930 2630 2981 2690 den

177 2693 238 2753 ger
267 2690 418 2750 Edelsinn
453 2687 503 2747 sich
538 2686 571 2746 zu
611 2682 847 2742 unverbrieftem
898 2675 977 2735 Adel
1011 2672 1078 2732 voll
1101 2667 1428 2727 lyrisch-realistischen
1462 2661 1574 2721 Lebens
1603 2658 1659 2718 aus
1688 2657 1738 2717 dem
1772 2655 1850 2715 Wien
1879 2654 1958 2714 seine

2018 2696 2132 2756 Jahren
2168 2692 2277 2752 wurde
2301 2690 2467 2750 Schnitzler
2497 2688 2525 2748 in
2554 2685 2658 2745 seinen
2687 2682 2883 2742 Dichtungen
2918 2679 2986 2739 auch

182 2741 311 2801 hatten,
335 2737 402 2797 trat
425 2735 480 2795 mit
498 2732 600 2792 Artur
623 2729 786 2789 Schnitzler
814 2727 853 2787 ein
882 2727 978 2787 neuer
1013 2725 1040 2785 zu
1075 2720 1158 2780 Ende
1187 2718 1345 2778 gehenden
1380 2712 1503 2772 Glückes
1554 2709 1616 2769 und
1645 2706 1791 2766 Ruhmes
1820 2703 1977 2763 geschenkt

173 2791 218 2851 per
254 2788 310 2848 des
351 2783 569 2843 europäischen
605 2778 788 2838 Literaten,
818 2775 846 2835 in
875 2772 978 2832 Öster=
1013 2768 1076 2828 Auf
1105 2768 1179 2828 diese
1215 2765 1277 2825 Art
1301 2762 1381 2822 schuf
1405 2760 1433 2820 er
1462 2758 1490 2818 in
1525 2756 1623 2816 seinem
1669 2753 1899 2813 Gesamtwerke
1934 2747 1974 2807 e:n
2015 2743 2129 2803 immer
2159 2740 2244 2800 mehr
2274 2737 2336 2797 und
2366 2737 2451 2797 mehr
2481 2735 2538 2795 von
2573 2732 2676 2792 Musik
2705 2730 2837 2790 erfüllt.
2855 2729 2894 2789 In
2930 2729 2987 2789 den

2007 2792 2107 2852 ersten
2143 2789 2361 2849 Dichtungen,
2409 2786 2438 2846 in
2474 2785 2527 2845 der
2558 2781 2711 2841 Jugend,
2735 2779 2817 2839 lebte
2847 2777 2982 2837 drinnen

1008 2818 1151 2878 Requiem
1197 2813 1251 2873 des
1285 2810 1506 2870 Wienertums
1540 2805 1595 2865 aus
1629 2804 1684 2864 der
1712 2803 1783 2863 Zeit
1812 2799 1861 2859 des
1901 2797 1978 2857 alter

169 2839 290 2899 eratur
319 2834 388 2894 ein.
412 2834 469 2894 Als
499 2831 614 2891 solcher
644 2828 695 2888 gab
725 2826 754 2886 er
783 2825 834 2885 der
858 2823 974 2883 junger

2010 2840 2062 2900 die
2098 2838 2186 2898 fesche
2222 2836 2351 2896 Wiener
2387 2831 2811 2891 Walzersentimentalität,
2835 2825 2993 2885 Straußi¬

172 2886 315 2946 iteratur
345 2883 419 2943 neue
448 2881 580 2941 typische
604 2876 789 2936 Gestalten:
812 2873 863 2933 vor
887 2870 961 2930 allem
1014 2864 1158 2924 Kaisers.
1182 2863 1273 2923 Dazu
1309 2858 1435 2918 gehörte
1464 2857 1533 2917 auch
1563 2852 1649 2912 seine
1678 2851 1770 2911 tiefe,
1794 2849 1966 2909 dämonisch

1012 2914 1282 2974 Verbundenheit
1306 2908 1365 2968 mit
1395 2906 1441 2966 der
1472 2903 1659 2963 Landschaft
1690 2900 1725 2960 um
1766 2896 1877 2956 Wien.
1913 2893 1983 2953 Der
2014 2889 2096 2949 scher
2126 2885 2420 2945 Dreivierteltakt;
2456 2882 2561 2942 später
2597 2880 2680 2940 ward
2710 2875 2744 2935 es
2780 2873 2991 2933 Schubertisch

170 2937 210 2997 fen
239 2932 360 2992 Dandy
390 2929 534 2989 Anatol,
557 2927 609 2987 das
645 2925 736 2985 „süße
766 2922 916 2982 Mädel",
940 2918 979 2978 die

2016 2938 2080 2998 und
2120 2936 2152 2996 im
2198 2933 2295 2993 Alter
2322 2927 2340 2987 —
2400 2932 2457 2992 von
2497 2929 2548 2989 der
2582 2926 2874 2986 geheimnisvollen
2913 2921 2997 2981 Ver¬

1025 2965 1105 3025 „Weg
1157 2962 1209 3022 ins
1256 2959 1377 3019 Freie“
1424 2953 1510 3013 heißt
1557 2950 1620 3010 sein
1673 2944 1984 3004 bedeutungsvollen

192 2980 445 3040 charakterisiert
485 2976 575 3036 Mitzi
616 2974 790 3034 Schlager,
824 2970 849 3030 in
902 2968 985 3028 Moll

1010 3013 1162 3073 Roman;
1182 3008 1224 3068 ein
1261 3007 1328 3067 Weg
1359 3003 1408 3063 ins
1433 3000 1524 3060 Freie
1550 2998 1616 3058 war
1642 2997 1708 3057 auch
1734 2994 1794 3054 sein
1826 2991 1978 3051 Schöpfen
2016 2986 2180 3046 wirrtheit
2212 2983 2297 3043 Hugo
2335 2980 2456 3040 Wolfs.

187 3031 379 3091 Weiringer
404 3025 536 3085 hießen.

173 3083 223 3143 ler
253 3079 288 3139 ist
311 3078 375 3138 tot.
420 3075 469 3135 Er
499 3074 578 3134 tritt
608 3072 839 3132 zweifelsohne
869 3067 897 3127 in
934 3065 984 3125 die
1014 3064 1071 3124 aus
1101 3063 1150 3123 den
1188 3056 1476 3116 geheimnisvollen
1506 3049 1643 3109 Quellen
1680 3045 1810 3105 unserer
1840 3043 1991 3103 wieneri¬
