3344 4320
165 276 216 336 2

322 289 916 349 Schnitzler's
986 289 1213 349 Death

1426 291 1549 351 box
1624 294 1813 354 42/9

2389 1658 2498 1718 stalten
2527 1658 2756 1718 Grillparzers
2784 1658 2866 1718 sind;
2895 1658 2967 1718 oder
2996 1658 3022 1718 so
3042 1659 3169 1719 erfüllt
3189 1658 3252 1718 mit
3272 1658 3298 1718 se

354 1660 518 1720 innigsten
556 1661 781 1721 Beziehungen
820 1661 871 1721 zur
902 1661 1007 1721 Musik
1038 1661 1097 1721 und
1136 1661 1187 1721 dem
1233 1659 1346 1719 Burg=
1369 1657 1526 1717 Klassiker
1556 1658 1736 1718 fortgesetzt
1767 1658 1871 1718 wurde
1902 1656 1916 1716 —
1970 1657 2135 1717 natürlich
2158 1658 2345 1718 gewandelt

2387 1704 2466 1764 scher
2491 1703 2656 1763 Melodie,
2676 1703 2731 1763 wie
2756 1705 2804 1765 die
2823 1706 2989 1766 Melodien
3021 1706 3193 1766 Schuberts
3224 1705 3303 1765 klin¬

1371 1706 1435 1766 wie
1466 1706 1494 1766 es
1525 1706 1689 1766 Menschen
1731 1706 1789 1766 und
1826 1706 1925 1766 Zeiten
1967 1706 2132 1766 bedingten
2174 1706 2185 1766 —
2239 1708 2267 1768 so
2298 1708 2332 1768 ge

349 1709 496 1769 theater,
514 1710 541 1770 so
571 1710 621 1770 daß
650 1709 707 1769 der
731 1709 827 1769 junge
856 1709 981 1769 Mensch
1011 1709 1124 1769 erfüllt
1147 1709 1209 1769 und
1238 1709 1323 1769 durch

2378 1752 2440 1812 wie
2497 1754 2647 1814 geschieht
2673 1752 2704 1812 es
2736 1751 2842 1811 denn,
2887 1754 2943 1814 daß
2981 1754 3031 1814 der
3063 1754 3231 1814 Leutnant
3264 1751 3307 1811 Gi

351 1758 503 1818 drungen
543 1755 633 1815 ward
673 1756 734 1816 von
780 1757 830 1817 dem
871 1757 1062 1817 Wienertum
1114 1759 1204 1819 jener
1244 1757 1345 1817 Tage.
1380 1754 1458 1814 schah
1493 1754 1520 1814 es
1555 1754 1679 1814 damals
1708 1752 1797 1812 durch
1826 1753 1933 1813 Artur
1956 1754 2142 1814 Schnitzler.

1417 1804 1566 1864 Zwischen
1603 1801 1704 1861 diesen
1741 1801 1843 1861 Tagen
1880 1801 1939 1861 und
1976 1802 2029 1862 dem
2072 1802 2258 1862 Untergang
2294 1801 2348 1861 des
2385 1800 2444 1860 das
2475 1799 2630 1859 Fräulein
2661 1800 2751 1860 Else,
2793 1802 2847 1862 der
2872 1802 2967 1862 junge
2998 1802 3177 1862 Medardus
3226 1802 3298 1862 plöt

354 1808 546 1868 Wienerisch
574 1805 640 1865 war
668 1807 734 1867 auch
762 1805 816 1865 das
850 1805 1010 1865 „Lager",
1027 1806 1048 1866 in
1082 1808 1137 1868 das
1165 1805 1214 1865 der
1242 1806 1341 1866 junge

2389 1848 2488 1908 junge
2515 1846 2607 1906 Leute
2633 1848 2714 1908 sind,
2733 1849 2827 1909 denen
2859 1848 2927 1908 man
2959 1849 3027 1909 noch
3053 1849 3109 1909 vor
3134 1849 3203 1909 zehn
3241 1848 3296 1908 Jah

348 1852 433 1912 Arzt
467 1855 642 1915 Schnitzler
676 1854 800 1914 geriet:
829 1854 857 1914 in
903 1852 959 1912 das
1000 1853 1061 1913 alte
1101 1855 1180 1915 Cafe
1214 1854 1338 1914 Grien=
1373 1851 1452 1911 alten
1492 1851 1678 1911 Österreich,
1724 1849 1814 1909 welch
1848 1849 1894 1909 ein
1934 1849 2046 1909 reiches
2081 1849 2176 1909 Leben
2217 1849 2261 1909 lag
2296 1847 2357 1907 da¬

357 1905 451 1965 steidl
492 1904 551 1964 auf
581 1903 633 1963 dem
681 1903 951 1963 Michaelerplatz,
987 1903 1045 1963 das
1081 1902 1251 1962 sozusagen
1299 1902 1327 1962 im
1375 1900 1545 1960 zwischen!
1563 1898 1627 1958 Wie
1652 1899 1816 1959 unendlich
1846 1897 2080 1957 österreichisch,
2105 1897 2157 1957 wie
2181 1897 2257 1957 ganz
2287 1896 2345 1956 und
2387 1896 2445 1956 auf
2475 1894 2604 1954 Schritt
2634 1894 2692 1954 und
2722 1895 2810 1955 Tritt
2840 1895 2869 1955 in
2905 1896 2992 1956 Wien
3028 1898 3187 1958 begegnen
3223 1895 3298 1955 konn

2383 1942 2452 2002 Und
2491 1942 2555 2002 was
2587 1942 2618 2002 ist
2645 1942 2721 2002 denn
2754 1945 2906 2005 geschehen
2945 1945 3015 2005 oder
3048 1945 3200 2005 vielmehr
3233 1943 3296 2003 wa¬

357 1951 459 2011 Lichte
492 1951 540 2011 des
578 1949 658 2009 alten
702 1951 939 2011 Burgtheaters
977 1951 1041 2011 lag.
1074 1951 1143 2011 Mit
1171 1951 1332 2011 Hermann
1376 1948 1434 2008 gar
1462 1947 1483 2007 im
1527 1946 1612 2006 Geist
1640 1948 1699 2008 und
1732 1947 1790 2007 mit
1818 1945 1866 2005 dem
1909 1945 1995 2005 Blut
2017 1946 2070 2006 der
2098 1945 2205 2005 Ahnen
2238 1945 2335 2005 verlie

1374 1996 1443 2056 doch
1476 1994 1571 2054 dieses
1603 1996 1890 2056 Dichterschaffen!
1929 1993 2133 2053 Wienerische
2166 1993 2357 2053 Romantik,
2390 1993 2465 2053 denn
2498 1992 2555 2052 aus
2581 1992 2664 2052 Wien
2697 1993 2875 2053 geschehen,
2895 1993 2945 2053 daß
2965 1993 2996 2053 es
3022 1994 3117 2054 solche
3137 1995 3239 2055 junge
3259 1993 3296 2053 Le

353 2001 468 2061 Bahr,
490 2002 537 2062 dem
580 2002 702 2062 damals
734 2001 872 2061 stärksten
904 2000 1173 2060 Temperament,
1190 1999 1248 2059 und
1280 1999 1332 2059 den

356 2049 478 2109 jungen
515 2049 797 2109 Hofmannsthal,
816 2049 864 2109 als
890 2048 1048 2108 ästhetisch
1074 2046 1202 2106 feinsten
1239 2044 1349 2104 Stim=
1375 2043 1576 2103 wienerische
1602 2043 1834 2103 Melancholie,
1853 2040 2049 2100 wienerische
2074 2042 2362 2102 Blutdunkelheit,
2387 2039 2626 2099 Schnitzlersche
2651 2040 2748 2100 junge
2780 2040 2889 2100 Leute,
2915 2041 2994 2101 nicht
3019 2042 3104 2102 mehr
3135 2041 3221 2101 gibt?

352 2097 583 2157 mungswert,
612 2097 727 2157 bildete
762 2097 932 2157 Schnitzler
966 2096 1093 2156 alsbald
1132 2097 1204 2157 jene
1243 2095 1347 2155 Strö=
1376 2090 1575 2150 wienerische
1603 2090 1702 2150 Glut,
1719 2091 1818 2151 alles,
1841 2091 1901 2151 was
1935 2091 1957 2151 im
1996 2090 2089 2150 Werk
2112 2090 2172 2150 und
2201 2089 2250 2149 der
2278 2086 2355 2146 Per¬

2437 2094 2539 2154 Artur
2569 2098 2738 2158 Schnitzler
2761 2097 2812 2157 hat
2835 2097 2893 2157 auf
2924 2099 2974 2159 der
2997 2098 3085 2158 Höhe
3108 2099 3210 2159 seines
3241 2098 3291 2158 Leb

1379 2139 1557 2199 sönlichkeit
1598 2137 1651 2197 der
1698 2139 1863 2199 Literatur
1897 2139 2083 2199 Österreichs
2130 2138 2355 2198 vergangener
2396 2145 2475 2205 zwei
2496 2148 2602 2208 Stücke
2629 2148 2781 2208 gegeben,
2796 2146 2841 2206 die
2862 2145 2914 2205 für
2941 2146 3014 2206 ihn,
3028 2148 3107 2208 seine
3135 2145 3300 2205 Gesellscha

355 2147 482 2207 mung,
500 2146 545 2206 die
575 2147 633 2207 mit
651 2145 737 2205 Ehre
760 2146 824 2206 und
853 2145 957 2205 Spott
981 2145 1033 2205 den
1069 2145 1183 2205 Namen
1219 2145 1329 2205 „Jung

1375 2190 1622 2250 Jahrhunderte
1668 2187 1764 2247 auch
1815 2189 1910 2249 ruht,
1950 2187 1984 2247 es
2036 2187 2125 2247 brach
2176 2187 2204 2247 in
2250 2184 2350 2244 Artur

2390 2195 2529 2255 schichte,
2549 2196 2632 2256 seine
2659 2193 2850 2253 Generation
2889 2196 2940 2256 von
2973 2196 3100 2256 gleicher
3127 2195 3273 2255 Schwere

355 2196 480 2256 Wien"
507 2196 632 2256 führte.

1377 2236 1548 2296 Schnitzler
1579 2234 1603 2294 in
1647 2234 1732 2294 einer
1770 2234 2168 2294 artistisch-gebändigten,
2194 2234 2224 2294 in
2261 2234 2353 2294 einer
2391 2241 2654 2301 Bedeutsamkeit
2691 2241 2813 2301 bleiben
2858 2242 3010 2302 werden,
3042 2240 3096 2300 wie
3140 2243 3287 2303 Grillpar

400 2270 555 2330 Zwischen
586 2270 700 2330 wüstem
743 2270 977 2330 Animierkitsch
1008 2270 1056 2330 kam
1099 2270 1122 2330 im
1165 2267 1333 2327 Deutschen

1375 2282 1916 2342 zeitverständlich-formulierten
1990 2283 2260 2343 Bürgerlichkeit,
2317 2279 2350 2339 in

2392 2291 2557 2351 „Traum,
2577 2291 2621 2351 ein
2648 2291 2768 2351 Leben"
2801 2291 2871 2351 oder
2903 2292 2985 2352 „Die
2999 2291 3101 2351 Jüdin
3134 2291 3190 2351 von
3216 2291 3292 2351 Tole

358 2320 589 2380 Volkstheater
656 2316 760 2376 Artur
822 2317 1015 2377 Schnitzlers
1082 2318 1180 2378 erstes
1247 2314 1346 2374 Stück

1379 2333 1464 2393 einem
1508 2333 1729 2393 Wienertum,
1741 2330 1794 2390 das
1827 2333 1854 2393 im
1892 2331 1983 2391 ersten
2016 2332 2129 2392 Bezirk
2151 2332 2226 2392 oder
2249 2330 2335 2390 späte

2387 2333 2404 2393 —
2459 2338 2512 2398 den
2549 2341 2741 2401 „Einsamen
2779 2336 2868 2396 Weg"
2905 2339 2965 2399 und
3002 2339 3092 2399 „Das
3123 2339 3213 2399 weite
3244 2338 3303 2398 Lai

357 2371 556 2431 „Märchen"
584 2368 638 2428 zur
665 2366 881 2426 Aufführung
909 2366 967 2426 und
1000 2366 1108 2426 wurde
1131 2364 1340 2424 vollkommer

1378 2381 1403 2441 in
1443 2381 1494 2441 den
1534 2381 1631 2441 stillen
1672 2381 1939 2441 abgeschlossenen
1979 2381 2082 2441 Villen
2115 2379 2173 2439 der
2201 2378 2356 2438 Cottage=
2389 2384 2467 2444 Tief
2507 2389 2676 2449 traurige,
2716 2387 2859 2447 morbide
2899 2385 2996 2445 Leid-
3036 2387 3101 2447 und
3147 2387 3296 2447 Todeslie

354 2420 552 2480 abgelehnt.
598 2417 683 2477 Aber
712 2414 876 2474 Friedrich
911 2414 973 2474 Uhl
1019 2414 1132 2474 schrieb
1178 2414 1258 2474 über
1292 2412 1342 2472 der

1377 2428 1493 2488 häuser
1524 2429 1554 2489 am
1598 2428 1695 2488 Rand
1727 2428 1781 2488 der
1813 2428 1928 2488 Stadt,
1972 2427 2020 2487 wo
2052 2426 2131 2486 schon
2162 2426 2254 2486 Wald
2285 2426 2346 2486 und
2389 2435 2591 2495 Wehwunde
2629 2434 2806 2494 Aufschreie
2843 2434 2861 2494 —
2923 2434 3088 2494 verhalten
3138 2435 3199 2495 und
3242 2433 3303 2493 erst

359 2467 480 2527 jungen
514 2465 618 2525 Autor
646 2464 690 2524 ein
723 2464 805 2524 paar
828 2463 932 2523 Sätze,
961 2462 1076 2522 womit
1099 2461 1131 2521 er
1154 2462 1181 2522 in
1215 2461 1335 2521 sicherer

1382 2478 1478 2538 Wiese
1511 2479 1537 2539 in
1576 2477 1624 2537 die
1651 2476 1764 2536 Gassen
1802 2478 2056 2538 hereinreichen,
2083 2476 2228 2536 wohnte,
2251 2475 2358 2535 durch.

2390 2485 2684 2545 Herbstmelodien,
2711 2485 2767 2545 auf
2800 2483 2928 2543 dunkler
2961 2483 3056 2543 Viola
3096 2482 3249 2542 gespielt.
3263 2485 3281 2545 1

356 2512 505 2572 Strichen
547 2512 593 2572 die
629 2514 763 2574 Schule,
810 2512 866 2572 aus
903 2512 959 2572 der
991 2512 1021 2572 er
1058 2510 1341 2570 hervorgeganger

1379 2524 1421 2584 So
1449 2527 1546 2587 reich,
1569 2527 1595 2587 so
1623 2527 1823 2587 verwirrend
1856 2527 1894 2587 ist
1916 2527 1964 2587 die
1992 2526 2089 2586 Fülle
2117 2523 2165 2583 der
2193 2521 2350 2581 Gestalten

2389 2532 2509 2592 haupt:
2534 2533 2702 2593 Schnitzler
2733 2530 2768 2590 ist
2793 2533 2871 2593 ganz
2908 2532 2968 2592 und
2999 2532 3058 2592 gar
3089 2533 3209 2593 Musik,
3228 2533 3288 2593 wei

359 2565 447 2625 war,
470 2563 730 2623 kennzeichnete:
753 2563 852 2623 „Herr
880 2559 1052 2619 Schnitzler
1080 2560 1135 2620 hat
1158 2560 1207 2620 bei
1236 2557 1346 2617 Alfrei

1375 2574 1581 2634 Schnitzlers,
1601 2575 1657 2635 daß
1689 2574 1757 2634 man
1789 2573 1826 2633 sie
1853 2575 1933 2635 jetzt,
1959 2576 1984 2636 in
2016 2573 2065 2633 der
2097 2572 2184 2632 ersten
2217 2570 2348 2630 Stunde
2393 2578 2436 2638 ein
2468 2581 2674 2641 Österreicher
2700 2581 2750 2641 ist.
2769 2581 2951 2641 Schnitzlers
2983 2580 3089 2640 Erotik
3115 2578 3177 2638 war
3209 2581 3259 2641 für

362 2611 422 2671 von
455 2612 577 2672 Musset
605 2610 661 2670 und
689 2609 810 2669 Oktave
839 2611 982 2671 Feuillet
1005 2610 1149 2670 gelernt,
1166 2608 1216 2668 die
1238 2608 1332 2668 höher

1381 2623 1431 2683 der
1463 2623 1606 2683 Trauer,
1657 2624 1687 2684 ja
1719 2622 1775 2682 gar
1813 2622 1894 2682 nicht
1926 2623 1950 2683 im
2001 2625 2163 2685 einzelnen
2202 2620 2345 2680 schildern
2389 2629 2583 2689 verletzend.
2608 2629 2670 2689 Der
2702 2629 2858 2689 „Reigen"
2890 2628 2965 2688 fand
2997 2628 3065 2688 eine
3097 2626 3253 2686 kollektive

363 2659 576 2719 Ausbildung
611 2656 659 2716 bei
687 2657 810 2717 Dumas
846 2658 907 2718 und
935 2658 1066 2718 Sardou
1102 2656 1245 2716 genossen
1281 2658 1342 2718 und
1377 2669 1480 2729 kann.
1508 2670 1652 2730 Stephan
1687 2669 1749 2729 von
1785 2669 1867 2729 Sala
1895 2670 1977 2730 steht
2005 2670 2066 2730 jetzt
2102 2670 2122 2730 im
2171 2667 2356 2727 Augenölich

2383 2676 2537 2736 rüstung.
2569 2676 2642 2736 Was
2674 2676 2760 2736 mehr
2791 2676 2964 2736 bedenklich
2997 2675 3051 2735 für
3083 2674 3131 2734 die
3158 2676 3299 2736 Entrüst

353 2709 421 2769 war
454 2710 613 2770 vielleicht
640 2705 709 2765 eben
747 2705 773 2765 im
822 2705 970 2765 Begriff,
1013 2706 1072 2766 vom
1115 2702 1343 2762 französischen

1382 2720 1534 2780 vielleicht
1560 2720 1592 2780 am
1637 2718 1917 2778 allerdeutlichsten
1950 2718 2007 2778 vor
2033 2717 2109 2777 uns.
2129 2715 2192 2775 Er,
2205 2717 2256 2777 der
2282 2716 2351 2776 auch
2390 2722 2441 2782 als
2467 2725 2517 2785 für
2544 2724 2709 2784 Schnitzler
2729 2724 2811 2784 war.
2831 2724 2907 2784 Man
2933 2722 3009 2782 kann
3035 2721 3130 2781 heute
3150 2723 3226 2783 schon
3259 2722 3284 2782 sa

361 2760 480 2820 Olymp
507 2757 599 2817 herab
633 2755 654 2815 in
687 2755 740 2815 den
768 2754 1006 2814 theatralischen
1040 2754 1098 2814 See
1127 2754 1153 2814 zu
1186 2753 1354 2813 springen,

1379 2769 1553 2829 herzkrank
1580 2768 1632 2828 ist,
1658 2768 1736 2828 und,
1763 2769 1820 2829 wie
1855 2769 1886 2829 so
1920 2769 1997 2829 viele
2030 2766 2264 2826 Schnitzlersche
2291 2763 2356 2823 Ge=
2396 2774 2492 2834 dieser
2526 2772 2616 2832 stille,
2643 2772 2694 2832 den
2728 2772 2890 2832 Menschen
2924 2770 2981 2830 aus
3015 2769 3066 2829 dem
3106 2769 3196 2829 Wege
3230 2769 3281 2829 geh

362 2807 411 2867 als
445 2806 499 2866 ihm
561 2803 615 2863 die
644 2805 836 2865 Sturmflut
865 2803 920 2863 des
954 2802 1130 2862 nordischen
1169 2801 1346 2861 Verismus

1377 2817 1512 2877 stalten,
1537 2817 1561 2877 in
1587 2817 1642 2877 den
1680 2817 1741 2877 Tod
1773 2814 1858 2874 geht.

2385 2820 2516 2880 Dichter
2547 2820 2614 2880 war
2644 2822 2686 2882 ein
2723 2820 2904 2880 Bekenner,
2928 2817 3091 2877 Bekenner
3116 2817 3175 2877 auf
3200 2817 3254 2877 das

364 2857 677 2917 entgegenbrauste.

2390 2867 2599 2927 Menschliche
2639 2868 2670 2928 in
2717 2865 2769 2925 der
2809 2867 2899 2927 Liebe
2946 2864 3004 2924 und
3051 2864 3102 2924 der
3143 2864 3292 2924 Leidenso

1417 2871 1544 2931 Seltsam
1593 2872 1629 2932 ist
1660 2870 1708 2930 die
1746 2873 1897 2933 Wirkung
1959 2873 2013 2933 des
2050 2870 2165 2930 Blickes
2202 2869 2263 2929 auf
2294 2870 2354 2930 da¬

2390 2915 2722 2975 Liebesleidenschaft
2755 2912 2831 2972 aber
2870 2914 2934 2974 war
2973 2911 3023 2971 bei
3056 2912 3228 2972 Schnitzler
3261 2912 3279 2972 n

1377 2919 1467 2979 Werk
1502 2921 1609 2981 Artur
1639 2921 1854 2981 Schnitzlers,
1878 2921 1962 2981 jetzt,
1991 2921 2047 2981 von
2093 2919 2196 2979 seinem
2242 2918 2337 2978 Toten

405 2930 488 2990 Max
526 2933 718 2993 Burkhardt
749 2930 893 2990 eröffnet
924 2927 1093 2987 Schnitzler
1130 2927 1202 2987 bald
1239 2924 1353 2984 danach

363 2987 419 3047 für
443 2987 488 3047 die
512 2983 684 3043 „Liebelei“
714 2979 765 3039 das
789 2978 1025 3038 Burgtheater.
1043 2975 1111 3035 Das
1135 2975 1198 3035 war
1222 2973 1348 3033 damals
1383 2969 1469 3029 bette
1498 2969 1578 3029 aus:
1607 2970 1717 3030 warum
1764 2969 1838 3029 sieht
1873 2969 1941 3029 man
1977 2969 2063 3029 seine
2092 2968 2253 3028 Menschen
2294 2964 2362 3024 jetzt
2398 2963 2536 3023 anderes
2571 2965 2616 3025 als
2663 2963 2731 3023 eine
2761 2963 2875 3023 andere
2911 2962 2991 3022 Form
3049 2960 3106 3020 von
3142 2958 3291 3018 Vernicht

2389 3011 2483 3071 Liebe
2515 3012 2584 3072 war
2609 3013 2659 3073 ihm
2697 3011 2766 3071 eine
2792 3011 2885 3071 große
2917 3011 3061 3071 Flamme
3087 3008 3144 3068 vor
3169 3010 3219 3070 der
3245 3008 3275 3068 en

1377 3020 1515 3080 plötzlich
1564 3017 1629 3077 viel
1679 3018 2138 3078 überzeugend-historischer?
2193 3014 2271 3074 Auch
2314 3012 2361 3072 die

361 3033 415 3093 ein
448 3032 636 3092 Wagestück,
658 3029 728 3089 aber
756 3029 923 3089 Schnitzler
956 3025 1015 3085 und
1048 3024 1101 3084 das
1129 3023 1350 3083 Burgtheaten

2397 3059 2505 3119 Asche.
2525 3059 2646 3119 „Geh',
2666 3060 2742 3120 bleib
2775 3058 2839 3118 jetzt
2865 3058 2916 3118 bei
2942 3058 3018 3118 mir;
3044 3057 3102 3117 wer
3128 3058 3230 3118 weiß,
3250 3055 3281 3115 ob

368 3082 500 3142 feierten
541 3079 626 3139 einen
667 3077 782 3137 großen
817 3075 995 3135 Triumph.
1019 3071 1087 3131 Mit
1117 3070 1220 3130 diesem
1261 3070 1346 3130 Tage
1382 3066 1669 3126 Kampfnaturen,
1693 3065 1750 3125 wie
1785 3064 1859 3124 etwa
1894 3065 1945 3125 den
1987 3065 2153 3125 Professor
2182 3061 2366 3121 Bernardi,

366 3129 454 3189 hatte
501 3127 677 3187 Österreich
731 3125 848 3185 wieder
901 3124 948 3184 ein
1007 3119 1342 3179 bodenverbundenes
1384 3117 1436 3177 als
1466 3115 1542 3175 das,
1560 3115 1624 3175 was
1655 3115 1695 3175 sie
1743 3112 1878 3172 waren:
1920 3112 2072 3172 Wiener,
2114 3112 2367 3172 Zeitmenschen,
2397 3109 2525 3169 morgen
2567 3109 2637 3169 noch
2667 3107 2690 3167 's
2726 3106 2820 3166 Leben
2861 3106 3002 3166 haben",
3026 3106 3096 3166 sagt
3126 3105 3155 3165 im
3203 3103 3284 3163 „Rei

368 3179 584 3239 literarisches
619 3177 743 3237 Leben;
795 3175 878 3235 wenn
921 3175 970 3235 die
1005 3173 1104 3233 Reihe
1138 3170 1189 3230 der
1223 3168 1356 3228 Wiener
1391 3166 1734 3226 Schicksalskomplexe,
1760 3166 1792 3226 so
1818 3166 1884 3226 echt
1910 3166 1976 3226 und
2002 3164 2120 3224 wahr,
2137 3163 2195 3223 wie
2221 3163 2270 3223 die
2296 3161 2362 3221 Ge=
2397 3160 2454 3220 der
2481 3160 2606 3220 Soldat
2632 3160 2690 3220 zur
2716 3159 2840 3219 Dirne.
2858 3157 3009 3217 Stephan
3043 3157 3101 3217 von
3135 3158 3218 3218 Sala
3244 3161 3293 3221 faß
