3392 4352
381 161 634 221 Tngnenen
658 154 700 214 die
723 154 855 214 lalunge

395 224 541 284 WIEN,
573 219 617 279 I.,
643 213 929 273 WOLLZEILE
981 205 1024 265 11

487 270 702 330 TELEPHON
739 263 923 323 R-23-0-43

302 416 526 476 Ausschnitt
551 410 642 470 aus:

436 542 651 602 dev

841 736 879 796 10

1543 1139 1596 1199 det
1620 1137 1720 1197 kunde
1750 1136 1803 1196 han
1833 1132 1915 1192 inte.
1951 1130 2028 1190 Lika
2059 1127 2129 1187 litet
2153 1126 2200 1186 som
2242 1124 2301 1184 han
2337 1123 2496 1183 utmaning
2532 1118 2626 1178 svara
2657 1117 2698 1177 på
2734 1116 2781 1176 ett
2811 1115 2929 1175 häftigt
2959 1115 3094 1175 angrepp

1531 1186 1645 1246 kunde
1664 1183 1726 1243 helt
1741 1182 1869 1242 utesluta
1889 1178 1984 1238 henne
2004 1177 2037 1237 ur
2052 1177 2094 1237 sin
2114 1174 2214 1234 krets.
2238 1171 2309 1231 'Det
2338 1171 2404 1231 mot
2424 1171 2524 1231 honom
2563 1165 2577 1225 —
2625 1165 2677 1225 som
2721 1165 2887 1225 författare
2917 1161 3012 1221 mâste
3041 1157 3093 1217 han

2333 1222 2426 1282 värna
2459 1219 2491 1279 om
2539 1216 2580 1276 sin
2618 1216 2836 1276 konstnärliga
2870 1213 2920 1273 och
2954 1210 3093 1270 litterära

1533 1240 1596 1300 som
1642 1234 1728 1294 varit
1756 1234 1810 1294 kan
1852 1231 1947 1291 aldrig
1988 1226 2133 1286 utplânas
2171 1222 2184 1282 —
2239 1222 2302 1282 men

1539 1287 1613 1347 man
1656 1285 1757 1345 mâste
1800 1282 1892 1342 ocksà
1930 1277 2032 1337 kunna
2070 1276 2102 1336 se
2139 1276 2204 1336 med
2242 1272 2306 1332 klar
2339 1270 2446 1330 frihet,
2470 1268 2604 1328 svarade
2637 1266 2715 1326 han,
2744 1264 2794 1324 och
2832 1264 2883 1324 som
2935 1260 3097 1320 angripare

147 1299 320 1359 hur
401 1292 906 1352 Schnitzier

2333 1318 2370 1378 av
2403 1318 2538 1378 duellens
2571 1315 2822 1375 meningslöshet
2850 1312 2948 1372 kunde
2981 1310 3036 1370 han
3069 1308 3097 1368 ju

1540 1335 1623 1395 blick
1653 1333 1717 1393 mot
1742 1333 1790 1393 det
1811 1330 1865 1390 som
1904 1327 2057 1387 kommer.
2106 1325 2293 1385 Förgängen

2334 1373 2368 1433 ej
2388 1368 2467 1428 själv
2492 1366 2630 1426 duellera
2655 1362 2669 1422 —
2720 1363 2812 1423 varpå
2837 1361 2941 1421 sagda
2966 1356 3108 1416 »Ehren¬

1544 1386 1605 1446 het
1627 1382 1642 1442 —
1695 1381 1777 1441 nutid
1809 1378 1824 1438 —
1876 1377 2021 1437 framtid.

1585 1431 1662 1491 Intet
1688 1431 1745 1491 har
1771 1431 1854 1491 tagit
1880 1427 2056 1487 Schnitzler
2083 1423 2113 1483 så
2145 1422 2216 1482 hårt
2243 1419 2294 1479 som
2336 1419 2408 1479 rat»
2435 1417 2616 1477 förklarade
2647 1414 2745 1474 honom
2787 1410 2932 1470 förlustig
2964 1406 3108 1466 officers¬

277 1452 389 1512 som
492 1444 885 1504 människa
950 1440 1075 1500 och
1153 1431 1507 1491 wienare.

1550 1483 1693 1543 dotterns
1724 1481 1783 1541 öde
1808 1480 1825 1540 —
1874 1477 1964 1537 ingen
2000 1474 2060 1534 har
2091 1473 2204 1533 kanske
2235 1469 2318 1529 stått
2343 1469 2475 1529 rangen.
2511 1467 2553 1527 En
2584 1466 2637 1526 sak
2662 1464 2715 1524 som
2752 1461 2817 1521 gick
2842 1460 2944 1520 honom
2986 1456 3106 1516 mycket

1549 1537 1627 1597 hans
1652 1533 1755 1593 hjärta
1776 1530 1809 1590 sä
1834 1529 1908 1589 nära
1933 1526 1987 1586 som
2027 1524 2105 1584 hon.
2145 1522 2208 1582 Hon
2238 1518 2312 1578 gifte
2342 1518 2439 1578 nära.

2377 1565 2512 1625 Bredvid
2567 1562 2751 1622 »Leutnant
2800 1559 2913 1619 Gustl»
2963 1558 3103 1618 skapade

148 1582 205 1642 har
234 1581 310 1641 sagt
335 1580 382 1640 att
406 1576 454 1636 för
478 1574 531 1634 att
551 1573 617 1633 rätt
642 1569 718 1629 kun-
742 1569 862 1629 slukas
886 1567 919 1627 av
944 1565 977 1625 en
1001 1563 1168 1623 avgrund?
1203 1558 1217 1618 —
1265 1556 1327 1616 Det
1347 1556 1399 1616 var
1423 1554 1509 1614 omöj

1549 1583 1596 1643 sig
1630 1582 1822 1642 sjuttonärig
1856 1577 1922 1637 med
1957 1574 1990 1634 en
2029 1571 2172 1631 italiensk
2207 1567 2321 1627 officer

2349 1616 2521 1676 Schnitzler
2555 1615 2649 1675 typen
2688 1610 2747 1670 den
2787 1610 2845 1670 lilla
2890 1604 3116 1664 wien-flickan,

134 1631 238 1691 förstä
274 1629 389 1689 Arthur
419 1625 594 1685 Schnitzler
625 1619 720 1679 mäste
755 1619 815 1679 ligt
846 1617 885 1677 tro
921 1616 965 1676 att
996 1614 1051 1674 han
1086 1610 1266 1670 skämtade,
1292 1606 1367 1666 hans
1402 1604 1522 1664 ansikte

1550 1634 1607 1694 och
1636 1631 1684 1691 ett
1709 1631 1742 1691 år
1766 1628 1905 1688 därefter
1929 1623 1943 1683 —
1996 1622 2054 1682 hon
2083 1622 2140 1682 var
2169 1617 2198 1677 ej
2223 1619 2313 1679 fyllda

2347 1667 2414 1727 »das
2454 1664 2545 1724 süsse
2585 1661 2860 1721 Wienermädel»,
2895 1658 2923 1718 en
2963 1655 3112 1715 skapelse

120 1682 151 1742 a
183 1681 230 1741 till
252 1679 304 1739 den
336 1677 419 1737 plats
446 1675 504 1735 där
525 1673 583 1733 han
615 1671 725 1731 verkat
757 1668 835 1728 hade
867 1667 904 1727 på
936 1665 967 1725 en
1004 1664 1083 1724 gång
1120 1661 1209 1721 blivit
1236 1658 1325 1718 grått
1352 1655 1398 1715 och
1436 1653 1525 1713 gam¬

1555 1685 1648 1745 nitton
1683 1679 1697 1739 —
1752 1679 1800 1739 tog
1835 1679 1893 1739 hon
1928 1675 1982 1735 sitt
2012 1673 2070 1733 liv.
2115 1670 2178 1730 Det
2203 1669 2262 1729 har
2292 1668 2320 1728 ej

754 1719 849 1779 malt.
874 1715 883 1775 —
941 1715 1012 1775 'Och
1051 1712 1155 1772 dock',
1180 1709 1328 1769 fortsatte
1357 1706 1414 1766 han
1453 1703 1524 1763 utan

1559 1733 1678 1793 kunnat
1714 1730 1839 1790 utrönas
1880 1726 1934 1786 vad
1971 1724 2025 1784 som
2081 1720 2136 1780 var
2171 1718 2326 1778 orsaken.
2348 1717 2377 1777 så
2413 1715 2543 1775 levande
2573 1712 2623 1772 att
2649 1711 2708 1771 hon
2745 1709 2879 1769 faktiskt
2905 1706 3040 1766 uppstod
3076 1702 3105 1762 en

135 1733 216 1793 toch
250 1730 302 1790 den
332 1730 369 1790 tid
399 1727 465 1787 inom
509 1724 604 1784 vilken
633 1721 705 1781 höjd

2347 1765 2447 1825 masse
2483 1762 2583 1822 under
2614 1759 2805 1819 Schnitzlers
2841 1756 2996 1816 glanstid.
3042 1753 3107 1813 Hon

759 1770 805 1830 att
829 1767 922 1827 vänta
951 1763 983 1823 på
1016 1762 1104 1822 svar,
1128 1761 1188 1821 ’och
1222 1756 1291 1816 dock
1324 1757 1361 1817 gå
1390 1755 1422 1815 vi
1441 1753 1529 1813 män-

1558 1783 1670 1843 Många
1705 1779 1808 1839 rykten
1843 1776 1916 1836 voro
1946 1774 1960 1834 i
1980 1774 2132 1834 omlopp,
2152 1768 2225 1828 även
2260 1765 2323 1825 rik-

126 1783 155 1843 v
176 1783 256 1843 hans
282 1779 444 1839 skapande
470 1774 575 1834 inföll.

757 1816 871 1876 niskor
891 1816 948 1876 alla
977 1814 1073 1874 denna
1102 1812 1179 1872 väg,
1198 1809 1361 1869 sorglösa,
1376 1803 1534 1863 obetänk-

1562 1833 1631 1893 tade
1667 1829 1737 1889 mot
1767 1827 1882 1887 hennes
1918 1822 2008 1882 man,
2038 1820 2103 1880 men
2144 1817 2319 1877 Schnitzler
2350 1815 2414 1875 blev
2445 1814 2495 1874 till
2515 1813 2635 1873 modell
2656 1810 2711 1870 och
2741 1807 2871 1867 förebild
2907 1805 2957 1865 för
2982 1803 3112 1863 tusende

157 1832 197 1892 är
228 1828 334 1888 Wien.
385 1825 471 1885 Wien
508 1823 645 1883 framför
681 1817 736 1877 allt

1555 1879 1779 1939 dementerade
1827 1876 1922 1936 dessa
1965 1870 2170 1930 kategoriskt
2209 1866 2304 1926 genom
2347 1865 2413 1925 smâ
2443 1862 2638 1922 wienflickor
2662 1858 2676 1918 —
2729 1858 2809 1918 ända
2839 1856 2886 1916 till
2910 1855 2962 1915 den
2991 1854 3048 1914 nya
3077 1850 3120 1910 ti¬

128 1882 290 1942 chnitzler
309 1878 372 1938 var
401 1876 434 1936 en
463 1874 601 1934 wienare
631 1871 721 1931 durch
760 1869 903 1929 samma,
922 1865 994 1925 utan
1023 1862 1147 1922 rädsla,
1167 1859 1248 1919 trots
1272 1857 1319 1917 att
1344 1856 1372 1916 vi
1397 1853 1463 1913 veta
1492 1852 1540 1912 att

2347 1915 2403 1975 den
2435 1914 2507 1974 bröt
2528 1912 2553 1972 in
2585 1912 2646 1972 med
2678 1909 2714 1969 de
2741 1907 2849 1967 nyktra
2880 1906 2931 1966 och
2963 1903 3113 1963 klarögda

758 1918 842 1978 intet
865 1916 896 1976 är
917 1915 948 1975 sá
976 1912 1087 1972 säkert
1103 1909 1155 1969 som
1193 1908 1241 1968 att
1262 1906 1288 1966 vi
1311 1906 1363 1966 alla
1390 1903 1421 1963 en
1448 1900 1527 1960 gänt

1562 1933 1615 1993 sitt
1637 1927 1864 1987 vänskapliga,
1881 1928 1929 1988 ja,
1946 1924 2097 1984 innerliga
2130 1916 2303 1976 förhälland

120 1936 144 1996 h
170 1933 225 1993 och
261 1930 361 1990 genom
402 1927 483 1987 hans
509 1924 635 1984 arbeten
670 1921 730 1981 blä¬

2352 1962 2696 2022 »självförsörjandes»
2765 1956 2907 2016 alltmera
2972 1950 3119 2010 växande

762 1968 864 2028 mäste
898 1964 948 2024 ner
981 1962 995 2022 i
1024 1962 1079 2022 den
1117 1959 1219 2019 mörka
1258 1954 1457 2014 avgrunden.

120 1980 167 2040 nd
194 1983 257 2043 från
289 1977 484 2037 Kahlenberg
517 1972 564 2032 och
596 1970 717 2030 Wiener

1559 1981 1609 2041 till
1635 1977 1827 2037 svärsonen.

2354 2016 2462 2076 skara.
2500 2010 2635 2070 Nuniera
2663 2007 2820 2067 existerar
2842 2004 2901 2064 hon
2929 2004 2988 2064 inte
3010 2001 3117 2061 längre

806 2016 883 2076 Förr
915 2013 1056 2073 brukade
1093 2010 1152 2070 han
1193 2007 1257 2067 ofta
1294 2004 1352 2064 tala
1389 2003 1425 2063 om
1476 2000 1512 2060 hu

1598 2029 1663 2089 Det
1694 2027 1754 2087 har
1785 2025 1814 2085 sà
1850 2024 1915 2084 ofta
1951 2022 2042 2082 sagts
2078 2019 2128 2079 att
2159 2015 2325 2075 författare

165 2032 282 2092 sveper
307 2028 421 2088 mellan
451 2025 584 2085 villorna
614 2022 628 2082 i
648 2018 736 2078 Döb-

2411 2061 2491 2121 eller
2516 2061 2596 2121 blott
2622 2061 2672 2121 som
2719 2058 2748 2118 en
2779 2054 3000 2114 anakronism.

126 2082 190 2142 nda
216 2081 250 2141 ut
271 2079 316 2139 till
336 2076 562 2136 Schönbrunns
588 2071 737 2131 trädgår-
763 2068 828 2128 han
859 2064 959 2124 kände
984 2064 1049 2124 sig,
1075 2060 1185 2120 nämna
1216 2055 1451 2115 smäkrämpor,
1472 2051 1536 2111 litet

771 2115 1129 2175 hjärtbesvärligheter,
1149 2109 1226 2169 eller
1253 2106 1344 2166 klaga
1371 2102 1448 2162 över
1475 2098 1533 2158 den
1567 2083 1670 2143 skapa
1710 2076 1846 2136 livsöden
1886 2073 1944 2133 som
1997 2070 2035 2130 de
2068 2068 2185 2128 senare
2225 2064 2322 2124 själva

2402 2113 2469 2173 Inom
2510 2113 2550 2173 sin
2584 2111 2624 2171 tid
2652 2108 2705 2168 var
2733 2105 2909 2165 Schnitzler
2937 2103 2970 2163 en
2998 2101 3125 2161 radikal

1563 2130 1666 2190 mâste
1696 2127 1843 2187 uppleva.
1864 2122 1878 2182 —
1933 2123 1991 2183 'Jag
2027 2121 2090 2181 törs
2121 2118 2218 2178 aldrig
2249 2115 2331 2175 mera

768 2165 954 2225 tilltagande
986 2161 1140 2221 dövheten
1173 2158 1227 2218 som
1268 2153 1395 2213 mycket
1422 2151 1535 2211 pinade

1565 2180 1664 2240 skriva
1697 2175 1870 2235 romaner’,
1886 2171 2006 2231 yttrade
2033 2168 2154 2228 nyligen
2186 2164 2217 2224 en
2244 2162 2322 2222 känd
2360 2164 2570 2224 föregängare
2602 2157 2612 2217 —
2671 2156 2739 2216 men
2771 2155 2928 2215 spränget
2955 2150 3033 2210 över
3060 2147 3123 2207 kri¬

135 2183 202 2243 lers
236 2180 296 2240 hem
339 2181 441 2241 ligger
476 2179 559 2239 högt
586 2175 662 2235 uppe
697 2172 738 2232 pa

1568 2228 1734 2288 författare
1756 2225 1772 2285 i
1789 2223 1890 2283 Wien,
1912 2222 1971 2282 ’allt
1993 2221 2046 2281 det
2063 2219 2112 2279 jag
2139 2216 2252 2276 skrivit
2269 2215 2333 2275 om,
2360 2216 2414 2276 get
2441 2213 2489 2273 till
2517 2210 2548 2270 en
2581 2209 2646 2269 helt
2673 2206 2711 2266 ny
2744 2204 2786 2264 tid
2819 2204 2937 2264 orkade
2970 2200 3023 2260 han
3061 2199 3120 2259 inte

129 2230 305 2290 testrasse.
338 2225 588 2285 Därnedanför,
608 2221 658 2281 som
701 2218 732 2278 en
766 2216 904 2276 honom.
942 2212 1006 2272 Den
1035 2210 1113 2270 sista
1142 2207 1220 2267 tiden
1253 2204 1368 2264 undvek
1397 2201 1452 2261 han
1485 2199 1526 2259 all

1563 2280 1626 2340 har
1649 2275 1827 2335 sedermera
1857 2272 1954 2332 slagit
1978 2270 2000 2330 in
2030 2269 2046 2329 —
2093 2265 2243 2325 antingen
2272 2263 2329 2323 hos
2359 2262 2450 2322 taga.
2491 2260 2554 2320 Det
2578 2258 2623 2318 som
2670 2257 2704 2317 pà
2733 2255 2813 2315 hans
2837 2252 2877 2312 tid
2906 2253 2963 2313 var
2987 2249 3125 2309 radikalt

128 2284 167 2344 a,
182 2280 329 2340 utbreder
354 2278 393 2338 sig
423 2276 486 2336 hela
511 2274 594 2334 Wien
619 2272 628 2332 i
648 2267 741 2327 dunst
767 2266 918 2326 liknande
948 2264 982 2324 på
1017 2264 1060 2324 ett
1085 2258 1154 2318 sätt
1174 2257 1227 2317 som
1267 2255 1320 2315 var
1351 2252 1531 2312 pafallande

769 2315 899 2375 Kanske
932 2313 979 2373 att
1007 2311 1063 2371 han
1101 2309 1180 2369 känt
1209 2306 1311 2366 något
1340 2300 1517 2360 förebud-

1564 2330 1627 2390 mig
1654 2328 1732 2388 själv
1759 2325 1827 2385 eller
1849 2324 1858 2384 i
1880 2322 1932 2382 min
1959 2319 2137 2379 familj'...
2175 2316 2243 2376 Man
2270 2311 2327 2371 kan
2359 2311 2395 2371 är
2428 2311 2553 2371 numera
2586 2307 2759 2367 bestäende
2796 2302 3032 2362 vardaglighet.

152 2333 189 2393 ur
218 2330 316 2390 vilken
354 2324 571 2384 Floridsdorfs
604 2319 740 2379 skorste¬

2398 2359 2584 2419 Betydelsen
2636 2356 2687 2416 och
2739 2353 2938 2413 livslängden
2978 2350 3009 2410 av
3048 2347 3125 2407 hans

770 2365 816 2425 ett
840 2364 971 2424 särskilt
990 2359 1097 2419 tecken
1125 2359 1195 2419 vars
1224 2356 1364 2416 budskap
1393 2353 1448 2413 han
1477 2350 1527 2410 son

1564 2382 1599 2442 ej
1621 2377 1724 2437 hjälpa
1755 2375 1796 2435 att
1818 2373 1884 2433 man
1911 2368 2128 2428 ovillkorligen
2160 2365 2242 2425 inför
2264 2362 2315 2422 den

128 2380 345 2440 fansdomens
382 2377 545 2437 kyrkspira
576 2371 629 2431 och
666 2367 744 2427 Pra¬

770 2416 882 2476 läkare
912 2413 1013 2473 kunde
1044 2410 1136 2470 tyda.

1572 2430 1607 2490 na
1643 2425 1783 2485 tragiska
1813 2422 1960 2482 händelse
1996 2418 2137 2478 kommer
2167 2416 2214 2476 att
2238 2412 2331 2472 tänka
2367 2411 2590 2471 författarskap
2633 2407 2685 2467 får
2715 2404 2773 2464 väl
2798 2404 2832 2464 en
2868 2401 2973 2461 annan
3009 2398 3050 2458 tid
3086 2397 3120 2457 än

133 2431 295 2491 iesenrad»
320 2426 496 2486 framträda
521 2423 573 2483 som
612 2419 746 2479 blånan¬

2366 2465 2415 2525 vår
2444 2462 2521 2522 mäta
2550 2459 2599 2519 ut.
2633 2456 2699 2516 För
2722 2455 2755 2515 ej
2772 2455 2805 2515 sä
2828 2454 2922 2514 länge
2950 2449 3044 2509 sedan
3073 2448 3133 2508 ytt-

810 2464 875 2524 Men
899 2464 913 2524 à
937 2464 1035 2524 andra
1059 2460 1143 2520 sidan
1173 2458 1224 2518 var
1243 2455 1299 2515 han
1324 2452 1455 2512 absolut
1474 2448 1525 2508 livs

1569 2481 1608 2541 på
1642 2476 1834 2536 Schnitzlers
1869 2470 2016 2530 "Fräulein
2051 2466 2152 2526 Else'.

128 2483 189 2543 rer
216 2479 267 2539 och
303 2477 360 2537 där
386 2476 500 2536 Donau
531 2473 665 2533 slingrar
696 2470 737 2530 sig

1607 2527 1736 2587 Kanske
1765 2522 1821 2582 var
1850 2521 1906 2581 det
1929 2521 2013 2581 detta
2042 2518 2098 2578 som
2144 2516 2257 2576 gjorde
2286 2512 2336 2572 att
2365 2512 2438 2572 rade
2467 2510 2641 2570 Schnitzler
2670 2506 2715 2566 vid
2750 2504 2839 2564 Hugo
2868 2503 2902 2563 v.
2925 2498 3133 2558 Hoffmanns¬

159 2530 258 2590 smalt
289 2527 495 2587 silverband.
546 2521 611 2581 Det
641 2520 696 2580 var
732 2517 746 2577 i
777 2515 973 2575 bejakande.
1019 2512 1073 2572 Jag
1104 2510 1159 2570 vill
1174 2509 1205 2569 så
1235 2506 1325 2566 gärna
1356 2503 1421 2563 leva
1446 2503 1551 2563 länge,

777 2568 869 2628 länge
911 2562 978 2622 än',
1004 2560 1147 2620 brukade
1185 2556 1241 2616 han
1283 2554 1427 2614 plötsligt
1463 2550 1545 2610 utro¬

1571 2579 1630 2639 han
1663 2576 1695 2636 sa
1733 2574 1895 2634 energiskt
1922 2567 2067 2627 avvärjde
2100 2563 2235 2623 epitetet
2263 2560 2338 2620 'dik-
2371 2561 2451 2621 thals
2478 2561 2575 2621 grav:
2598 2557 2662 2617 »Vi
2684 2554 2737 2614 äro
2770 2553 2796 2613 ej
2819 2552 2878 2612 här
2906 2550 2953 2610 för
2981 2549 3029 2609 att
3051 2546 3131 2606 begå

119 2581 257 2641 utanför
287 2577 363 2637 hans
397 2574 454 2634 hem
497 2571 511 2631 —
569 2571 621 2631 den
655 2568 741 2628 stora

777 2620 834 2680 pa,
861 2614 935 2674 'man
972 2612 1009 2672 är
1036 2610 1067 2670 ju
1094 2610 1130 2670 sä
1163 2606 1289 2666 nyfiken
1322 2604 1358 2664 pä
1396 2602 1453 2662 allt
1475 2601 1532 2661 son

1574 2628 1670 2688 tare'.
1687 2624 1697 2684 —
1751 2624 1810 2684 'Jag
1844 2623 1875 2683 är
1898 2620 1983 2680 ingen
2016 2616 2167 2676 diktare',
2184 2612 2334 2672 utropade
2368 2612 2426 2672 död
2459 2610 2512 2670 och
2545 2606 2707 2666 förintelse
2740 2603 2750 2663 —
2805 2601 2836 2661 vi
2859 2601 2912 2661 äro
2945 2598 3058 2658 vittnen
3091 2593 3139 2653 till

119 2630 408 2690 schantzparken»
441 2622 450 2682 —
506 2621 642 2681 varifrän
680 2617 744 2677 man

2367 2662 2510 2722 födelsen
2543 2658 2581 2718 av
2615 2658 2648 2718 en
2687 2654 2902 2714 odödlighet.»
2936 2649 2946 2709 —
3008 2648 3129 2708 Kanske

136 2682 243 2742 dager
269 2680 292 2740 t.
313 2679 347 2739 o.
367 2677 411 2737 m.
426 2674 484 2734 kan
509 2673 622 2733 skönja
647 2668 754 2728 alper-
775 2665 868 2725 skall
888 2664 990 2724 hända
1021 2661 1035 2721 i
1055 2658 1206 2718 världen!

818 2717 882 2777 Han
916 2712 1000 2772 hade
1027 2710 1196 2770 förmâgan
1229 2706 1274 2766 att
1301 2704 1393 2764 njuta
1420 2701 1458 2761 av
1491 2694 1549 2754 alit
1570 2679 1654 2739 han.
1694 2676 1759 2736 Jag
1792 2673 1831 2733 är
1858 2670 1903 2730 för
1930 2670 1988 2730 det
2008 2667 2132 2727 första,
2152 2664 2249 2724 andra
2283 2660 2321 2720 oc

2367 2712 2470 2772 kunde
2501 2710 2564 2770 man
2593 2709 2657 2769 med
2686 2706 2791 2766 större
2814 2704 2866 2764 fog
2896 2701 2971 2761 säga
3000 2695 3133 2755 detsam¬

162 2729 315 2789 avlägset
349 2725 598 2785 genomskinligt
632 2719 747 2779 fjärran

789 2767 839 2827 det
865 2763 967 2823 sköna
999 2761 1056 2821 och
1095 2758 1177 2818 goda
1210 2756 1260 2816 som
1312 2752 1388 2812 livet
1414 2749 1471 2809 har
1503 2744 1554 2804 att
1580 2730 1681 2790 tredje
1707 2724 1739 2784 en
1771 2724 1898 2784 läkare.
1931 2722 1987 2782 Jag
2020 2716 2141 2776 känner
2167 2714 2223 2774 mig
2256 2711 2326 2771 myc

150 2780 338 2840 Schnitzler
372 2776 423 2836 tog
463 2774 508 2834 sin
543 2771 622 2831 sista
657 2768 753 2828 langa

782 2814 901 2874 bjuda.
950 2810 1039 2870 Stort
1070 2810 1123 2870 som
1172 2807 1291 2867 smâtt.
1334 2801 1406 2861 Han
1443 2800 1550 2860 tyckte
1581 2778 1634 2838 ket
1659 2774 1736 2834 mera
1767 2772 1814 2832 som
1857 2769 1983 2829 läkare.
2020 2765 2103 2825 Mina
2134 2765 2259 2825 arbeten
2290 2762 2337 2822 äro
2374 2762 2421 2822 ma
2446 2761 2493 2821 vid
2524 2759 2572 2819 den
2603 2757 2692 2817 enkla
2717 2754 2800 2814 kista
2825 2752 2860 2812 av
2885 2749 3040 2809 ohyvlade
3065 2743 3136 2803 brä-

2369 2811 2424 2871 der
2446 2811 2457 2871 i
2479 2808 2595 2868 vilken,
2613 2807 2712 2867 enligt
2735 2804 2834 2864 judisk
2863 2801 2961 2861 ritual
2978 2798 3028 2858 och
3056 2795 3133 2855 hans

1584 2826 1646 2886 idel
1670 2822 1894 2882 diagnoserl'»

130 2830 325 2890 promenad.

2364 2862 2447 2922 egen
2490 2858 2630 2918 önskan,
2666 2855 2784 2915 Arthur
2820 2852 2995 2912 Schnitzler
3024 2847 3136 2907 vigdes

781 2864 819 2924 om
862 2864 953 2924 glada
987 2861 1116 2921 färger,
1136 2860 1207 2920 gott
1232 2855 1298 2915 vin,
1323 2851 1433 2911 vackra
1467 2846 1558 2906 män-

787 2915 915 2975 niskor,
945 2915 1002 2975 god
1046 2909 1126 2969 mat.
1180 2906 1246 2966 Allt
1276 2903 1352 2963 utan
1391 2899 1563 2959 överdrift.

2375 2912 2419 2972 till
2449 2912 2503 2972 den
2539 2907 2612 2967 sista
2648 2906 2751 2966 vilan.

2552 2956 2626 3016 Elsa
2664 2950 3100 3010 Björkman-Goldschmidt.

787 2966 847 3026 Och
885 2962 940 3022 han
973 2959 1029 3019 var
1057 2956 1215 3016 godheten
1249 2953 1300 3013 och
1333 2949 1552 3009 försyntheten

125 2989 209 3049 stick
239 2989 248 3049 i
268 2986 409 3046 hjärtat,
419 2979 741 3039 tredjeklass-begrav

1618 3001 1798 3061 Schnitzler
1832 2998 1886 3058 som
1942 2995 2078 3055 wienare
2123 2992 2271 3052 tillhörde
2309 2989 2352 3049 ett

786 3013 865 3073 själv
898 3008 912 3068 —
973 3009 1028 3069 det
1057 3007 1178 3067 önskar
1206 3004 1257 3064 jag
1295 3001 1345 3061 att
1374 2999 1434 3059 alla
1471 2998 1555 3058 män-

117 3047 173 3107 ga
211 3037 360 3097 kransar,
382 3036 454 3096 inga
486 3030 699 3090 sorgkläder»

789 3064 901 3124 niskor
930 3060 1025 3120 skola
1060 3058 1093 3118 fá
1127 3055 1217 3115 veta.
1262 3050 1436 3110 Tomheten
1476 3047 1555 3107 efter
1583 3053 1673 3113 Wien
1702 3052 1752 3112 som
1792 3050 1876 3110 gått.
1910 3046 1999 3106 Hans
2023 3043 2174 3103 gestalter
2203 3042 2236 3102 ha
2259 3041 2349 3101 inget

117 3089 308 3149 Aittryckliga
344 3083 591 3143 bestämmelser
622 3077 762 3137 angåen¬

1584 3106 1631 3166 att
1656 3103 1737 3163 göra
1766 3100 1833 3160 med
1867 3098 1920 3158 den
1954 3097 2010 3157 nya
2045 3094 2261 3154 sakligheten,
2285 3087 2352 3147 fun¬

793 3115 896 3175 honom
948 3109 985 3169 är
1023 3106 1292 3166 obeskrivlig...

147 3138 230 3198 sista
255 3137 323 3197 färd
349 3134 422 3194 fann
452 3130 515 3190 man
540 3131 554 3191 i
575 3126 760 3186 Schnitzlers

1584 3151 1645 3211 kis,
1675 3151 1760 3211 radio
1794 3147 1847 3207 och
1885 3144 2282 3204 flygkommunikationer.
2307 3135 2349 3195 De

820 3161 999 3221 Schnitzler
1051 3153 1207 3213 arbetade
1254 3150 1341 3210 alltid
1392 3147 1544 3207 samtidig

119 3189 224 3249 inade
253 3186 397 3246 papper.

1587 3201 1639 3261 äro
1673 3201 1730 3261 alla
1760 3198 1893 3258 wienare
1922 3194 2061 3254 omkring
2095 3190 2291 3250 sekelskiftet

794 3214 857 3274 med
907 3209 989 3269 flera
1043 3206 1211 3266 arbeten»,
1257 3201 1397 3261 berättar
1447 3195 1555 3255 fröker

137 3240 174 3300 är
201 3237 232 3297 så
259 3236 316 3296 likt
338 3233 512 3293 doktorn»,
533 3231 628 3291 säger
655 3225 754 3285 fröker

1590 3252 1661 3312 även
1695 3250 1728 3310 de
1753 3249 1805 3309 som
1844 3246 1968 3306 skrivits
1997 3243 2160 3303 betydligt
2180 3240 2290 3300 senare

794 3261 902 3321 Pollak
930 3258 1056 3318 vidare.
1094 3255 1182 3315 »Han
1211 3250 1351 3310 brukade
1379 3247 1444 3307 läsa
1473 3246 1552 3306 mins

136 3289 198 3349 som
246 3286 260 3346 i
280 3284 356 3344 över
385 3282 418 3342 20
452 3282 485 3342 år
514 3280 600 3340 varit
624 3276 748 3336 Schnitz

1589 3305 1639 3365 och
1671 3302 1707 3362 de
1730 3297 1857 3357 problem
1899 3296 1953 3356 han
1981 3293 2158 3353 behandlar
2181 3289 2249 3349 röra
2276 3285 2358 3345 mest

793 3314 840 3374 tre
865 3310 984 3370 böcker
1008 3309 1046 3369 på
1075 3306 1108 3366 en
1138 3305 1243 3365 gång.
1282 3300 1324 3360 På
1354 3298 1473 3358 samma
1502 3297 1569 3357 sätt

129 3341 198 3401 gna
234 3332 516 3392 medarbeterska,
542 3332 612 3392 »jag
648 3326 768 3386 kännen

123 3386 162 3446 st
191 3388 297 3448 någon
338 3381 500 3441 människa
535 3378 591 3438 som
642 3377 698 3437 var
732 3371 765 3431 så
794 3363 878 3423 hade
907 3359 963 3419 han
997 3359 1025 3419 en
1059 3355 1199 3415 underlig
1234 3349 1374 3409 förmága
1409 3347 1459 3407 att
1482 3347 1492 3407 i
1516 3349 1560 3409 sig
1595 3351 1650 3411 det
1674 3349 1763 3409 forna
1792 3344 1994 3404 österrikiska
2023 3340 2276 3400 sällskapslivět,
2299 3334 2355 3394 áro

1644 3400 1762 3460 frågor
1790 3398 1842 3458 som
1889 3394 1988 3454 skaka
2021 3391 2210 3451 samhällets
2243 3385 2365 3445 grund¬

794 3415 934 3475 upptaga
972 3410 1028 3470 det
1056 3404 1257 3464 förgångna,
1281 3400 1336 3460 det
1365 3396 1565 3456 närvarande

125 3441 179 3501 sigt
199 3435 405 3495 anspräkslös
430 3431 484 3491 som
519 3430 597 3490 han.
632 3425 695 3485 För
715 3424 759 3484 sit

1588 3452 1696 3512 valar.
1742 3446 1828 3506 Hans
1870 3443 2101 3503 författarskap
2143 3440 2201 3500 var
2229 3437 2261 3497 en
2298 3434 2361 3494 tre-

795 3463 848 3523 och
884 3460 941 3520 det
968 3457 1179 3517 kommande.
1224 3451 1316 3511 Detta
1352 3446 1409 3506 kan
1444 3446 1563 3506 kanske

130 3488 273 3548 önskade
303 3483 360 3543 han
389 3482 557 3542 framgång
586 3478 639 3538 och
668 3473 769 3533 kände

1597 3500 1712 3560 klang:
1738 3498 1803 3558 lek,
1834 3493 1934 3553 kärlek
1975 3491 2031 3551 och
2072 3491 2152 3551 död.
2198 3487 2263 3547 »Vi
2289 3485 2359 3545 leka

796 3517 835 3577 pä
870 3510 968 3570 nägot
998 3509 1066 3569 sätt
1091 3505 1174 3565 tjäna
1210 3502 1263 3562 som
1308 3497 1484 3557 förklaring
1519 3494 1568 3554 för

145 3539 223 3599 djup
253 3534 405 3594 bitterhet
426 3529 504 3589 över
529 3529 573 3589 att
593 3526 671 3586 hans
696 3523 765 3583 verk

1596 3550 1653 3610 alla
1683 3548 1697 3608 —
1750 3546 1807 3606 den
1837 3544 1890 3604 som
1933 3541 1986 3601 vet
2011 3541 2063 3601 det
2093 3539 2126 3599 är
2155 3535 2256 3595 klok.»

800 3564 854 3624 det
882 3558 1104 3618 egendomliga
1142 3550 1341 3610 förhällande
1374 3547 1423 3607 som
1474 3544 1569 3604 rådde

129 3589 194 3649 jone
232 3588 264 3648 ej
293 3585 368 3645 togs
401 3581 489 3641 emot
523 3580 555 3640 sà
593 3577 644 3637 som
696 3574 761 3634 förr

1628 3598 1695 3658 Men
1725 3597 1739 3657 i
1759 3595 1850 3655 dessa
1876 3592 1938 3652 smá
1968 3590 2098 3650 problem
2143 3587 2195 3647 var
2220 3585 2360 3645 Schnitz¬

131 3636 304 3696 rsonligen
337 3631 394 3691 var
421 3630 473 3690 han
510 3625 773 3685 anspräkslöshe-
805 3610 915 3670 mellan
947 3608 1126 3668 Schnitzler
1153 3604 1205 3664 och
1237 3601 1315 3661 hans
1342 3598 1373 3658 f.
1395 3596 1426 3656 d.
1453 3594 1557 3654 hustru

842 3668 930 3728 Efter
974 3667 1018 3727 ett
1057 3664 1136 3724 nära
1180 3662 1361 3722 tjuguärigt
1391 3654 1567 3714 äktenskap
1597 3648 1646 3708 ler
1676 3645 1881 3705 obönhörligt
1911 3639 2102 3699 sannigskär
2137 3637 2190 3697 och
2225 3635 2283 3695 han
2323 3631 2366 3691 vi¬

120 3687 186 3747 v.
228 3685 301 3745 Han
332 3682 405 3742 gick
436 3682 540 3742 aldrig
571 3679 607 3739 på
644 3674 783 3734 premiä-

1594 3698 1672 3758 sade
1701 3696 1794 3756 ocksà
1832 3694 1878 3754 att
1902 3691 1958 3751 han
1991 3688 2117 3748 vâgade
2146 3685 2192 3745 sta
2225 3684 2277 3744 för
2305 3682 2360 3742 vad

252 3732 319 3792 ville
345 3731 432 3791 helst
448 3729 509 3789 inte
535 3725 632 3785 synas
659 3722 668 3782 —
721 3722 771 3782 var
803 3719 946 3779 lämnade
978 3717 1018 3777 fru
1050 3715 1126 3775 Olga
1153 3712 1327 3772 Schnitzler
1353 3707 1404 3767 för
1425 3706 1564 3766 omkring

800 3768 842 3828 tio
870 3768 907 3828 àr
930 3766 1027 3826 sedan
1056 3765 1102 3825 sin
1130 3763 1218 3823 man,
1237 3759 1301 3819 sina
1330 3756 1376 3816 tvâ
1409 3755 1483 3815 barn
1511 3752 1566 3812 och
1599 3748 1659 3808 han
1687 3744 1780 3804 sade.
1817 3741 2003 3801 Nuförtiden
2031 3737 2152 3797 skratta
2180 3734 2212 3794 vi
2231 3733 2263 3793 ât
2282 3732 2360 3792 hans

112 3784 174 3844 Mad
205 3785 280 3845 över
302 3783 350 3843 att
373 3781 439 3841 man
470 3777 699 3837 föranstaltade
726 3772 779 3832 fir-

801 3819 862 3879 sitt
887 3818 943 3878 hem
987 3816 1034 3876 för
1068 3813 1115 3873 att
1139 3813 1229 3873 börja
1263 3808 1310 3868 ett
1335 3806 1406 3866 nytt
1430 3804 1473 3864 liv
1502 3803 1568 3863 med
1602 3797 1711 3857 novell
1735 3792 1906 3852 »Leutnant
1931 3788 2040 3848 Gustl»
2069 3785 2083 3845 —
2136 3784 2192 3844 där
2217 3783 2274 3843 han
2303 3781 2364 3841 löj¬

128 3837 145 3897 v
168 3834 245 3894 hans
268 3832 359 3892 snart
378 3828 573 3888 inträffande
596 3825 764 3885 70-årsdag

804 3870 843 3930 en
873 3869 931 3929 ung
961 3864 1117 3924 musiker.
1157 3861 1249 3921 Detta
1279 3857 1480 3917 förhällande
1510 3852 1572 3912 blev
1603 3848 1710 3908 liggör
1745 3841 1960 3901 duellerandet
1990 3837 1999 3897 —
2058 3836 2092 3896 vi
2123 3835 2210 3895 tycka
2245 3833 2283 3893 på
2318 3829 2362 3889 sin

119 3888 163 3948 et
191 3886 250 3946 var
282 3882 354 3942 äkta
387 3880 400 3940 —
460 3879 523 3939 inte
556 3878 655 3938 nâgon
692 3873 769 3933 pose

807 3917 978 3977 emellertid
1018 3915 1057 3975 av
1092 3912 1165 3972 kort
1195 3907 1400 3967 varaktighet
1430 3903 1484 3963 och
1529 3901 1582 3961 det
1608 3898 1676 3958 höjd
1706 3894 1754 3954 att
1774 3892 1828 3952 det
1848 3891 1877 3951 är
1902 3890 1931 3950 en
1961 3888 2064 3948 fyndig
2094 3886 2186 3946 satir,
2206 3882 2245 3942 ett
2265 3881 2372 3941 lyckat

128 3944 147 4004 t
168 3938 221 3998 jag
257 3933 375 3993 kanske
400 3929 503 3989 bättre
534 3928 568 3988 än
598 3926 697 3986 någon
732 3921 780 3981 an-

804 3968 865 4028 har
890 3966 951 4026 ofta
980 3963 1065 4023 sagts
1094 3962 1142 4022 att
1161 3960 1218 4020 hon
1247 3957 1342 4017 gärna
1366 3953 1466 4013 skulle
1495 3950 1580 4010 velat
1605 3944 1723 4004 skämt.
1767 3942 1833 4002 Men
1862 3939 1895 3999 på
1929 3936 1981 3996 den
2010 3937 2090 3997 tiden
2120 3934 2200 3994 hade
2229 3931 2281 3991 den
2310 3928 2367 3988 all¬

1603 3995 1718 4055 varliga
1749 3992 1881 4052 följder.
1917 3986 2099 4046 Schnitzler
2124 3983 2296 4043 inkallades
2322 3979 2372 4039 in-

122 4034 328 4094 dsaningar?
373 4031 422 4091 Ja,
442 4029 497 4089 det
517 4025 598 4085 hade
624 4024 680 4084 han
712 4024 786 4084 nog.
818 4016 1005 4076 âter'omma
1037 4013 1087 4073 till
1107 4008 1275 4068 Schnitzler
1307 4004 1400 4064 under
1426 4003 1482 4063 alla
1514 3999 1563 4059 des

1605 4043 1652 4103 för
1684 4043 1715 4103 en
1748 4040 2006 4100 militärdomstol
2033 4031 2043 4091 —
2102 4034 2160 4094 han
2192 4031 2250 4091 var
2277 4031 2371 4091 rege¬

130 4085 193 4145 tid
216 4083 308 4143 sedan
337 4080 400 4140 gick
430 4079 481 4139 han
510 4076 607 4136 genom
643 4070 786 4130 Wiener-
816 4067 850 4127 sa
885 4066 937 4126 Ar.
983 4061 1161 4121 Schnitzler
1197 4056 1334 4116 träffade
1369 4052 1467 4112 henne
1502 4051 1565 4111 ofte

812 4116 849 4176 de
876 4113 1075 4173 tillbringade
1103 4109 1129 4169 t.
1146 4109 1177 4169 o.
1200 4108 1242 4168 m.
1259 4106 1420 4166 somrarna
1447 4098 1581 4158 tillsam-
1610 4091 1819 4151 mentsläkare
1847 4087 1862 4147 —
1911 4085 1959 4145 och
1998 4085 2040 4145 ett
2062 4084 2094 4144 s.
2116 4082 2153 4142 k.
2175 4079 2363 4139 »Ehrenrats

129 4138 188 4198 ned
221 4134 253 4194 en
281 4132 340 4192 god
368 4129 443 4189 vän.
482 4123 639 4183 Plötsligt
656 4120 769 4180 stanna

817 4166 901 4226 mans
927 4164 936 4224 —
987 4161 1052 4221 med
1082 4158 1198 4218 barnen
1223 4157 1238 4217 —
1283 4152 1338 4212 och
1369 4150 1493 4210 numera
1524 4146 1579 4206 har
1605 4142 1810 4202 uppmanade
1841 4136 1935 4196 honom
1981 4133 2031 4193 att
2052 4132 2101 4192 stà
2132 4131 2182 4191 till
2202 4128 2292 4188 svars
2323 4126 2372 4186 för

129 4189 159 4249 ,
180 4184 299 4244 avbröt
326 4182 372 4242 ett
394 4180 476 4240 glatt
503 4177 622 4237 samtal
644 4171 695 4231 och
727 4167 773 4227 frå

1608 4192 1652 4252 att
1678 4192 1733 4252 han
1759 4189 1880 4249 skadat
1900 4186 1950 4246 den
1981 4183 2112 4243 kaiserl.
2133 4183 2162 4243 u.
2183 4180 2304 4240 königl.
2325 4174 2374 4234 ar¬

1367 4198 1469 4258 henne
1498 4195 1546 4255 sam
