3392 4320
197 248 314 308 12.

378 249 954 309 Schnitzler's
1016 246 1248 306 Death

484 735 836 795 OBSE

1158 736 1291 796 Re

571 795 594 855 l.
608 795 727 855 österr.
742 794 888 854 behördl.
903 794 1206 854 konzessioniertes

528 834 763 894 Unternehmen
791 835 842 895 für
866 834 1259 894 Zeitungs-Ausschnitte

574 894 723 954 WIEN,
751 895 799 955 I.,
827 894 1113 954 WOLLZEILE
1161 895 1201 955 11

672 947 893 1007 TELEPHON
931 946 1103 1006 R-23-0-43

846 1043 1044 1103 Vorwärts,
1057 1040 1161 1100 Berlin

478 1090 704 1150 Ausschnitt
733 1088 822 1148 aus:

973 1165 1058 1225 22.
1090 1174 1213 1234 0K1.
1245 1181 1340 1241 1937

481 1313 594 1373 vom:

374 1479 622 1539 Arthur
671 1475 1034 1535 Schnitzler
1081 1464 1455 1524 gestorben.

405 1537 462 1597 Auls
495 1538 584 1598 Wien
617 1533 706 1593 wrn
746 1534 912 1594 geweie/
932 1531 996 1591 dag
1190 1528 1349 1588 Schnitzler
1395 1528 1497 1588 gestern

324 1585 376 1645 19¼
420 1582 477 1642 Uhr
507 1581 584 1641 einem
623 1578 835 1638 Schlaganfall
855 1577 965 1637 erlegen
1000 1575 1042 1635 ist.

417 1625 588 1685 Schiler
615 1622 720 1682 mahhle
748 1619 939 1679 nachmilings
966 1617 1045 1677 anon
1079 1613 1303 1673 Eyasergang,
1323 1610 1382 1670 Als
1409 1610 1435 1670 er
1462 1608 1508 1668 jed

323 1668 401 1728 seine
432 1669 593 1729 Wohnung
628 1664 840 1724 zurückkehrte,
865 1662 968 1722 stürzte
998 1659 1042 1719 er,
1067 1658 1116 1718 vom
1166 1656 1273 1716 Schlag
1303 1655 1441 1715 gerührt,
1471 1651 1519 1711 zu¬

320 1713 441 1773 sammen
479 1712 530 1772 und
564 1709 657 1769 starb,
681 1708 755 1768 ohne
784 1705 835 1765 das
868 1703 1051 1763 Bewußtsein
1089 1700 1318 1760 wiedererlangt
1347 1699 1369 1759 zu
1407 1696 1519 1756 haben,

406 1754 463 1814 Mit
488 1754 597 1814 Arthir
622 1751 780 1811 Schnitzler
804 1748 837 1808 ist
857 1748 938 1808 olner
963 1746 1010 1806 der
1035 1744 1211 1804 gefeiertsten
1241 1741 1428 1801 Dramatiker
1452 1737 1509 1797 und

325 1799 493 1859 Novellisten
541 1796 661 1856 unsarer
700 1794 771 1854 Zeit
810 1790 1069 1850 dahingogangen.
1113 1785 1156 1845 Im
1205 1784 1425 1844 Blütezeitalter
1459 1781 1507 1841 des

323 1841 518 1901 Realismus,
547 1839 574 1899 in
617 1836 667 1896 den
710 1834 872 1894 neunziger
901 1831 1035 1891 Jahran,
1063 1827 1184 1887 gehörte
1208 1825 1240 1885 er
1273 1825 1300 1885 zu
1333 1825 1384 1885 den
1417 1822 1514 1882 meist¬

320 1885 469 1945 gespielten
508 1882 648 1942 deutschen
686 1878 958 1938 Theaterdichtern.
991 1873 1066 1933 Wer
1094 1870 1216 1930 damals
1249 1868 1310 1928 eine
1343 1865 1521 1925 Schnitzler¬

328 1927 511 1987 Aufführung
545 1927 568 1987 im
612 1922 800 1982 Brahmschen
834 1919 984 1979 Deutschen
1018 1915 1142 1975 Theater
1172 1912 1268 1972 erlebt
1293 1912 1355 1972 hat,
1375 1910 1446 1970 wird
1476 1907 1519 1967 die

325 1971 475 2031 Eindrücke
532 1969 606 2029 nicht
663 1966 771 2026 wieder
828 1960 992 2020 vergessen.
1049 1957 1114 2017 Von
1176 1954 1227 2014 den
1288 1953 1509 2013 norddeutschen

329 2014 520 2074 Nacralisten
553 2009 725 2069 unterschied
754 2007 795 2067 ihn
829 2005 889 2065 eine
913 2002 1160 2062 ausgesprochene
1189 1995 1305 2055 Wiener
1334 1995 1422 2055 Noto.

402 2053 476 2113 Eine
509 2052 611 2112 welche
645 2050 700 2110 und
733 2049 821 2109 dahel
850 2046 892 2106 oft
920 2046 1092 2106 spiclrische
1126 2040 1321 2100 Behandlung
1359 2037 1405 2097 der
1438 2037 1517 2097 Pro¬

332 2098 420 2158 pleme
450 2097 504 2157 ließ
538 2097 582 2157 ihn
617 2094 661 2154 als
691 2091 828 2151 spezifisch
858 2088 1088 2148 österreichischen
1123 2084 1236 2144 Dichter
1266 2081 1422 2141 erscheinen
1457 2079 1511 2139 und

328 2141 361 2201 es
395 2139 433 2199 ist
462 2139 668 2199 bezeichnend,
706 2137 758 2197 daß
803 2135 879 2195 seine
913 2133 1027 2193 Werke,
1066 2129 1113 2189 die
1148 2127 1195 2187 dem
1248 2127 1368 2187 Wiener
1406 2122 1506 2182 Milien

331 2185 535 2245 entstammen,
558 2183 608 2243 und
640 2181 703 2241 auch
731 2178 831 2238 solche,
850 2176 895 2236 die
918 2175 973 2235 erst
996 2175 1023 2235 in
1050 2174 1100 2234 den
1132 2171 1296 2231 allerletzten
1328 2167 1437 2227 Jahren
1469 2167 1514 2227 er¬

332 2228 451 2288 schienen
481 2228 557 2288 sind,
576 2225 700 2285 zumeist
729 2221 829 2281 Bülder
859 2220 906 2280 der
935 2219 1002 2279 Zeit
1036 2216 1093 2276 aus
1127 2216 1174 2276 des
1208 2212 1337 2272 Dichters
1366 2211 1504 2271 jüngeren

323 2270 430 2330 Jahren
469 2269 571 2329 geben.
604 2267 698 2327 Einer
726 2266 787 2326 viel
811 2262 984 2322 sorgloseren
1018 2261 1073 2321 und
1102 2255 1392 2315 unbekümmerteren
1430 2252 1519 2312 Welt,

329 2315 376 2375 als
399 2315 432 2375 es
455 2314 497 2374 die
521 2311 637 2371 heutige
661 2309 707 2369 ist,
727 2306 806 2366 eines
830 2306 913 2366 satten
946 2303 1002 2363 und
1030 2302 1114 2362 dahei
1138 2299 1353 2359 schöngaiftigen
1386 2297 1521 2357 Bürger¬

329 2360 424 2420 tums,
447 2358 478 2418 an
511 2357 560 2417 das
588 2353 692 2413 soziale
720 2351 878 2411 Probleme
902 2348 978 2408 selten
1011 2345 1219 2405 harantraten.
1243 2342 1306 2402 Nur
1329 2341 1515 2401 ausnahmo¬

330 2403 413 2463 weise
442 2402 535 2462 hallen
573 2398 647 2458 saine
676 2396 778 2456 Werke
811 2393 834 2453 in
872 2393 951 2453 einen
985 2392 1106 2452 schrillen
1143 2389 1204 2449 Ton
1237 2387 1312 2447 aus.
1335 2384 1428 2444 Meist
1452 2384 1517 2444 ver¬

335 2446 446 2506 klingen
474 2443 528 2503 und
552 2440 760 2500 verdämmern
788 2437 838 2497 sie.

417 2487 569 2547 Schnitzler
600 2482 658 2542 war
689 2484 723 2544 am
768 2483 816 2543 15.
836 2480 910 2540 Mai
935 2476 1004 2536 1862
1034 2476 1058 2536 in
1093 2473 1171 2533 Wien
1206 2473 1324 2533 geboren
1360 2470 1403 2530 als
1428 2469 1516 2529 Sohn

338 2531 414 2591 eines
443 2529 600 2589 bekannten
634 2525 805 2585 Halsarztes
835 2523 887 2583 und
916 2518 1083 2578 Professors
1112 2516 1160 2576 der
1184 2514 1303 2574 Wiener
1332 2512 1523 2572 Universität.

332 2572 370 2632 Er
400 2572 476 2632 hatte
501 2568 664 2628 gleichfalls
689 2566 819 2626 Medizin
853 2563 876 2623 in
911 2562 997 2622 seiner
1027 2560 1200 2620 Vaterstadt
1224 2557 1345 2617 studlert
1374 2557 1426 2617 und
1461 2555 1518 2615 war

340 2619 383 2679 pie
407 2616 474 2676 1893
504 2612 637 2672 Assistent
657 2611 748 2671 soines
773 2608 883 2668 Vaters
908 2605 1052 2665 gewesen.
1081 2600 1176 2660 Seine
1201 2601 1379 2661 militärische
1408 2599 1523 2659 Charge

341 2660 381 2720 als
409 2655 653 2715 Regimenitarzt
676 2652 776 2712 wurde
804 2650 848 2710 dem
890 2648 1002 2708 Dichter
1026 2644 1120 2704 wegen
1153 2643 1243 2703 seiner
1271 2640 1388 2700 Nopelle
1416 2640 1519 2700 „Leut=

343 2700 414 2760 nant
439 2700 538 2760 Gustl“
563 2697 720 2757 strafweise
745 2694 921 2754 aberkannt.
950 2690 998 2750 Als
1027 2688 1160 2748 Mitglied
1189 2686 1237 2746 des
1266 2685 1385 2745 „jungen
1414 2683 1495 2743 Wien

349 2745 569 2805 sympathisierte
595 2741 623 2801 er
644 2740 756 2800 lebhaft
781 2738 834 2798 mit
855 2736 903 2796 der
923 2733 1129 2793 sozialistischen
1164 2730 1350 2790 Bewegung;
1370 2729 1423 2789 gar
1448 2727 1502 2787 nich

346 2790 425 2850 selten
452 2790 498 2850 las
518 2789 545 2849 er
572 2786 758 2846 fugendlichen
792 2781 938 2841 Arbeitern
966 2781 1018 2841 und
1045 2775 1371 2835 sozialdemokratischen
1399 2769 1524 2829 Organt¬

314 2894 440 2954 sationen
469 2891 492 2951 in
526 2890 605 2950 Wien
634 2888 689 2948 aus
713 2888 802 2948 seinen
835 2886 953 2946 Werken
986 2884 1051 2944 por.
1080 2882 1239 2942 Schnitzler
1263 2882 1343 2942 würe
1371 2879 1390 2939 im
1432 2879 1502 2939 Mai

322 2939 439 2999 nächsten
472 2935 580 2995 Jahres
604 2933 635 2993 70
663 2933 758 2993 Jahre
786 2933 826 2993 alt
850 2928 1018 2988 geworden.
1050 2927 1114 2987 Aus
1141 2924 1228 2984 diesem
1274 2924 1364 2984 Anlaß
1397 2924 1492 2984 waren

317 2981 340 3041 in
383 2979 533 3039 mehreren
581 2975 703 3035 Wiener
741 2975 886 3035 Theatern
934 2972 1226 3032 Festaufführungen
1273 2966 1503 3026 Schnitzlerscher

325 3025 428 3085 Stücke
450 3021 585 3081 geplant.

478 3263 658 3323 Berliner
689 3248 925 3308 Tageblatt,
950 3234 1076 3294 Berlin

761 3368 836 3428 Nr.
875 3358 912 3418 4
965 3350 1064 3410 98

858 3545 962 3605 22.
997 3545 1123 3605 Okt.
1146 3551 1229 3611 193

502 3707 798 3767 Arthur
846 3706 1269 3766 Schnitzler
1316 3705 1349 3765 1

456 3793 960 3853 (alogrojmYjos
990 3787 1436 3847 Korrospondeuten)

1048 3859 1063 3919 O
1115 3858 1239 3918 WIEN,
1255 3859 1307 3919 21.
1329 3859 1484 3919 Oktober.

427 3925 554 3985 Artbur
583 3925 770 3985 Soknitfler
800 3924 860 3984 jl,
883 3923 1182 3983 neunundsechzig
1211 3924 1316 3984 Jahre
1344 3924 1404 3984 alt,
1427 3922 1526 3982 heute

364 3984 472 4044 abend
507 3984 590 4044 ganz
635 3978 852 4038 unerwariet
877 3977 1084 4037 gestorben.
1134 3977 1178 4037 Er
1213 3978 1281 4038 war
1321 3978 1419 4038 schon
1464 3978 1538 4038 seit

1483 243 1608 303 box
1681 246 1869 306 42/7

2052 1131 2753 1191 OBSERVER

2140 1181 2162 1241 I.
2177 1181 2299 1241 österr.
2314 1188 2459 1248 behördl.
2469 1196 2765 1256 konzessioniertes

2088 1222 2324 1282 Unternehmen
2356 1227 2401 1287 für
2424 1238 2809 1298 Zeitungs-Ausschnitte

2143 1280 2291 1340 WIEN,
2319 1289 2366 1349 I.,
2387 1297 2672 1357 WOLLZEILE
2720 1304 2760 1364 11

2239 1339 2454 1399 TELEPHON
2487 1351 2665 1411 R-23-0-43

2029 1474 2251 1534 Ausschnitt
2273 1480 2365 1540 aus:

2028 1694 2136 1754 vom:

1953 1846 2272 1906 Ausschnitt
2310 1855 2374 1915 aus

1978 1961 2184 2021 ooon

1951 2139 2030 2199 Nr.
2051 2147 2271 2207 2.VOm

2686 2160 2861 2220 198/

2007 2312 2218 2372 Arthur
2267 2324 2566 2384 Schnitzler

1787 2381 1860 2441 Der
1891 2388 2050 2448 bekannte
2075 2397 2320 2457 österreichische
2351 2408 2565 2468 Dramatiker
2597 2410 2731 2470 Arthur
2756 2417 2891 2477 Schnit¬

1747 2428 1789 2488 ler
1821 2433 1925 2493 istm
1982 2440 2160 2500 Mittwoch
2198 2444 2222 2504 im
2266 2447 2334 2507 69.
2360 2452 2575 2512 Lebensjahr
2607 2461 2798 2521 gestorben.

1786 2481 1851 2541 Die
1894 2485 2116 2545 besänntesten
2166 2493 2285 2553 Werke
2328 2497 2388 2557 des
2430 2499 2472 2559 am
2534 2505 2707 2565 Mittwoch
2756 2509 2900 2569 verstor¬

1745 2529 1843 2589 benen
1880 2534 2139 2594 österreichischen
2183 2544 2434 2604 Schriftstellers
2472 2553 2601 2613 Arthur
2639 2558 2810 2618 Schnitzrer
2836 2560 2890 2620 sind

1745 2578 1801 2638 vor
1830 2581 1914 2641 allem
1960 2584 2010 2644 der
2039 2589 2174 2649 Roman
2209 2595 2298 2655 „Der
2328 2596 2406 2656 Weg
2435 2597 2485 2657 ins
2520 2602 2632 2662 Freie"
2661 2604 2722 2664 und
2757 2607 2807 2667 die
2825 2608 2897 2668 spä¬

1740 2626 1791 2686 ter
1827 2631 1901 2691 auch
1942 2634 2109 2694 verfilmte
2146 2639 2289 2699 Nopelle
2331 2646 2509 2706 „Fräulein
2551 2649 2666 2709 Else“.
2696 2653 2892 2713 Schnitlers

1743 2676 1911 2736 seinerzeit
1990 2682 2079 2742 meist

2154 2688 2332 2748 gespieltes
2374 2694 2576 2754 Schauspiel
2618 2700 2796 2760 „Liebélei

1742 2722 1793 2782 dem
1844 2726 1979 2786 Wiener
2014 2731 2132 2791 Milieu
2166 2739 2397 2799 entnommen.
2426 2744 2499 2804 Mit
2528 2748 2623 2808 diesem
2675 2750 2776 2810 Stück
2799 2752 2889 2812 hatt¬

1740 2775 1913 2835 Schnitzler
1949 2779 1977 2839 im
2030 2784 2145 2844 Jahre
2180 2787 2267 2847 1895
2308 2791 2330 2851 im
2377 2797 2614 2857 Burgtheater
2650 2801 2747 2861 seinen
2789 2802 2881 2862 ersten

1735 2826 1858 2886 großen
1904 2832 2162 2892 Bühnenerfolg
2236 2838 2331 2898 Sehr
2371 2844 2551 2904 umstritten
2614 2848 2686 2908 war
2726 2852 2884 2912 seinerzeit

1732 2876 1826 2936 „Der
1858 2878 2034 2938 Reigen",
2060 2882 2117 2942 der
2149 2885 2224 2945 über
2263 2891 2344 2951 viele
2370 2896 2515 2956 deitsche
2547 2897 2691 2957 Bühnen
2730 2904 2824 2964 ging.

1597 3662 1725 3722 einiger
1752 3662 1829 3722 Zeit
1850 3662 2092 3722 herzleidend,
2113 3662 2216 3722 lühlte
2248 3662 2309 3722 sich
2341 3663 2423 3723 aber
2450 3662 2475 3722 im
2522 3664 2748 3724 aligemeinen

1591 3717 1667 3777 gut.
1711 3715 1797 3775 Noch
1835 3715 1970 3775 gestern
2004 3713 2070 3773 war
2100 3715 2137 3775 er
2167 3714 2195 3774 im
2244 3714 2387 3774 Theater
2416 3716 2599 3776 gewesen.
2642 3719 2752 3779 Heute

1595 3767 1772 3827 vormittag
1806 3766 1992 3826 unternahm
2058 3767 2096 3827 er
2143 3769 2240 3829 einen
2274 3769 2503 3829 Spaziergang
2555 3771 2620 3831 und
2677 3772 2737 3832 kam

1592 3820 1726 3880 mittags
1755 3820 1836 3880 nuch
1871 3822 2004 3882 Hause.
2053 3822 2124 3882 Vor
2154 3820 2216 3880 dem
2259 3823 2360 3883 Essen
2418 3824 2513 3884 erlitt
2562 3825 2595 3885 er
2648 3826 2744 3886 einen

1591 3873 1832 3933 Schlaganfall
1867 3873 1930 3933 und
1965 3873 2038 3933 war
2073 3873 2186 3933 sofort
2221 3873 2447 3933 bewusstlos.
2497 3877 2545 3937 Um
2595 3875 2634 3935 6½
2684 3875 2752 3935 Uhr

1594 3925 1718 3985 abends
1743 3927 1833 3987 starb
1867 3927 1924 3987 er,
1944 3927 2030 3987 ohne
2060 3926 2117 3986 das
2146 3927 2376 3987 Bewusstsein
2410 3930 2683 3990 wiedererlangt
2708 3932 2741 3992 zu

1589 3979 1720 4039 haben.
1761 3981 1876 4041 (Siche
1913 3980 1983 4040 auch
2019 3981 2241 4041 Feuilleton.)
