3344 4352
165 325 284 385 12.
345 333 935 393 Schnitzler's
1006 336 1235 396 Death

1462 339 1587 399 box
1660 342 1848 402 42/7

1612 1423 1649 1483 lei
1679 1428 1904 1488 Guigewolltes,
1924 1433 2074 1493 Wackres,
2094 1437 2301 1497 Förderliches
2321 1438 2339 1498 —
2378 1440 2424 1500 das
2454 1443 2528 1503 nicht
2548 1446 2764 1506 verunglimpft

1607 1469 1726 1529 werden
1751 1473 1834 1533 darf.
1865 1476 1943 1536 Auch
1974 1476 2027 1536 der
2046 1479 2159 1539 Schund
2191 1482 2214 1542 in
2239 1482 2341 1542 diesem
2377 1485 2473 1545 Geheg
2498 1488 2594 1548 bleibt
2612 1490 2690 1550 nicht
2715 1491 2768 1551 an¬

736 1485 1187 1545 STERBEN.

1602 1515 1757 1575 zutasten;
1781 1516 1850 1576 auch
1880 1518 1931 1578 der
1955 1519 2024 1579 Mist
2048 1521 2099 1581 auf
2117 1524 2221 1584 diesem
2262 1525 2331 1585 Feld
2360 1527 2458 1587 bleibt
2476 1531 2585 1591 heilig.

1656 1557 1803 1617 Dennoch
1837 1559 1905 1619 gibt
1928 1562 1956 1622 es
1985 1562 2041 1622 nur
2070 1565 2149 1625 zwei
2172 1568 2347 1628 Zeftstücke
2382 1571 2432 1631 von
2461 1573 2630 1633 dauernder
2659 1577 2766 1637 Kraft;

1602 1601 1657 1661 nur
1685 1601 1762 1661 zwei
1779 1604 2027 1664 Tendenzwerke
2055 1608 2104 1668 von
2132 1610 2242 1670 langer
2265 1613 2369 1673 Sicht;
2387 1613 2441 1673 nur
2464 1616 2541 1676 zwei
2558 1619 2750 1679 Nutzdramen

424 1602 466 1662 Er
488 1604 544 1664 hat
573 1606 615 1666 oft
638 1607 736 1667 genug
766 1610 801 1670 an
837 1610 886 1670 den
923 1613 979 1673 Tod
1008 1615 1157 1675 gedacht.
1193 1619 1278 1679 Aber
1307 1619 1413 1679 gewiss
1443 1625 1541 1685 nicht,

1602 1641 1653 1701 von
1682 1646 1901 1706 gemeisterter
1925 1649 2042 1709 Kunst:
2066 1650 2110 1710 die
2140 1652 2252 1712 Weber
2281 1656 2331 1716 und
2366 1658 2416 1718 den
2451 1661 2631 1721 Bernhardi.

368 1646 408 1706 als
440 1647 496 1707 der
527 1649 574 1709 ihn
605 1650 692 1710 sanft
719 1652 868 1712 überfiel.
910 1653 971 1713 Das
1003 1657 1141 1717 Dunkel,
1168 1661 1193 1721 in
1230 1663 1281 1723 das
1312 1664 1343 1724 er
1370 1666 1467 1726 sank,
1493 1670 1544 1730 hat

1658 1688 1719 1748 Der
1742 1690 1832 1750 ganze
1861 1691 1934 1751 Rest
1957 1692 1979 1752 in
2002 1694 2125 1754 Ehren:
2143 1696 2216 1756 aber
2245 1699 2323 1759 wann
2352 1700 2447 1760 spielt
2465 1703 2526 1763 man
2555 1705 2645 1765 derlei
2668 1707 2758 1767 noch¬

360 1689 554 1749 Schnitzler,
576 1694 710 1754 Arthur,
733 1696 921 1756 Erweiterer
954 1699 1007 1759 des
1041 1703 1175 1763 Wissens
1209 1706 1257 1766 von
1295 1707 1348 1767 der
1376 1709 1478 1769 Seele,
1506 1712 1532 1772 so

1601 1733 1692 1793 mals,
1709 1733 1778 1793 auch
1811 1735 1865 1795 nur
1893 1736 1957 1796 nach
1990 1737 2071 1797 einem
2115 1739 2212 1799 Jahr?
2239 1740 2293 1800 Sie
2321 1741 2374 1801 alle
2407 1744 2520 1804 waren,
2538 1747 2661 1807 jawohl,
2678 1750 2764 1810 nicht

363 1733 506 1793 manches
538 1736 599 1796 Mal
625 1737 651 1797 im
692 1739 795 1799 Leben
826 1740 964 1800 gefühlt:
991 1744 1078 1804 nicht
1104 1746 1129 1806 im
1171 1749 1361 1809 Augenblick
1392 1752 1443 1812 des
1475 1754 1541 1814 Ab¬

1601 1774 1883 1834 Gebrauchspofel,
1904 1780 2035 1840 sondern
2070 1783 2367 1843 Gebrauchewerte.
2402 1787 2484 1847 Bloss
2513 1792 2601 1852 nicht
2623 1794 2753 1854 zugleich

357 1774 500 1834 schieds.
538 1777 596 1837 Bei
620 1780 705 1840 einer
734 1783 906 1843 Heimkehr
931 1786 987 1846 hat
1012 1786 1059 1846 ihn
1093 1787 1203 1847 etwas,
1227 1792 1298 1852 oder
1328 1796 1465 1856 jemand,
1485 1801 1542 1861 mit

1596 1819 1889 1879 Dichtungswerte.

362 1819 452 1879 leisem
495 1821 581 1881 Griff
596 1824 714 1884 gefasst
734 1825 748 1885 —
791 1827 848 1887 und
877 1828 924 1888 ihm
968 1829 1010 1889 ein
1039 1831 1244 1891 Bewusstsein
1273 1837 1406 1897 erspart,
1425 1841 1477 1901 das
1502 1843 1535 1903 er

1654 1862 1691 1922 Es
1711 1864 1781 1924 gibt
1802 1864 1935 1924 wirklich
1969 1867 1987 1927 in
2020 1870 2071 1930 der
2097 1870 2206 1930 ganzen
2239 1872 2483 1932 Gebrauchszeit
2503 1877 2553 1937 nur
2573 1879 2650 1939 zwei
2670 1879 2759 1939 Dich¬

358 1864 659 1924 vorausgenommen
689 1870 784 1930 hatte.
820 1870 910 1930 Seine
936 1873 1051 1933 Pflicht
1071 1876 1166 1936 gegen
1192 1879 1247 1939 das
1272 1879 1357 1939 Reich
1383 1884 1438 1944 des
1463 1885 1538 1945 Auf¬

1597 1906 1803 1966 tungswerte.
1837 1908 1899 1968 Der
1929 1911 1991 1971 eine
2025 1912 2077 1972 vom
2121 1915 2255 1975 Arthur.

357 1907 468 1967 hörens
501 1909 561 1969 war
589 1912 682 1972 zuvor
710 1915 826 1975 erfüllt.
869 1917 933 1977 Das
957 1920 1059 1980 Letzie
1087 1923 1143 1983 kam
1185 1926 1338 1986 schonend
1367 1927 1380 1987 .
1399 1928 1413 1988 .
1436 1929 1450 1989 .
1474 1930 1529 1990 wie

358 1949 461 2009 Schlaf
485 1953 554 2013 nach
584 1956 786 2016 Schmerzen.

2157 1974 2236 2034 VII.

1643 2020 1819 2080 Schnitzler
1853 2022 1913 2082 war
1947 2025 1974 2085 ja
2008 2025 2091 2085 nicht
2125 2028 2180 2088 nur
2214 2029 2258 2089 ein
2297 2031 2458 2091 Zartling:
2486 2034 2613 2094 sondern
2647 2036 2757 2096 unauf¬

414 2044 466 2104 Ein
497 2049 691 2109 Ironischer,
709 2054 874 2114 Silbriger,
893 2057 1128 2117 Lebsinnlicher
1153 2061 1217 2121 trat
1236 2063 1259 2123 in
1289 2064 1335 2124 die
1366 2065 1460 2125 Welt.
1478 2067 1530 2127 Ein

1594 2060 1715 2120 heblich
1744 2063 1790 2123 ein
1820 2067 1987 2127 Förderer.
2010 2067 2074 2127 Der
2103 2072 2224 2132 Begriff
2248 2075 2433 2135 „Kämpfer“
2456 2079 2513 2139 gilt
2538 2079 2601 2139 auch
2630 2081 2676 2141 für
2705 2081 2751 2141 die

360 2091 571 2151 Getroffener,
593 2094 740 2154 Bitterer,
762 2097 819 2157 fast
846 2098 894 2158 ein
926 2103 1158 2163 Versteinerter
1185 2106 1247 2166 ging
1280 2109 1395 2169 davon.

1591 2106 1762 2166 scheinbar
1788 2109 1932 2169 Blassen.

419 2135 482 2195 Und
511 2138 553 2198 ein
590 2138 703 2198 adliger
732 2141 866 2201 Freund.

1645 2147 1758 2207 Dieser
1786 2153 2014 2213 Empfindsame
2047 2156 2111 2216 half
2134 2157 2226 2217 etwa,
2248 2161 2301 2221 den
2335 2163 2590 2223 militaristischen
2623 2167 2757 2227 Helden¬

1589 2189 1709 2249 begriff
1737 2193 1769 2253 zu
1806 2195 2009 2255 entblättern.

409 2228 451 2288 Er
477 2233 550 2293 war,
569 2234 611 2294 als
637 2235 679 2295 ihn
705 2237 722 2297 .
735 2237 778 2297 ..
797 2238 877 2298 nicht
896 2240 957 2300 nur
976 2240 1030 2300 der
1056 2243 1222 2303 Wirrwarr
1241 2246 1339 2306 neuen
1371 2250 1536 2310 Werdens,

1648 2237 1753 2297 Hängt
1769 2238 1816 2298 ihm
1854 2240 1938 2300 ruhig
1960 2243 2060 2303 kleine
2082 2246 2224 2306 Mädchen
2251 2248 2282 2308 an
2314 2249 2382 2309 (und
2410 2251 2536 2311 Frauen,
2552 2255 2752 2315 nachmittags

351 2276 395 2336 als
415 2276 458 2336 ihn
483 2277 527 2337 die
552 2279 694 2339 Feigheit
714 2282 880 2342 lenkender
900 2285 1047 2345 Lavierer
1067 2288 1292 2348 zurücksetzte,
1307 2294 1527 2354 zurückschob,

1587 2276 1636 2336 von
1672 2279 1742 2339 Vier
1773 2282 1817 2342 bis
1843 2284 1964 2344 Sechs),
1989 2285 2029 2345 als
2055 2285 2089 2345 ob
2120 2287 2170 2347 die
2201 2291 2281 2351 nicht
2307 2292 2361 2352 zur
2392 2293 2467 2353 Welt
2493 2297 2649 2357 gehörten.
2689 2298 2749 2358 Das

347 2318 563 2378 zurückhielt:
589 2321 618 2381 er
654 2322 714 2382 war
740 2324 835 2384 lieber
866 2327 1103 2387 eigenbewusst
1128 2332 1173 2392 als
1199 2333 1370 2393 gekränkt.
1411 2334 1451 2394 Er
1477 2336 1531 2396 hat

1581 2324 1749 2384 nebenbei.
1782 2324 1824 2384 Es
1848 2325 1909 2385 war
1933 2330 2012 2390 nicht
2031 2330 2087 2390 sein
2115 2333 2331 2393 Hauptpunkt.

347 2359 435 2419 nicht
460 2362 587 2422 ersucht
617 2365 670 2425 und
705 2366 852 2426 versucht
877 2369 936 2429 und
970 2371 1137 2431 angeboten
1177 2374 1230 2434 und
1270 2377 1529 2437 vorgeschlagen:

1642 2367 1701 2427 Der
1723 2368 1803 2428 Mann
1836 2370 1884 2430 aus
1912 2371 2003 2431 Wien,
2020 2374 2143 2434 Schüler
2171 2376 2289 2436 Ibsens,
2306 2380 2359 2440 kam
2397 2380 2424 2440 in
2446 2381 2575 2441 Punkten
2608 2383 2677 2443 über
2699 2385 2747 2445 das

379 2404 482 2464 endern
517 2406 570 2466 sich
610 2407 713 2467 dessen
747 2412 934 2472 geweigert.
974 2415 1042 2475 Sich
1077 2418 1130 2478 dem
1176 2419 1312 2479 bewusst
1343 2422 1528 2482 widersetzt.

1585 2411 1832 2471 Nordphänomen
1868 2415 1992 2475 hinaus.
2034 2416 2121 2476 Nicht
2152 2419 2275 2479 belohnt
2307 2422 2358 2482 von
2400 2425 2451 2485 der
2483 2425 2575 2485 nahen
2611 2428 2755 2488 Umwelt.

365 2449 389 2509 ir
414 2449 463 2509 hat
488 2449 546 2509 nur
571 2452 664 2512 davon
694 2455 836 2515 geredet,
861 2455 944 2515 wenn
975 2461 1038 2521 man
1068 2461 1111 2521 ihn
1141 2464 1259 2524 fragte.

1583 2452 1670 2512 Nicht
1686 2455 1886 2515 durchschaut
1907 2458 1927 2518 im
1964 2461 2066 2521 silbrig
2093 2464 2267 2524 verpackten
2299 2466 2391 2526 Kern.
2423 2467 2463 2527 Er
2484 2470 2566 2530 trug,
2582 2473 2752 2533 Edelmann,

407 2493 508 2553 Gegen
545 2497 588 2557 ihn
620 2497 748 2557 besteht
770 2500 833 2560 eine
860 2503 993 2563 Schuld.

1582 2497 1666 2557 mehr
1697 2499 1722 2559 in
1752 2500 1812 2560 sich
1843 2501 1888 2561 als
1918 2502 1948 2562 an
1979 2504 2053 2564 sich.
2094 2506 2134 2566 Er
2165 2507 2244 2567 war:
2270 2509 2315 2569 ein
2351 2512 2642 2572 Vorwärtsbeweger
2667 2517 2742 2577 ohne

1578 2541 1783 2601 Nobelpreis.

901 2563 970 2623 IV.

1639 2584 1691 2644 Als
1722 2583 1750 2643 er
1781 2587 1809 2647 im
1857 2589 1986 2649 Zimmer
2016 2592 2098 2652 jetzt,
2122 2595 2299 2655 gegenüber
2335 2597 2388 2657 vom
2430 2601 2753 2661 Türkenschanzpark,

407 2610 550 2670 Umsonst
574 2611 637 2671 rief
655 2613 718 2673 ich,
742 2616 764 2676 in
794 2616 845 2676 den
875 2616 978 2676 letzten
1008 2618 1140 2678 Jahren,
1158 2622 1210 2682 zur
1234 2623 1435 2683 Begleichung
1465 2626 1527 2686 auf.

1578 2628 1686 2688 umfiel
1708 2629 1761 2689 und
1789 2631 1842 2691 aus
1870 2633 1945 2693 war,
1962 2636 2037 2696 hatte
2059 2636 2118 2696 sein
2151 2640 2210 2700 Tun
2238 2641 2280 2701 die
2308 2643 2399 2703 Erde,
2422 2643 2464 2703 die
2492 2643 2518 2703 er
2546 2646 2675 2706 verliess,
2697 2649 2729 2709 um

346 2652 407 2712 Man
437 2655 503 2715 liess
527 2655 570 2715 ihn
594 2657 709 2717 sterben
738 2658 757 2718 in
786 2658 838 2718 der
857 2660 1005 2720 Hoffnung
1035 2664 1082 2724 auf
1102 2664 1144 2724 ein
1168 2665 1340 2725 Jubiläum,
1355 2668 1522 2728 schanden¬

1577 2672 1677 2732 einige
1701 2673 1802 2733 Grade
1830 2676 1999 2736 gebessert.

348 2695 432 2755 halb.
463 2697 503 2757 Er
524 2698 573 2758 hat
589 2701 649 2761 ...
665 2702 715 2762 sich
745 2703 850 2763 darauf
866 2706 951 2766 nicht
967 2707 1102 2767 gefreut.
1128 2709 1208 2769 Doch
1234 2710 1264 2770 es
1285 2712 1359 2772 hätte
1380 2712 1520 2772 schliess¬

1638 2718 1705 2778 Und
1732 2719 1765 2779 um
1807 2721 1907 2781 einige
1935 2722 2028 2782 Grade
2056 2725 2231 2785 verschönt.
2272 2727 2339 2787 Was
2367 2728 2433 2788 will
2454 2732 2534 2792 einer
2562 2732 2663 2792 sonst?

346 2739 402 2799 lich
431 2740 476 2800 ihn
505 2741 640 2801 gefreut.

1634 2759 1669 2819 Er
1696 2761 1767 2821 ruht
1788 2762 1798 2822 .
1814 2763 1855 2823 ..
1877 2765 1958 2825 nicht
1980 2765 1999 2825 in
2031 2768 2185 2828 Frieden:
2207 2769 2278 2829 weil
2299 2774 2330 2834 er
2357 2774 2407 2834 das
2434 2776 2500 2836 alles
2527 2777 2604 2837 kaum
2640 2781 2732 2841 genug

402 2783 503 2843 Zuvor
526 2786 578 2846 kam
617 2786 670 2846 der
692 2789 772 2849 Tod.

1581 2804 1776 2864 vernommen
1810 2807 1876 2867 hat.

404 2828 449 2888 Ein
485 2831 698 2891 Verfeinerter
733 2833 790 2893 trat
820 2836 842 2896 in
878 2837 929 2897 die
959 2837 1056 2897 Welt.
1092 2839 1149 2899 Ein
1184 2842 1414 2902 Versteinerter
1444 2848 1513 2908 ging

2080 2852 2173 2912 VIII.

347 2871 460 2931 davon.

1641 2901 1696 2961 „Da
1725 2902 1766 2962 ich
1796 2903 1886 2963 heut,
1908 2906 1935 2966 an
1972 2906 2055 2966 einem
2098 2908 2281 2968 Februartag
2317 2912 2400 2972 1896,
2422 2914 2471 2974 den
2500 2916 2613 2976 Namen
2641 2918 2739 2978 dieses

409 2918 484 2978 (Und
516 2918 553 2978 ein
576 2921 698 2981 adliger
722 2923 865 2983 Freund.)

1578 2944 1634 3004 nun
1662 2944 2005 3004 bekanntgewordenen
2029 2950 2168 3010 Dichters
2192 2954 2442 3014 niederschreibe
2466 2954 2479 3014 .
2489 2950 2526 3010 ..

1630 2985 1718 3045 Zwei
1738 2988 1831 3048 Jahre
1861 2992 1968 3052 vorher
1999 2992 2057 3052 war
2087 2992 2156 3052 man
2186 2995 2234 3055 vom
2279 2998 2397 3058 Anatol
2417 3001 2559 3061 stavnend
2589 3004 2740 3064 entzückt.

400 3022 436 3082 Er
467 3022 528 3082 war
553 3025 608 3085 der
639 3028 767 3088 Zweite,
792 3028 859 3088 nach
891 3030 1105 3090 Hauptmann.
1142 3034 1319 3094 Pirandello
1351 3035 1436 3095 strich
1473 3038 1503 3098 an

1578 3028 1677 3088 Mitten
1708 3031 1733 3091 im
1774 3034 2015 3094 Naturalismus.
2051 3038 2222 3098 Schnitzler
2247 3040 2327 3100 hatte
2358 3043 2413 3103 das
2439 3046 2670 3106 Verschweigen
2701 3049 2730 3109 an

342 3067 603 3127 Vexierstücken,
618 3070 860 3130 Spiegelstücken
891 3073 956 3133 ein,
971 3073 1027 3133 was
1052 3076 1167 3136 Arthur
1184 3078 1283 3138 schuf.
1319 3079 1380 3139 Der
1400 3081 1510 3141 andere

1577 3071 1620 3131 die
1648 3073 1741 3133 Stelle
1768 3075 1816 3135 des
1844 3076 2030 3136 Quatschens
2053 3079 2186 3139 gesetzt.

336 3109 463 3169 gewann
496 3112 537 3172 die
564 3115 707 3175 Länder;
729 3115 776 3175 der
803 3115 872 3175 eine
899 3118 978 3178 blieb
1005 3121 1137 3181 zuhaus.

1627 3118 1675 3178 ...
1703 3121 1767 3181 „Ich
1800 3121 1886 3181 neige
1919 3121 1951 3181 zu
1984 3122 2033 3182 dem
2082 3124 2238 3184 Glauben,
2261 3128 2330 3188 dass
2363 3129 2406 3189 die
2440 3132 2736 3192 Grossstadtdichter

388 3153 425 3213 Er
457 3157 541 3217 war,
562 3158 630 3218 halb
668 3159 857 3219 unerkannt,
884 3162 1142 3222 Heimatsdichter
1180 3165 1237 3225 mit
1275 3167 1490 3227 europäischem

1573 3159 1656 3219 mehr
1675 3161 1763 3221 sagen
1791 3162 1832 3222 als
1852 3163 1898 3223 die
1917 3165 2046 3225 andern.
2061 3168 2130 3228 Eine
2154 3169 2288 3229 gesunde
2312 3174 2548 3234 vaterländische
2572 3177 2725 3237 Aesthetik

343 3197 521 3257 Ein-chlag.

1574 3202 1658 3262 neigt
1689 3204 1739 3264 zum
1785 3205 1966 3265 Gegenteil.
2007 3210 2061 3270 Die
2097 3212 2308 3272 Stadtdichter
2334 3215 2419 3275 seien
2450 3219 2621 3279 skeptisch,
2646 3220 2736 3280 über¬

397 3243 655 3303 Heimatsdichter
680 3248 735 3308 mit
760 3249 975 3309 europäischem
1019 3252 1197 3312 Einschlag.

1573 3245 1701 3305 feinert,
1721 3249 1955 3309 bleichsüchtig.
1994 3252 2075 3312 Aber
2099 3253 2156 3313 was
2186 3255 2242 3315 soll
2262 3258 2328 3318 man
2357 3261 2467 3321 andres
2492 3264 2549 3324 sein
2583 3264 2620 3324 als
2645 3264 2740 3324 skep¬

1572 3288 1660 3348 tisch,
1680 3291 1758 3351 wenn
1787 3294 1851 3354 man
1875 3294 1930 3354 sich
1954 3296 2037 3356 nicht
2057 3296 2205 3356 verstellt.
2224 3300 2256 3360 Es
2280 3303 2396 3363 kommt
2415 3305 2466 3365 nur
2485 3306 2535 3366 auf
2555 3306 2596 3366 die
2620 3308 2726 3368 Grösse

1572 3332 1621 3392 der
1646 3332 1773 3392 Skepsis
1798 3335 1827 3395 an
1857 3335 1891 3395 ..
1907 3336 1921 3396 .
1941 3337 1985 3397 Ich
2015 3338 2137 3398 glaube,
2158 3340 2201 3400 die
2231 3344 2438 3404 Landdichter
2458 3347 2521 3407 sind
2546 3348 2664 3408 ärmer.
2679 3350 2728 3410 Die

389 3359 448 3419 Der
476 3359 588 3419 Zweite
616 3362 670 3422 bei
692 3362 746 3422 uns
773 3365 838 3425 nach
871 3366 1087 3426 Hauptmann?
1131 3371 1162 3431 Im
1201 3371 1368 3431 herrlichen
1407 3373 1509 3433 Weck¬

1569 3377 1849 3437 Bleichsüchtigen,
1875 3381 2161 3441 Reflektierenden,
2187 3386 2302 3446 Halben
2338 3389 2362 3449 in
2403 3389 2453 3449 der
2478 3392 2629 3452 Dichtung
2659 3395 2719 3455 sind

330 3404 384 3464 ruf
402 3404 489 3464 einer
513 3407 606 3467 Neues
629 3407 828 3467 kündenden,
846 3413 945 3473 Neues
968 3416 1162 3476 schaffenden
1190 3418 1256 3478 Zeit
1273 3418 1389 3478 erstand
1418 3419 1511 3479 aller¬

1564 3422 1754 3482 Erweiterer
1781 3425 1833 3485 der
1860 3428 2003 3488 Kenntnis
2030 3430 2083 3490 von
2115 3431 2167 3491 der
2194 3435 2417 3495 menschlichen
2444 3437 2559 3497 Seelo,“

1458 3578 1945 3638 Re
2056 3589 2204 3649 3

940 3595 1274 3655 aeeblad

400 3598 741 3658 Bene

2450 3598 2694 3658 Abena

2886 1501 2919 1561 Im
2954 1503 3030 1563 Jähr
3048 1506 3115 1566 1900
3142 1509 3243 1569 gingen
3270 1509 3286 1569 w

2826 1543 2901 1603 über
2931 1544 2983 1604 das
3013 1550 3258 1610 Schlapina-Joch

2827 1585 2909 1645 einem
2956 1589 3091 1649 Führer.
3128 1592 3185 1652 Die
3211 1593 3294 1653 Welt

2881 1631 3028 1691 Dreimal
3045 1634 3136 1694 trafen
3170 1636 3224 1696 wir
3252 1637 3300 1697 uns

2875 1673 2929 1733 Ich
2971 1676 3055 1736 habe
3103 1679 3205 1739 seinen
3247 1682 3306 1742 Anf

2827 1716 2949 1776 Leben.

2875 1759 2994 1819 Immer
3019 1762 3137 1822 wollten
3168 1764 3221 1824 wir
3239 1768 3292 1828 gen

2825 1802 2878 1862 ling
2906 1801 3036 1861 fahren,
3053 1805 3101 1865 bei
3123 1806 3225 1866 Wien,
3242 1810 3291 1870 der

2822 1845 2898 1905 Noch
2925 1846 2968 1906 als
2996 1846 3028 1906 er
3056 1849 3077 1909 in
3110 1850 3229 1910 meiner
3256 1853 3294 1913 Ki

2823 1888 2849 1948 in
2887 1888 2972 1948 einem
3020 1891 3169 1951 Frühling
3201 1894 3248 1954 die

2820 1930 2899 1990 fehlt
2923 1930 2991 1990 noch
3021 1935 3134 1995 immer
3158 1938 3209 1998 der
3232 1940 3289 2000 Beg

2819 1972 2873 2032 das
2903 1974 2957 2034 ist.
3002 1974 3036 2034 Es
3071 1977 3130 2037 soll
3155 1980 3302 2040 österreic

2821 2016 2911 2076 mals,
2933 2017 2985 2077 vor
3012 2019 3060 2079 ihm
3103 2022 3134 2082 zu
3161 2022 3304 2082 sterben.

2879 2061 2968 2121 Wann
2993 2064 3101 2124 fahren
3132 2066 3185 2126 wir
3210 2067 3276 2127 nach

2972 2231 3283 2291 SCHNIT.

2873 2348 2899 2408 In
2934 2350 2988 2410 dem
3029 2352 3144 2412 Monat,
3165 2353 3219 2413 den
3247 2355 3280 2415 er

2815 2389 2890 2449 Wien
2918 2392 2972 2452 und
3000 2393 3047 2453 der
3070 2395 3151 2455 Welt
3168 2398 3280 2458 weggeg

2812 2433 2896 2493 bunt,
2913 2437 3035 2497 obwohl
3057 2439 3094 2499 sie
3121 2440 3168 2500 zum
3207 2443 3280 2503 Tode

2815 2479 2956 2539 Aussicht
2985 2482 3087 2542 mehr,
3104 2482 3160 2542 auf
3184 2485 3229 2545 die
3258 2485 3268 2545 H

2809 2522 3026 2582 Weiterleben.
3070 2527 3132 2587 Den
3165 2527 3287 2587 blätterl

2810 2565 3006 2625 abgewartet.
3041 2568 3082 2628 Er
3106 2570 3146 2630 ist
3164 2571 3221 2631 mit
3239 2574 3285 2634 sei

2811 2610 2988 2670 Oesterreich
3021 2613 3248 2673 fortgegangen.

2862 2658 2917 2718 Die
2942 2658 3041 2718 kleine
3066 2661 3140 2721 Villa
3166 2664 3189 2724 in
3221 2664 3270 2724 der

2810 2700 2889 2760 Haus
2916 2703 3016 2763 stiller
3049 2705 3101 2765 und
3139 2706 3259 2766 stillster

2803 2744 2924 2804 schönen
2962 2746 3090 2806 Bäumen
3127 2748 3180 2808 wie
3207 2750 3275 2810 sons

2803 2786 2829 2846 in
2857 2787 2911 2847 dem
2950 2789 2993 2849 ein
3021 2789 3146 2849 Dichter
3174 2792 3244 2852 lebt,
3267 2795 3277 2855 v

2806 2831 2901 2891 Ende.
2942 2832 2981 2892 Er
3010 2834 3095 2894 färbt
3124 2835 3174 2895 sich
3209 2837 3259 2897 vom

2803 2876 2919 2936 Mauern
2952 2877 3078 2937 gehören
3116 2880 3163 2940 zum
3206 2882 3274 2942 Dich

2806 2918 2855 2978 Die
2883 2921 3177 2981 Sternwartestrasse
3211 2925 3265 2985 hat

2800 2961 2882 3021 stitut
2914 2962 2965 3022 der
2996 2965 3114 3025 Wiener
3146 2968 3270 3028 Univers

2797 3004 2844 3064 für
2871 3004 2925 3064 das
2947 3007 3031 3067 Haus
3059 3008 3138 3068 eines
3166 3010 3277 3070 grosser

2803 3046 2851 3106 der
2879 3049 2999 3109 Worte:
3026 3050 3075 3110 das
3103 3052 3163 3112 war
3185 3055 3283 3115 Schni

2800 3094 2958 3154 gewartet,
2982 3094 3134 3154 geweidet
3158 3098 3214 3158 und
3243 3100 3276 3160 ge

2857 3137 2918 3197 Aus
2941 3138 3046 3198 diesem
3086 3138 3158 3198 Heim
3198 3143 3248 3203 der

2798 3180 2951 3240 spazieren
2996 3183 3173 3243 gegangen,
3203 3183 3262 3243 wen

2797 3222 2896 3282 alten,
2914 3225 3114 3285 vieljährigen
3143 3228 3270 3288 Spazier

2796 3267 2915 3327 nennen
2952 3267 3045 3327 wird.
3087 3267 3149 3327 Den
3186 3271 3252 3331 Weg

2799 3309 2943 3369 Reichen,
2960 3311 3042 3371 darin
3074 3312 3099 3372 so
3125 3312 3187 3372 viel
3203 3315 3264 3375 sein

2794 3350 2846 3410 das
2879 3353 3112 3413 Villenviertel,
3133 3356 3180 3416 die
3208 3358 3276 3418 Sta¬

2790 3396 2841 3456 hat
2868 3395 2898 3455 es
2930 3397 2997 3457 auch
3030 3398 3112 3458 sanft
3144 3401 3273 3461 verspott

2772 3443 2910 3503 Lebens
2943 3446 3106 3506 aufrichtig
3151 3447 3263 3507 eine1

2894 3595 3243 3655 Anad
