3344 4320
122 221 245 281 12.

1422 220 1547 280 box
1628 222 1807 282 42/5

317 225 899 285 Schnitzler's
968 225 1201 285 Death

811 700 962 760 Neua
1009 700 1167 760 Freie
1208 703 1418 763 Presse

115 700 321 760 Donnerstag

114 792 146 852 nd
180 792 226 852 bei
247 792 300 852 der
321 792 481 852 Fürsorge
501 791 554 851 für

127 840 271 900 bedeuten
301 840 378 900 einen
408 840 547 900 enormen

945 861 1313 921 KUDON

107 888 154 948 von
185 888 438 948 hundertfünfzig
475 888 553 948 Mil¬

1095 918 1144 978 für
1175 918 1219 978 die

112 936 182 996 trast
218 936 306 996 gegen
342 936 394 996 die
424 934 553 994 Drosse¬

111 981 127 1041 n
155 982 302 1042 Jammer
324 981 477 1041 enthüllt,
500 981 543 1041 den

660 994 1632 1054 Jugend-Gymnastikkurse

109 1028 144 1088 her
181 1028 441 1088 Einschränkung
489 1028 541 1088 und

847 1055 903 1115 der
926 1059 1080 1119 „Nouen
1114 1061 1245 1121 Froien
1280 1058 1479 1118 Presse“.

116 1121 152 1181 die
176 1121 312 1181 Ansätze
336 1124 357 1184 in
388 1122 441 1182 den
472 1120 555 1180 Ein¬

114 1170 174 1230 und
222 1171 282 1231 das
331 1173 403 1233 war
452 1172 547 1232 gewiß

606 1213 681 1273 und
728 1214 804 1274 den
858 1215 1117 1275 führenden
1156 1218 1600 1278 Persönlichbeiten
1639 1219 1714 1279 des

109 1215 182 1275 dlich
216 1218 269 1278 der
296 1219 389 1279 Fall,
418 1219 470 1279 daß
505 1215 551 1275 die

609 1261 801 1321 Pariser
827 1260 1167 1320 Geldmarhtes
1200 1261 1224 1321 zu
1257 1262 1372 1322 treten.

105 1263 135 1323 en
172 1264 332 1324 Tatsachen
370 1265 541 1325 unmöglich

699 1308 752 1368 Ich
783 1307 891 1367 wurde
927 1307 1047 1367 überall
1078 1309 1138 1369 sehr
1174 1309 1336 1369 freundlich
1373 1309 1632 1369 aufgenommen,
1662 1311 1716 1371 und

111 1313 155 1373 ben
196 1313 259 1373 sind
299 1315 453 1375 niebriger
487 1310 550 1370 ver¬

605 1354 704 1414 hoffe,
730 1355 779 1415 daß
823 1357 897 1417 mein
932 1357 1049 1417 Besuch
1075 1362 1149 1422 noch
1183 1360 1384 1420 günstige
1427 1362 1719 1422 Ergebnisse

108 1359 175 1419 rten
200 1360 304 1420 läßt;
324 1361 398 1421 trotz
417 1363 465 1423 der
491 1359 552 1419 Er=

595 1399 796 1459 bringen
833 1399 939 1459 wird."

121 1404 318 1464 Einführung
355 1405 409 1465 der
439 1402 552 1462 Besol¬

106 1452 178 1512 sern,
207 1452 256 1512 der
291 1453 458 1513 Erhöhung
497 1451 547 1511 der

107 1500 214 1560 Kaffee
239 1497 298 1557 und
322 1500 399 1560 Tee.
419 1498 477 1558 Bei
502 1497 549 1557 der

104 1548 127 1608 te
151 1545 373 1605 Erfolgsziffer
397 1547 432 1607 um
473 1544 548 1604 vier¬

998 1578 1144 1638 Mun
1220 1575 1705 1635 Freiswert

694 1575 801 1635 orn

133 1593 394 1653 zweiunddeißig,
424 1593 471 1653 bei
496 1593 548 1653 der

111 1640 255 1700 illionen.
274 1643 331 1703 Bei
350 1640 400 1700 den
432 1640 532 1700 Zöllen

94 1688 233 1748 Killionen
287 1686 333 1746 als
368 1688 543 1748 Einnahme

98 1733 257 1793 Millionen
288 1733 340 1793 für
364 1733 405 1793 die
429 1736 541 1796 gegen¬

131 1781 447 1841 Verbrauchssteuern
485 1783 541 1843 und

98 1828 294 1888 ermutungen
326 1828 369 1888 des
394 1828 535 1888 Erfolges

112 1876 339 1936 wechmäßiger
375 1875 433 1935 sein
492 1875 544 1935 als

155 1925 189 1985 an
251 1924 296 1984 die
353 1924 535 1984 autonomen

105 1969 178 2029 nach
216 1972 264 2032 der
284 1972 381 2032 Decke
401 1972 541 2032 strecken,

150 2017 369 2077 Steuergelder
396 2015 447 2075 als
500 2017 538 2077 ein

95 2064 132 2124 als
189 2064 428 2124 auszuschöpfen
491 2063 547 2123 ist.

92 2112 173 2172 bezug
205 2112 268 2172 auf
294 2112 343 2172 die
369 2112 538 2172 Gebarung

99 2160 125 2220 ar
152 2160 198 2220 die
225 2157 544 2217 Rüchhaltosigkeit,

92 2208 183 2268 bgang
210 2207 374 2267 zugegeber
401 2208 472 2268 hat,
492 2205 544 2265 der

95 2252 261 2312 andvierzig
293 2252 459 2312 Millionen
510 2252 540 2312 zu

92 2300 238 2360 orderlich
270 2301 349 2361 sein,
387 2299 448 2359 daß
498 2299 546 2359 die

137 2348 390 2408 Unternehmens
435 2348 541 2408 ebenso

96 2393 201 2453 Posten
251 2396 376 2456 unserer
413 2393 544 2453 Bilanz.

91 2440 362 2500 internehmungen
390 2440 531 2500 bedürfen

88 2491 157 2551 Dr.
177 2490 411 2550 Weidenhoffer
443 2490 531 2550 schloß

104 2538 128 2598 in
168 2536 274 2596 unsere
301 2538 541 2598 wirtschaftliche

86 2584 240 2644 schillings
265 2586 308 2646 ist
334 2584 445 2644 nahezu
477 2583 538 2643 ver¬

89 2629 106 2689 n
144 2631 236 2691 haben
281 2633 329 2693 sich
374 2632 546 2692 gesteigert,

101 2676 216 2736 Politik
269 2679 326 2739 der
372 2679 533 2739 strengsten

87 2724 168 2784 jaues
202 2726 256 2786 von
294 2726 370 2786 allem
420 2727 539 2787 Ueber¬

83 2769 160 2829 sichen
197 2772 252 2832 und
276 2773 415 2833 privaten
440 2769 542 2829 Wirt=

91 2820 213 2880 Anstalt
237 2822 318 2882 kann
354 2821 412 2881 nur
441 2821 534 2881 heilen

81 2867 134 2927 sen,
178 2865 225 2925 bei
257 2870 445 2930 Anpassung
482 2867 536 2927 des

89 2912 166 2972 tigen
204 2915 441 2975 Verhätzeisse.
466 2912 539 2972 Wir

86 2960 173 3020 schloß
205 2960 273 3020 Dr.
293 2963 544 3023 Weidenhoffer,

89 3008 138 3068 esen
189 3008 353 3068 imstande
397 3010 453 3070 ist,
498 3009 547 3069 die

112 3052 157 3112 die
181 3055 378 3115 Demagogie
414 3054 535 3114 zurück¬

88 3100 160 3160 nung
190 3101 237 3161 des
274 3103 399 3163 größten
435 3103 536 3163 Teiles

84 3148 108 3208 ir
133 3148 233 3208 hätten
270 3148 457 3208 gewünscht,
483 3151 538 3211 daß

86 3193 108 3253 as
143 3196 256 3256 Thema
291 3196 541 3256 Verwaltungs=

82 3244 200 3304 handelt
224 3244 324 3304 hätte,
343 3244 401 3304 wir
425 3244 525 3304 hätten

82 3291 99 3351 r
129 3290 175 3350 den
210 3288 320 3348 Schutz
356 3288 408 3348 des
449 3290 535 3350 Kon=

80 3336 246 3396 bürgenden
277 3334 425 3394 Abgaben
473 3336 532 3396 und

122 3384 283 3444 breitesten
334 3382 438 3442 Sinne
483 3384 538 3444 des

83 3429 220 3489 jedigung
247 3426 412 3486 Ausbruch
432 3432 543 3492 geben,

83 3479 107 3539 en
138 3479 181 3539 ein
213 3479 349 3539 Regime
387 3479 436 3539 der
474 3477 522 3537 El

90 3527 216 3587 zeitigt.
237 3527 336 3587 Spät,
364 3529 537 3589 hoffentlich

594 3545 801 3605 Hochapartes
867 3544 1110 3604 Nachmittags¬

1192 3545 1249 3605 Der
1270 3547 1374 3607 fesche
1395 3546 1556 3606 neuartige
1578 3545 1718 3605 Russen¬

635 3584 787 3644 Complet
811 3584 863 3644 aus
887 3584 1048 3644 schworom

1194 3596 1308 3656 mantel
1330 3595 1382 3655 aus
1409 3593 1507 3653 feinem
1545 3593 1717 3653 Shetland-

585 3623 626 3683 K.
657 3621 942 3681 Seiden-Mongol
969 3622 999 3682 in
1046 3625 1103 3685 den

1196 3642 1293 3702 Tuch,
1317 3644 1398 3704 gans
1422 3644 1589 3704 gofüttert,
1607 3642 1721 3702 Schaf-

587 3662 755 3722 modernen
779 3660 889 3720 Farben
910 3659 1001 3719 grün,
1016 3662 1106 3722 braun

89 3679 166 3739 ine
211 3680 443 3740 Pariser

1196 3689 1267 3749 woll
1306 3689 1493 3749 watteliert,
1544 3691 1715 3751 Persianer

585 3698 641 3758 und
670 3697 830 3757 schwarz,
855 3697 930 3757 sehr
954 3698 1095 3758 kleidsam

586 3736 645 3796 und
673 3736 795 3796 schick,
814 3736 987 3796 besonders
1010 3736 1115 3796 preia¬

1315 3739 1406 3799 Imit.,
1424 3737 1591 3797 verbrämt

67 3757 237 3817 nigen.

592 3777 683 3837 wert,
691 3775 709 3835 in
734 3775 808 3835 allen
834 3775 951 3835 Größen
970 3775 1111 3835 lagernd,

79 3817 342 3877 respondenten.

138 3870 282 3930 Paris,
303 3871 348 3931 21.
369 3870 507 3930 Oktober.

753 3874 896 3934 355.

1329 3878 1351 3938 s
1375 3876 1547 3936 110.-

74 3924 291 3984 nanzminister
319 3926 394 3986 Dr.
415 3925 543 3985 Juch,

84 3969 107 4029 in
138 3969 283 4029 Paris
314 3972 399 4032 heute
424 3969 532 4029 wieder

74 4011 97 4071 de
122 4014 309 4074 Erklärung
334 4017 538 4077 abgegeben:

1231 4026 1320 4086 IOS
1371 4026 1679 4086 KKOPMIA

614 4028 1062 4088 Modenpalais
1088 4029 1149 4089 10

131 4062 186 4122 hat
230 4062 292 4122 mir
331 4062 542 4122 Gelegenheit

1273 4094 1365 4154 ASSE
1402 4091 1473 4151 115.

1901 709 1964 769 22.
1988 709 2127 769 Oktober
2158 709 2250 769 1931

2582 713 2655 773 Nr.
2674 712 2791 772 24104

1821 900 2469 960 Oesterreichische
2530 903 2830 963 Dichter

1822 1010 2001 1070 über
2062 1016 2353 1076 Arthur
2402 1019 2847 1079 Schnitzler.

1809 1154 2056 1214 Abschied
2122 1151 2219 1211 von
2275 1151 2500 1211 Arthur
2546 1154 2868 1214 Schnitzler.

2104 1239 2163 1299 Von
2188 1239 2309 1299 Anton
2346 1240 2569 1300 Wildgans.

1877 1336 1995 1396 Arthur
2024 1337 2185 1397 Schnitzler
2214 1336 2396 1396 gestorben!
2418 1336 2459 1396 Es
2496 1336 2551 1396 soll
2573 1336 2635 1396 kein
2664 1339 2798 1399 Nachruf
2819 1342 2903 1402 sein,

1785 1391 1833 1451 den
1865 1393 1901 1453 ich
1939 1394 1962 1454 in
1994 1396 2042 1456 der
2074 1396 2159 1456 ersten
2191 1393 2429 1453 Erschütterung
2461 1392 2534 1452 über
2559 1392 2651 1452 dieses
2682 1393 2890 1453 unerbittliche

1780 1438 1941 1498 Geschehen
1978 1440 2225 1500 niederschreibe.
2250 1441 2333 1501 Denn
2370 1440 2430 1500 wem
2479 1440 2545 1500 läge
2576 1440 2599 1500 in
2636 1440 2743 1500 solcher
2774 1440 2894 1500 Stunde

1784 1494 1860 1554 nicht
1896 1495 2072 1555 Schweigen
2114 1498 2208 1558 näher
2244 1498 2290 1558 als
2326 1497 2455 1557 Reden,
2497 1496 2556 1556 und
2592 1495 2680 1555 wäre
2710 1496 2797 1556 darin
2839 1496 2891 1556 alle

1790 1551 1951 1611 Schönheit
1986 1553 2047 1613 und
2082 1555 2223 1615 Weihe?
2258 1556 2325 1616 Nur
2360 1554 2453 1614 dieses
2489 1552 2569 1612 Eine
2604 1553 2644 1613 sei
2678 1554 2705 1614 in
2747 1556 2793 1616 die
2814 1557 2895 1617 Tage

1783 1607 1905 1667 unserer
1930 1608 2040 1668 großen
2078 1610 2194 1670 Trauer
2219 1613 2354 1673 gesagt:
2379 1610 2433 1670 Als
2465 1610 2519 1670 wir
2545 1610 2618 1670 jung
2649 1610 2747 1670 waren
2778 1610 2839 1670 und
2864 1610 2894 1670 er

1780 1667 1844 1727 nur
1864 1667 1903 1727 um
1949 1667 1987 1727 ein
2021 1665 2163 1725 Weniges
2190 1669 2267 1729 älter
2294 1668 2365 1728 denn
2399 1667 2470 1727 wir,
2490 1667 2522 1727 da
2555 1667 2606 1727 hat
2633 1667 2691 1727 uns
2725 1666 2776 1726 sein
2809 1666 2893 1726 über¬

1779 1721 1897 1781 legenes
1927 1721 2039 1781 Wissen
2070 1723 2104 1783 um
2147 1724 2193 1784 die
2218 1724 2335 1784 tieferen
2366 1724 2472 1784 Dinge
2496 1722 2549 1782 des
2579 1721 2691 1781 Lebens
2727 1724 2768 1784 die
2792 1724 2892 1784 eigene

1775 1779 1947 1839 Sehnsucht
1978 1778 2119 1838 gedeutet
2156 1779 2209 1839 und
2251 1778 2304 1838 hat
2334 1780 2394 1840 uns
2430 1781 2471 1841 die
2507 1779 2691 1839 wehmütige
2728 1780 2899 1840 Schönheit

1778 1834 1930 1894 entdeckt,
1964 1834 2015 1894 von
2061 1832 2111 1892 der
2134 1834 2190 1894 wir
2225 1834 2270 1894 als
2299 1834 2417 1894 Kinder
2451 1834 2570 1894 unserer
2599 1833 2700 1893 Stadt
2735 1834 2898 1894 umbreitet

1791 1888 1863 1948 sind.
1895 1889 1955 1949 All
1987 1891 2078 1951 unser
2116 1889 2299 1949 Ungelebtes
2336 1889 2391 1949 und
2434 1891 2624 1951 Unerfülltes
2667 1888 2728 1948 war
2772 1891 2893 1951 damals

1788 1947 1885 2007 gelebt
1907 1948 1962 2008 und
1991 1947 2095 2007 erfüllt
2117 1946 2137 2006 in
2167 1948 2215 2008 den
2244 1948 2397 2008 Büchern,
2419 1948 2460 2008 die
2482 1948 2509 2008 er
2531 1947 2735 2007 geschrieben,
2756 1947 2812 2007 und
2841 1943 2896 2003 wir

1785 2002 1872 2062 lebten
1904 2003 1934 2063 es
1967 2004 2054 2064 ihnen
2086 2004 2173 2064 nach.
2192 2002 2236 2062 So
2268 2004 2361 2064 waren
2399 2002 2424 2062 es
2456 2003 2537 2063 mehr
2563 2002 2612 2062 als
2638 2002 2775 2062 Bücher,
2795 2002 2838 2062 die
2863 2002 2894 2062 er

1779 2058 1836 2118 uns
1862 2059 1938 2119 gab,
1958 2061 1989 2121 es
2016 2061 2150 2121 waren:
2170 2061 2297 2121 Augen,
2317 2061 2367 2121 mit
2394 2060 2476 2120 denen
2509 2058 2534 2118 er
2561 2059 2617 2119 uns
2644 2058 2745 2118 sehen,
2765 2059 2899 2119 Herzen,

1779 2113 1838 2173 mit
1857 2115 1946 2175 denen
1977 2112 2007 2172 er
2031 2112 2085 2172 uns
2116 2115 2235 2175 fühlen,
2254 2115 2308 2175 und
2332 2115 2446 2175 Kräfte
2471 2114 2518 2174 der
2543 2113 2645 2173 Seele,
2664 2114 2723 2174 mit
2742 2114 2831 2174 denen
2862 2113 2892 2173 er

1786 2170 1842 2230 uns
1868 2169 2012 2229 verstehen
2044 2172 2157 2232 lehrte.
2176 2172 2283 2232 Darum
2321 2171 2358 2231 ist
2378 2169 2408 2229 es
2441 2172 2503 2232 auch
2535 2171 2578 2231 so,
2599 2169 2648 2229 daß
2680 2170 2755 2230 wir,
2775 2170 2818 2230 die
2844 2169 2899 2229 mit

1781 2225 1828 2285 ihm
1870 2227 1940 2287 jung
1970 2226 2093 2286 waren,
2123 2228 2169 2288 ihn
2199 2227 2252 2287 und
2282 2227 2334 2287 sein
2364 2227 2452 2287 Werk
2494 2225 2628 2285 niemals
2670 2225 2693 2285 in
2723 2224 2781 2284 uns
2806 2222 2899 2282 über¬

1784 2285 1910 2345 wunden
1939 2284 2054 2344 haben,
2072 2284 2124 2344 wie
2147 2284 2210 2344 man
2239 2282 2319 2342 sonst
2337 2282 2458 2342 Dichter
2482 2281 2539 2341 und
2563 2280 2684 2340 Bücher
2702 2281 2897 2341 irgendeiner

1783 2342 1934 2402 Richtung
1962 2342 2021 2402 und
2055 2344 2120 2404 Zeit
2141 2344 2167 2404 in
2194 2342 2240 2402 sich
2268 2339 2480 2399 überwindet.
2494 2340 2559 2400 Und
2586 2339 2678 2399 darum
2720 2339 2812 2399 haben
2839 2339 2898 2399 wir

1783 2396 1827 2456 ihn
1861 2399 1925 2459 auch
1952 2399 2016 2459 jetzt
2036 2399 2114 2459 nicht
2134 2398 2283 2458 verloren,
2303 2397 2335 2457 da
2362 2396 2387 2456 er
2414 2397 2563 2457 gestorben
2590 2396 2641 2456 ist.
2661 2396 2726 2456 Nur
2752 2397 2804 2457 daß
2831 2396 2888 2456 uns

1782 2452 1824 2512 ein
1856 2455 1953 2515 Mund
1978 2455 2163 2515 verstummt
2182 2453 2231 2513 ist,
2250 2452 2299 2512 der
2324 2452 2348 2512 so
2373 2452 2434 2512 viel
2460 2452 2509 2512 des
2534 2452 2644 2512 ernsten
2675 2452 2737 2512 und
2768 2452 2890 2512 heiteren

1778 2510 1895 2570 Geistes
1920 2512 1949 2572 zu
1979 2510 2168 2570 verschenken
2192 2510 2328 2570 wußte;
2346 2511 2405 2571 nur
2430 2511 2482 2571 daß
2512 2509 2565 2569 uns
2590 2509 2636 2569 ein
2660 2509 2890 2569 leidgefurchtes

1781 2569 1895 2629 Antlitz
1929 2568 2010 2628 nicht
2038 2568 2125 2628 mehr
2160 2569 2301 2629 begegnen
2329 2566 2423 2626 wird,
2451 2565 2478 2625 in
2519 2565 2572 2625 das
2600 2564 2627 2624 so
2648 2565 2708 2625 viel
2729 2566 2823 2626 Stolz
2844 2564 2891 2624 der

1783 2627 2027 2687 Ueberwindung
2061 2626 2233 2686 geschrieben
2260 2625 2345 2685 war,
2366 2625 2418 2685 nur
2445 2623 2491 2683 daß
2525 2623 2577 2683 wir
2605 2622 2677 2682 alle,
2697 2622 2769 2682 diese
2797 2623 2895 2683 Stadt

1780 2682 1838 2742 und
1878 2681 1968 2741 dieses
2008 2682 2111 2742 Land,
2138 2682 2243 2742 ärmer
2269 2682 2425 2742 geworden
2465 2680 2523 2740 sind
2576 2680 2608 2740 um
2661 2679 2745 2739 einen
2772 2679 2882 2739 großen

1776 2739 1941 2799 Künstler,
1968 2739 2007 2799 um
2061 2738 2140 2798 einen
2174 2738 2293 2798 wahren
2320 2736 2432 2796 Weisen
2479 2737 2532 2797 und
2566 2736 2684 2796 gütigen
2712 2736 2890 2796 Menschen.

1844 2935 1943 2995 Der
1994 2929 2105 2989 Tod
2169 2930 2317 2990 eines
2370 2927 2829 2987 Unsterblichen.

2131 3017 2188 3077 Von
2218 3017 2340 3077 Franz
2369 3019 2537 3079 Werfel.

1863 3115 1945 3175 Eine
1991 3115 2080 3175 eisige
2126 3116 2215 3176 Hand
2267 3114 2318 3174 hat
2363 3113 2426 3173 uns
2472 3112 2536 3172 alle
2582 3112 2722 3172 berührt.
2768 3112 2889 3172 Arthur

1774 3172 1956 3232 Schnitzler,
1977 3173 2024 3233 der
2052 3172 2180 3232 geliebte
2201 3169 2343 3229 Dichter,
2364 3171 2411 3231 der
2432 3168 2573 3228 herrliche
2595 3169 2736 3229 Mensch,
2751 3171 2790 3231 ist
2812 3169 2892 3229 nicht

1774 3230 1873 3290 mehr.
1900 3229 1966 3289 Vor
2000 3229 2053 3289 dem
2101 3228 2180 3288 Tore
2207 3226 2307 3286 dieses
2341 3227 2620 3287 unheildrohenden
2661 3225 2801 3285 Winters
2835 3224 2894 3284 hat

1773 3285 1803 3345 er
1847 3286 2073 3346 haltgemacht.
2111 3285 2153 3345 In
2190 3285 2245 3345 der
2283 3282 2405 3342 Stunde
2436 3281 2662 3341 fassungslosen
2706 3281 2884 3341 Schmerzes

1770 3340 1853 3400 kann
1890 3342 1967 3402 seine
1998 3342 2137 3402 Gestalt,
2162 3340 2215 3400 sein
2252 3342 2366 3402 Werk,
2391 3342 2469 3402 seine
2500 3339 2656 3399 Wirkung
2693 3339 2771 3399 nicht
2801 3337 2891 3397 über¬

1770 3398 1863 3458 blickt
1895 3400 2033 3460 werden.
2058 3398 2101 3458 Es
2140 3399 2208 3459 geht
2240 3398 2296 3458 mit
2328 3397 2371 3457 ihm
2422 3399 2466 3459 ein
2504 3396 2616 3456 großer
2648 3396 2810 3456 Künstler,
2836 3395 2879 3455 ein

1770 3457 1872 3517 reiner
1905 3456 2007 3516 Geist,
2033 3456 2103 3516 eine
2135 3456 2257 3516 sittliche
2290 3455 2392 3515 Kraft
2425 3454 2513 3514 hoher
2547 3452 2815 3512 Verantwortung
2855 3451 2879 3511 in

1772 3512 1817 3572 die
1841 3512 2084 3572 Weltgeschichte
2108 3511 2171 3571 ein.
2195 3509 2333 3569 Zugleich
2363 3509 2432 3569 aber
2456 3506 2669 3566 verschwindet
2693 3506 2751 3566 mit
2781 3506 2872 3566 seinem

1772 3568 1887 3628 schönen
1928 3566 1986 3626 und
2027 3566 2118 3626 lieben
2160 3566 2281 3626 Antlitz
2310 3563 2362 3623 der
2392 3563 2478 3623 letzte
2507 3562 2617 3622 Schein
2658 3563 2785 3623 unserer
2821 3558 2889 3618 ver¬

1771 3625 1887 3685 lorenen
1921 3623 2063 3683 Heimat,
2090 3623 2135 3683 der
2162 3623 2311 3683 Abglanz
2332 3622 2383 3682 des
2417 3619 2488 3679 alten
2521 3617 2709 3677 Oesterreich
2736 3620 2762 3680 in
2795 3617 2879 3677 tiefer

1767 3681 1884 3741 Nacht.
1919 3679 1981 3739 Ein
2017 3679 2105 3739 Reich
2142 3679 2196 3739 der
2224 3679 2348 3739 Freude
2391 3676 2452 3736 und
2487 3676 2535 3736 der
2571 3676 2791 3736 Traurigkeit,
2834 3673 2881 3733 des

1767 3738 1922 3798 Genusses
1956 3735 2008 3795 und
2048 3735 2093 3795 der
2126 3735 2256 3795 Schuld,
2283 3735 2328 3795 ein
2361 3734 2453 3794 Reich
2486 3733 2531 3793 der
2564 3733 2793 3793 Verfeinerung
2826 3729 2877 3789 und

1773 3796 1821 3856 des
1853 3793 1993 3853 Wissens
2031 3795 2061 3855 um
2111 3793 2166 3853 das
2203 3792 2307 3852 Ende.
2333 3789 2412 3849 Eine
2444 3789 2578 3849 wirklich
2615 3789 2769 3849 herznahe
2800 3785 2886 3845 Welt

1770 3850 1830 3910 voll
1868 3850 2107 3910 Landschaften,
2132 3850 2297 3910 Klängen,
2329 3847 2476 3907 Werten,
2507 3845 2678 3905 Gesichten,
2710 3846 2777 3906 hold
2820 3843 2875 3903 und

1770 3906 2058 3966 unwiederholbar,
2084 3906 2164 3966 folgt
2190 3902 2271 3962 ihrem
2322 3900 2466 3960 Meister.
2492 3900 2548 3960 Ein
2586 3900 2692 3960 großes
2730 3901 2880 3961 Zeitalter

1767 3960 1860 4020 dieser
1892 3962 1992 4022 Stadt
2018 3963 2105 4023 sinkt
2131 3963 2186 4023 mit
2212 3960 2331 4020 Arthur
2363 3959 2526 4019 Schnitzler
2558 3956 2607 4016 ins
2639 3955 2745 4015 Grab,
2771 3956 2802 4016 um
2846 3954 2877 4014 in

1773 4017 1860 4077 seinem
1911 4017 2123 4077 unsterblichen
2162 4017 2274 4077 Werke
2299 4017 2399 4077 weiter
2431 4017 2461 4077 zu
2493 4014 2593 4074 leben.
2619 4011 2687 4071 Wir
2719 4012 2787 4072 aber
2813 4010 2875 4070 sind

1768 4072 1929 4132 verwaist.

2977 52 3112 112 a
