3248 4384
361 315 934 375 Schnitzler's
1003 321 1235 381 Death

1448 321 1581 381 box
1657 327 1845 387 43/8

192 903 651 963 SERVER

189 955 336 1015 behördl.
350 957 652 1017 konzessioniertes

176 996 207 1056 en
238 996 282 1056 für
309 996 700 1056 Zeitungs-Ausschnitte

193 1059 241 1119 I.,
269 1058 558 1118 WOLLZEILE
607 1059 647 1119 11

175 1109 340 1169 LEPHON
373 1109 549 1169 R-23-0-43

170 1250 253 1310 pus:

166 1623 241 1683 itt
280 1623 348 1683 aus

183 1736 333 1796 A

174 1913 299 1973 vom.

895 2002 1093 2062 entsprechend
1139 2005 1194 2065 nur
1235 2005 1280 2065 als
1321 2011 1639 2071 Durchgangsstadium
1717 2018 1925 2078 betrachteten,

162 2020 236 2080 hur
262 2023 485 2083 Schnitzler
511 2026 535 2086 +

890 2039 965 2099 blieb
998 2041 1156 2101 Schnitzler
1180 2044 1287 2104 ganz
1311 2047 1455 2107 darin,
1474 2053 1680 2113 durchtränkte
1708 2054 1764 2114 mit
1792 2056 1834 2116 ihr
1862 2058 1913 2118 sein

893 2077 1003 2137 eigenes
1035 2080 1132 2140 Wesen
1168 2082 1225 2142 und
1252 2083 1384 2143 dämpfte
1412 2086 1464 2146 das
1496 2092 1668 2152 machtvolle
1695 2094 1805 2154 Barock
1832 2095 1920 2155 seines

177 2083 345 2143 Alerxander
365 2089 551 2149 Baldus.

891 2116 1091 2176 heimatlichen
1124 2118 1254 2178 Milicus
1292 2122 1315 2182 zu
1353 2125 1399 2185 dem
1446 2128 1590 2188 graziösen
1628 2131 1721 2191 Spiel
1750 2136 1917 2196 französisch

156 2138 233 2198 licht,
259 2141 310 2201 daß
347 2143 393 2203 der
429 2146 568 2206 bekannte
600 2149 816 2209 österreichische

893 2154 1073 2214 kultivierten
1100 2157 1246 2217 Rokokos.
1268 2159 1334 2219 Von
1356 2161 1404 2221 den
1431 2164 1532 2224 srühen
1559 2166 1674 2226 Szenen
1701 2169 1744 2229 des
1767 2172 1912 2232 „Anatol“

159 2176 250 2236 nitzler
284 2178 312 2238 in
351 2178 437 2238 Wien
476 2184 557 2244 einem
606 2189 811 2249 Gehirnschlag

897 2190 1014 2250 (1893),
1037 2196 1123 2256 denen
1155 2196 1200 2256 der
1228 2198 1318 2258 junge
1345 2203 1589 2263 Hofmannsthal
1617 2208 1680 2268 noch
1712 2208 1757 2268 den
1794 2210 1915 2270 bekann¬

155 2217 182 2277 sie
223 2219 459 2279 Oeffentlichkeit
496 2225 696 2285 unerwartet,
728 2227 809 2287 wenn

890 2229 934 2289 ten
971 2232 1025 2292 und
1058 2233 1098 2293 oft
1126 2235 1253 2295 zitierten
1285 2239 1449 2299 Vorspruch
1482 2244 1617 2304 schenkte,
1641 2244 1686 2304 bis
1718 2244 1745 2304 zu
1777 2246 1827 2306 der
1855 2247 1922 2307 dra¬

159 2256 345 2316 vorbereitet.
387 2259 496 2319 Wußte
533 2265 596 2325 man
638 2265 696 2325 doch
739 2268 811 2328 schon

893 2271 1041 2331 matischen
1074 2274 1292 2334 Spätdichtung
1325 2280 1404 2340 „Der
1432 2280 1520 2340 Gang
1549 2283 1604 2343 zum
1646 2283 1776 2343 Weiher“
1814 2287 1920 2347 (1925)

159 2293 211 2353 daß
256 2295 366 2355 infolge
405 2300 505 2360 harter
545 2304 814 2364 Schicksalsschläge

890 2304 922 2364 ist
946 2310 992 2370 der
1020 2311 1085 2371 Weg
1109 2314 1160 2374 gar
1189 2313 1254 2373 lang
1282 2316 1338 2376 und
1367 2316 1431 2376 reich
1460 2320 1553 2380 besät,
1572 2322 1642 2382 aber
1666 2322 1740 2382 nicht
1764 2325 1913 2385 sonderlich

154 2334 159 2394 n
198 2337 454 2397 Familienkreises
489 2338 533 2398 die
562 2342 746 2402 Gesundheit
771 2343 819 2403 des

890 2349 1095 2409 vielgestaltig,
1128 2352 1305 2412 durchquert
1334 2355 1366 2415 er
1399 2355 1454 2415 mit
1487 2357 1538 2417 den
1576 2361 1701 2421 Mitteln
1744 2364 1916 2424 Freudscher

151 2372 189 2432 gen
223 2372 300 2432 stark
324 2376 493 2436 erschüttert
517 2378 599 2438 war,
618 2381 666 2441 daß
700 2381 743 2441 sich
773 2381 820 2441 der

893 2387 1123 2447 Psychoanalyse
1150 2389 1193 2449 die
1221 2393 1388 2453 gewaltigen
1425 2396 1641 2456 Spannungen
1677 2398 1729 2458 von
1766 2399 1822 2459 Tod
1858 2401 1915 2461 und

156 2411 194 2471 et,
223 2411 271 2471 der
305 2412 415 2472 friich
453 2417 645 2477 Jahrzehnte
679 2420 812 2480 hindurch

884 2421 957 2481 Eros
994 2424 1048 2484 und
1076 2427 1163 2487 führt
1186 2429 1328 2489 dennoch,
1347 2432 1378 2492 da
1411 2432 1438 2492 er
1466 2435 1589 2495 bewußt
1613 2438 1745 2498 jeglicher
1773 2439 1919 2499 Entschei¬

148 2447 185 2507 hr
218 2450 372 2510 ausgeübt
410 2453 508 2513 hatte,
537 2456 630 2516 weder
668 2459 818 2519 körperlich

884 2462 961 2522 dung
1002 2465 1174 2525 ausweicht,
1202 2468 1329 2528 niemals
1366 2471 1392 2531 zu
1434 2473 1588 2533 wirklicher
1625 2478 1752 2538 Tragik.
1789 2480 1911 2540 Immer

146 2486 253 2546 rholen
287 2489 408 2549 tonnte.
442 2492 521 2552 Aber
550 2495 587 2555 an
621 2495 704 2555 diesen
738 2497 822 2557 plötz¬

889 2501 990 2561 wieder
1021 2504 1092 2564 wird
1128 2504 1158 2564 da
1194 2506 1286 2566 Ernst
1313 2510 1366 2570 zum
1411 2513 1521 2573 Spiel;
1552 2513 1604 2573 und
1641 2515 1693 2575 das
1729 2516 1830 2576 Motto
1866 2517 1914 2577 des

151 2525 296 2585 ziergang
328 2529 405 2589 hatte
428 2531 510 2591 wohl
533 2534 669 2594 niemand
692 2537 823 2597 gedacht.

888 2541 1107 2601 „Paracelsus"
1145 2542 1247 2602 (1893)
1271 2546 1340 2606 wird
1369 2549 1419 2609 zum
1462 2552 1564 2612 Molto
1592 2552 1638 2612 des
1667 2555 1811 2615 gesamten
1844 2555 1913 2615 dich¬

180 2564 242 2624 sei:
266 2567 435 2627 Dichterisch
469 2570 580 2630 gesehen
615 2573 672 2633 war
701 2576 817 2636 Arthur

885 2579 1016 2639 terischen
1053 2582 1234 2642 Schaffens:
1266 2585 1351 2645 „Wir
1379 2588 1484 2648 spielen
1520 2590 1647 2650 immer;
1675 2592 1733 2652 wer
1765 2590 1792 2650 es
1829 2596 1919 2656 weiß,

143 2602 169 2662 je
196 2602 235 2662 ein
267 2605 377 2665 Toter,
400 2608 519 2668 trotzdem
564 2609 590 2669 er
622 2611 723 2671 immer
755 2613 816 2673 noch

885 2617 921 2677 ist
950 2620 1052 2680 klug“.
1085 2620 1182 2680 Dieses
1215 2623 1317 2683 Spiel,
1341 2624 1391 2684 das
1425 2627 1578 2687 gestaltlich
1611 2630 1768 2690 besonders
1797 2630 1824 2690 in
1857 2632 1903 2692 den

145 2642 294 2702 ufgeführt
331 2644 390 2704 und
431 2647 554 2707 gefeiert
591 2650 708 2710 wurde;
741 2650 813 2710 denn

885 2658 984 2718 beiden
1021 2660 1328 2720 Monolog=Novellen
1369 2666 1540 2726 „Leutnant
1568 2668 1676 2728 Gustl“
1713 2668 1821 2728 (1901)
1853 2671 1907 2731 und

150 2680 227 2740 poche
269 2680 323 2740 an,
355 2681 401 2741 die
437 2685 497 2745 mit
533 2686 583 2746 der
620 2689 729 2749 Wende
766 2692 811 2752 des

891 2698 1053 2758 „Fräulein
1093 2697 1171 2757 Else“
1215 2698 1323 2758 (1924)
1353 2701 1412 2761 eine
1447 2704 1584 2764 geradezu
1629 2707 1796 2767 genialische
1831 2709 1914 2769 Stil¬

142 2716 202 2776 eren
236 2720 390 2780 aufhörte,
414 2724 535 2784 nachdem
582 2727 615 2787 sie
643 2728 718 2788 dank
746 2730 811 2790 sub¬

885 2734 1091 2794 beherrschung
1131 2739 1246 2799 verrät,
1282 2740 1343 2800 muß
1387 2741 1506 2801 dennoch
1551 2745 1661 2805 infolge
1697 2746 1745 2806 des
1789 2747 1903 2807 inneren

151 2758 187 2818 sich
219 2758 319 2818 vorher
347 2761 424 2821 schon
457 2764 534 2824 mehr
566 2765 616 2825 und
649 2769 726 2829 mehr
754 2767 812 2827 zer¬

884 2774 1103 2834 Widerspruchs
1141 2776 1192 2836 von
1234 2779 1322 2839 Stoff
1351 2779 1406 2839 und
1444 2782 1621 2842 Gestaltung
1659 2785 1808 2845 gehaltlich
1850 2786 1915 2846 ent¬

170 2795 217 2855 die
247 2798 319 2858 Zeit
348 2800 390 2860 des
430 2805 742 2865 Impressionismus,
767 2806 814 2866 des

884 2811 1034 2871 täuschen,
1052 2813 1111 2873 eine
1138 2816 1347 2876 Erscheinung,
1366 2817 1411 2877 die
1429 2818 1570 2878 übrigens
1597 2820 1620 2880 in
1652 2823 1724 2883 jedem
1765 2824 1811 2884 der
1834 2825 1910 2885 zahl¬

180 2832 226 2892 wie
264 2838 315 2898 sie,
348 2841 576 2901 materialistisch
619 2844 674 2904 und
712 2843 810 2903 ratio¬

880 2850 990 2910 reichen
1031 2853 1252 2913 novellistischen
1292 2854 1350 2914 und
1385 2859 1593 2919 dramalischen
1634 2862 1770 2922 Arbeiten
1811 2862 1912 2922 wider¬

182 2874 437 2934 Sinnentindruck
469 2878 514 2938 die
547 2880 624 2940 letzte
656 2883 815 2943 Wahrheit

885 2889 959 2949 kehrt
997 2889 1053 2949 und
1086 2890 1132 2950 die
1165 2892 1412 2952 Bewunderung,
1445 2895 1510 2955 aber
1547 2898 1621 2958 nicht
1654 2898 1756 2958 Liebe,
1785 2901 1915 2961 auslöst.

152 2912 197 2972 die
229 2913 297 2973 Zeit
325 2913 370 2973 der
407 2919 602 2979 wandernden
644 2919 698 2979 und
730 2922 816 2982 wan¬

882 2928 937 2988 Die
970 2927 1086 2987 Skepsis
1119 2930 1267 2990 erotischer
1296 2934 1337 2994 An
1361 2935 1515 2995 pielungen
1552 2936 1608 2996 und
1641 2938 1910 2998 Abspiegelungen,

182 2952 231 3012 bei
250 2952 336 3012 denen
368 2955 418 3015 der
446 2955 568 3015 Wechsel
596 2958 637 3018 als
669 2959 719 3019 das
751 2958 810 3018 ein¬

882 2964 922 3024 die
954 2965 999 3025 sich
1036 2967 1063 3027 in
1095 2968 1181 3028 schier
1213 2970 1467 3030 unerschöpflichen
1504 2975 1703 3035 Variationen
1740 2979 1908 3039 abwandelt

164 2991 312 3051 Wunder,
332 2994 386 3054 daß
416 2994 466 3054 der
491 2997 609 3057 Mensch
634 2997 722 3057 dieser
753 3000 817 3060 Zeit

881 3001 939 3061 und
976 3005 1048 3065 alles
1084 3006 1225 3066 Absolute
1257 3009 1379 3069 auflöst,
1403 3012 1447 3072 die
1480 3012 1506 3072 in
1543 3014 1601 3074 und
1638 3015 1711 3075 über
1743 3015 1787 3075 der
1824 3017 1905 3077 Liebe

139 3027 181 3087 ihn
219 3029 458 3089 einstürmenden
496 3032 608 3092 Lebens
642 3035 693 3095 wie
727 3037 805 3097 einen

880 3041 922 3101 die
952 3044 1114 3104 „Liebelei“
1148 3044 1253 3104 (1895)
1277 3047 1339 3107 als,
1354 3050 1593 3110 lebengestaltend
1627 3053 1742 3113 ansieht
1766 3055 1823 3115 und
1852 3055 1899 3115 den

171 3067 321 3127 berauscht
363 3068 413 3128 von
464 3070 513 3130 der
555 3074 806 3134 melancholischen

881 3081 1030 3141 „Reigen“
1073 3081 1161 3141 (1896
1199 3086 1389 3146 geschrieben,
1418 3089 1515 3149 später
1549 3091 1595 3151 als
1633 3092 1828 3152 Manuskript
1861 3092 1907 3152 ge¬

167 3104 302 3164 Gleitens
344 3108 403 3168 und
444 3111 654 3171 Entgleitens,
686 3113 740 3173 daß
781 3116 808 3176 er

877 3118 971 3178 druckt
1004 3119 1057 3179 und
1094 3121 1184 3181 wider
1217 3124 1266 3184 den
1303 3126 1407 3186 Willen
1448 3128 1493 3188 des
1534 3128 1665 3188 Dichters
1702 3130 1779 3190 1920
1820 3133 1901 3193 unter

135 3143 228 3203 uinilen
264 3144 360 3204 Saale
392 3146 466 3206 eines
502 3149 701 3209 Weltenkinos
732 3155 807 3215 sitzen

882 3158 1058 3218 skandalösen
1090 3161 1262 3221 Umständen
1295 3164 1344 3224 zur
1372 3167 1562 3227 Aufführung
1595 3170 1758 3230 gebracht!)
1781 3170 1803 3230 in
1835 3173 1898 3233 zehn

134 3184 253 3244 agischen
292 3187 460 3247 Filmstreif
484 3188 532 3248 der
561 3191 714 3251 Menschen
753 3193 805 3253 und

879 3197 978 3257 Sznen
1011 3197 1060 3257 von
1093 3199 1142 3259 der
1170 3200 1265 3260 Dirne
1292 3203 1342 3263 zur
1374 3204 1469 3264 Dirne
1497 3207 1633 3267 schlingt,
1651 3207 1696 3267 die
1724 3211 1837 3271 einmal
1860 3210 1905 3270 so¬

143 3223 187 3283 me
215 3222 251 3282 an
283 3224 333 3284 sich
360 3226 597 3286 vorübergleiten
629 3231 701 3291 ließ.
734 3233 806 3293 Was

877 3236 944 3296 gar,
964 3236 992 3296 im
1031 3236 1174 3296 „Grünen
1204 3242 1338 3302 Kakadu"
1372 3243 1492 3303 (1893),
1511 3245 1559 3305 den
1594 3248 1679 3308 tollen
1709 3248 1823 3308 Wirbel
1848 3248 1900 3308 von

144 3259 191 3319 daß
226 3259 264 3319 ein
298 3262 356 3322 nur
385 3265 467 3325 leicht
496 3268 703 3328 verschleierter
723 3271 814 3331 Pessi¬

879 3271 966 3331 Spiel
998 3274 1050 3334 und
1086 3277 1275 3337 Wirklichkeit
1302 3278 1345 3338 in=
1377 3280 1434 3340 und
1465 3283 1699 3343 gegeneinander
1730 3286 1818 3346 stellt,
1845 3288 1897 3348 und

143 3298 162 3358 ie
193 3300 366 3360 Nichtigkeit
396 3304 475 3364 jedes
510 3306 693 3366 Erlebnisses
728 3310 816 3370 weiß,

875 3313 983 3373 endlich
1016 3315 1133 3375 „Traum
1175 3316 1229 3376 und
1257 3318 1411 3378 Schicksal“
1443 3320 1552 3380 (1931,
1571 3324 1630 3384 eine
1658 3325 1757 3385 billige
1776 3326 1907 3386 Sonder¬

129 3334 149 3394 se
174 3339 356 3399 Einsamteit
381 3342 430 3402 des
460 3345 534 3405 Ich,
554 3345 608 3405 das
638 3346 701 3406 halb
732 3348 805 3408 skep¬

873 3352 1009 3412 ausgabe
1041 3354 1091 3414 der
1123 3356 1413 3416 charatteristischsten
1450 3360 1631 3420 Novellen!)
1659 3364 1759 3424 seltsam
1805 3366 1899 3426 genug

139 3377 205 3437 ische
234 3379 376 3439 Resultat
405 3381 508 3441 solcher
538 3387 807 3447 Weltanschauung

872 3389 1044 3449 verknüpft,
1076 3393 1108 3453 ist
1145 3394 1244 3454 müde,
1277 3395 1335 3455 doch
1376 3397 1458 3457 nicht
1490 3402 1690 3462 beruhigend,
1722 3403 1908 3463 sinnenhaft,

159 3415 289 3475 jegliches
327 3421 514 3481 idealistische
547 3423 659 3483 Ethos,
687 3426 738 3486 wie
776 3425 803 3485 es

877 3427 904 3487 do
937 3427 1011 3487 nicht
1040 3431 1184 3491 sinnhaft.
1217 3433 1282 3493 Und
1310 3435 1361 3495 das
1395 3437 1464 3497 Sein
1502 3439 1534 3499 ist
1558 3439 1645 3499 somit
1669 3441 1725 3501 das
1753 3444 1892 3504 Nichtsein

139 3454 199 3514 beste
232 3454 283 3514 des
326 3459 605 3519 Expressionismus
643 3463 787 3523 wiederum

871 3467 919 3527 des
953 3468 1097 3528 Werdens
1127 3471 1184 3531 „der
1214 3474 1363 3534 Zukunft!

133 3489 146 3549 si
174 3493 346 3553 vornherein
384 3495 447 3555 eine
474 3498 706 3558 Unmöglichkeit
730 3503 806 3563 war.

914 3504 955 3564 Es
988 3506 1025 3566 ist
1049 3508 1128 3568 klar,
1152 3510 1198 3570 daß
1236 3510 1282 3570 der
1311 3513 1450 3573 Katholik
1479 3514 1506 3574 zu
1539 3516 1590 3576 den
1628 3516 1735 3576 bereits
1768 3517 1819 3577 von
1852 3519 1898 3579 der

170 3532 309 3592 gesamtes
343 3534 539 3594 dichterisches
567 3539 665 3599 Werk,
689 3540 740 3600 das
773 3540 801 3600 in

868 3547 940 3607 Zeit
976 3546 1158 3606 entwerteten
1204 3549 1317 3609 Werten
1359 3554 1595 3614 Schnitzlerschen
1641 3556 1799 3616 Schaffens
1841 3558 1895 3618 kein

175 3570 395 3630 novellistischer
439 3576 573 3636 Hinsicht
607 3576 635 3636 in
679 3579 799 3639 gleicher

870 3586 1057 3646 wesenhaftes
1090 3590 1267 3650 Verhältnis
1300 3590 1365 3650 hat,
1389 3592 1440 3652 daß
1473 3595 1520 3655 er,
1544 3594 1594 3654 der
1623 3594 1702 3654 einer
1735 3599 1809 3659 Idee
1838 3600 1898 3660 lebt

137 3606 177 3666 den
214 3610 296 3670 will,
328 3612 358 3672 ist
390 3613 493 3673 typisch
529 3615 580 3675 für
617 3618 689 3678 diese
726 3618 802 3678 Zeit,

873 3620 927 3680 und
968 3625 999 3685 an
1041 3627 1122 3687 einen
1159 3629 1295 3689 Himmel
1327 3630 1394 3690 über
1431 3633 1476 3693 sich
1518 3636 1640 3696 glaubt,
1667 3636 1722 3696 das
1758 3638 1898 3698 ideenlose

133 3648 170 3708 sus
199 3649 296 3709 selbst;
320 3649 389 3709 denn
423 3654 558 3714 während
591 3654 698 3714 andere
722 3657 796 3717 Per¬

875 3666 1009 3726 Genügen
1048 3666 1075 3726 in
1109 3669 1169 3729 rein
1202 3670 1337 3730 irdischem
1384 3672 1547 3732 Spieltrieb
1581 3675 1660 3735 nicht
1693 3675 1735 3735 als
1773 3677 1894 3737 Vorbild

133 3684 201 3744 ang,
228 3687 283 3747 wie
315 3689 365 3749 der
398 3692 589 3752 befreundete
621 3695 708 3755 Hugo
745 3695 799 3755 von

872 3704 1034 3764 empfinden
1078 3707 1168 3767 kann.
1211 3707 1282 3767 Beim
1336 3709 1426 3769 Ethos
1470 3711 1541 3771 liegt
1580 3711 1622 3771 die
1661 3714 1890 3774 Entscheidung.

137 3725 263 3785 Stephan
293 3728 414 3788 George
445 3730 501 3790 und
531 3734 627 3794 schließ
648 3734 683 3794 ich
714 3737 799 3797 sogar

871 3743 931 3803 Und
969 3743 1010 3803 die
1043 3745 1122 3805 Zeit,
1151 3746 1192 3806 die
1225 3746 1280 3806 mit
1309 3748 1355 3808 dem
1402 3752 1682 3812 Expressionismus
1715 3752 1761 3812 ihm
1808 3755 1891 3815 gegen

140 3764 150 3824 „
180 3764 214 3824 um
268 3767 312 3827 die
347 3770 544 3830 Flüchtigkeit
574 3772 623 3832 der
658 3773 687 3833 so
722 3776 800 3836 ganz

869 3782 918 3842 den
953 3784 1065 3844 Dichter
1095 3785 1187 3845 Recht
1212 3785 1285 3845 gab,
1311 3788 1359 3848 hat
1384 3788 1462 3848 einen
1497 3790 1589 3850 Toten
1624 3791 1678 3851 auf
1703 3792 1751 3852 der
1781 3794 1893 3854 Strecke

134 3809 250 3869 estellten
290 3809 362 3869 Zeit
396 3812 512 3872 wußten
557 3812 612 3872 und
652 3814 684 3874 sie
719 3813 801 3873 dem¬

866 3824 1014 3884 gelassen,
1044 3827 1125 3887 einen
1168 3827 1285 3887 vielfach
1322 3830 1475 3890 gefeierten
1517 3833 1635 3893 Toten,
1665 3833 1760 3893 dessen
1802 3833 1889 3893 Leben

1992 2023 2045 2083 nur
2075 2024 2139 2084 noch
2174 2026 2213 2086 ein
2243 2028 2345 2088 Schein
2380 2033 2459 2093 war,
2484 2035 2522 2095 als
2557 2037 2601 2097 er,
2621 2039 2670 2099 der
2700 2042 2798 2102 solchen
2833 2046 2940 2106 Schein
2970 2046 3014 2106 oft

1990 2062 2148 2122 gepriesen,
2172 2065 2287 2125 wirklich
2321 2068 2416 2128 starb.
2446 2071 2503 2131 Die
2532 2075 2647 2135 Sterne
2671 2078 2781 2138 jedoch,
2806 2083 2892 2143 gegen
2926 2084 3001 2144 deren

1990 2101 2092 2161 sanftes
2139 2103 2274 2163 Leuchten
2321 2106 2367 2166 die
2405 2110 2558 2170 blitzenden
2605 2116 2763 2176 Irrlichter
2806 2120 2852 2180 des
2899 2122 3001 2182 müden

1989 2140 2120 2200 Syicers
2154 2143 2308 2203 verdlassen
2348 2146 2474 2206 missen,
2491 2150 2546 2210 sind
2585 2153 2650 2213 ewig
2684 2157 2734 2217 und
2773 2159 2816 2219 die
2845 2163 2949 2223 Botes

1987 2180 2073 2240 augen
2110 2181 2178 2241 über
2211 2184 2288 2244 einer
2316 2185 2453 2245 gottlosen
2486 2189 2581 2249 Welt.
