<?xml version="1.0" encoding="UTF-8" standalone="yes"?>
<PcGts xmlns="http://schema.primaresearch.org/PAGE/gts/pagecontent/2013-07-15" xmlns:xsi="http://www.w3.org/2001/XMLSchema-instance" xsi:schemaLocation="http://schema.primaresearch.org/PAGE/gts/pagecontent/2013-07-15 http://schema.primaresearch.org/PAGE/gts/pagecontent/2013-07-15/pagecontent.xsd">
    <Metadata>
        <Creator>prov=READ-COOP:name=PyLaia@TranskribusPlatform:version=2.12.1:model_id=39995:lm=none:date=09_04_2024_22:50</Creator>
        <Created>2019-10-07T20:38:32.311+02:00</Created>
        <LastChange>2024-04-09T22:50:10.883+02:00</LastChange>
        <TranskribusMetadata docId="224459" pageId="9581675" pageNr="279" tsid="157630124" status="IN_PROGRESS" userId="64420" imgUrl="https://files.transkribus.eu/Get?id=DNIZGQKYCEZXSKMZDJJXUONR&amp;fileType=view" xmlUrl="https://files.transkribus.eu/Get?id=HKFDSTPRMLUCZNRCVTUWOCYY" imageId="6209030"/>
    </Metadata>
    <Page imageFilename="224459_0279.jpeg" imageWidth="3248" imageHeight="4384">
        <ReadingOrder>
            <OrderedGroup id="ro_1712938128676" caption="Regions reading order">
                <RegionRefIndexed index="0" regionRef="tr_1"/>
                <RegionRefIndexed index="1" regionRef="tr_2"/>
            </OrderedGroup>
        </ReadingOrder>
        <TextRegion orientation="0.0" id="tr_1" custom="readingOrder {index:0;}">
            <Coords points="546,2626 546,2785 895,2785 895,2626"/>
            <TextLine id="tr_1_tl_1" custom="readingOrder {index:0;}">
                <Coords points="539,2743 674,2743 706,2771 764,2766 807,2741 877,2761 892,2755 895,2680 833,2660 786,2674 764,2660 729,2672 693,2659 637,2686 584,2676 540,2699"/>
                <Baseline points="546,2732 572,2734 599,2735 626,2735 653,2731 680,2729 707,2729 733,2729 760,2729 787,2727 814,2726 841,2726 868,2726 895,2726"/>
                <TextEquiv>
                    <Unicode></Unicode>
                </TextEquiv>
            </TextLine>
            <TextEquiv>
                <Unicode></Unicode>
            </TextEquiv>
        </TextRegion>
        <TextRegion orientation="0.0" id="tr_2" custom="readingOrder {index:1;}">
            <Coords points="1809,2575 1809,4066 2890,4066 2890,2575"/>
            <TextLine id="tr_2_tl_1" custom="readingOrder {index:0;}">
                <Coords points="2220,2608 2268,2619 2286,2605 2371,2636 2445,2620 2556,2631 2584,2612 2636,2612 2636,2580 2548,2556 2476,2577 2401,2555 2292,2575 2220,2553"/>
                <Baseline points="2227,2598 2252,2598 2278,2598 2304,2600 2330,2601 2355,2601 2381,2601 2407,2601 2433,2601 2458,2601 2484,2603 2510,2603 2536,2601 2561,2601 2587,2601 2613,2605 2639,2607"/>
                <Word id="tr_2_tl_1_w1" custom="readingOrder {index:0;}">
                    <Coords points="2227,2558 2227,2618 2319,2618 2319,2558"/>
                    <TextEquiv>
                        <Unicode>Phot.</Unicode>
                    </TextEquiv>
                </Word>
                <Word id="tr_2_tl_1_w2" custom="readingOrder {index:1;}">
                    <Coords points="2337,2561 2337,2621 2494,2621 2494,2561"/>
                    <TextEquiv>
                        <Unicode>Foerster,</Unicode>
                    </TextEquiv>
                </Word>
                <Word id="tr_2_tl_1_w3" custom="readingOrder {index:2;}">
                    <Coords points="2512,2561 2512,2621 2604,2621 2604,2561"/>
                    <TextEquiv>
                        <Unicode>Wien</Unicode>
                    </TextEquiv>
                </Word>
                <TextEquiv>
                    <Unicode>Phot. Foerster, Wien</Unicode>
                </TextEquiv>
            </TextLine>
            <TextLine id="tr_2_tl_2" custom="readingOrder {index:1;}">
                <Coords points="1990,2802 2718,2802 2718,2730 2675,2722 2604,2746 2548,2711 2177,2746 2133,2714 1990,2724"/>
                <Baseline points="1997,2783 2033,2783 2069,2783 2105,2784 2141,2786 2177,2786 2213,2786 2250,2788 2286,2789 2322,2789 2358,2789 2394,2789 2430,2789 2466,2789 2503,2788 2539,2786 2575,2789 2611,2787 2647,2786 2683,2787 2720,2792"/>
                <Word id="tr_2_tl_2_w1" custom="readingOrder {index:0;}">
                    <Coords points="2000,2744 2000,2804 2241,2804 2241,2744"/>
                    <TextEquiv>
                        <Unicode>Arthur</Unicode>
                    </TextEquiv>
                </Word>
                <Word id="tr_2_tl_2_w2" custom="readingOrder {index:1;}">
                    <Coords points="2303,2748 2303,2808 2685,2808 2685,2748"/>
                    <TextEquiv>
                        <Unicode>Schnitzier</Unicode>
                    </TextEquiv>
                </Word>
                <TextEquiv>
                    <Unicode>Arthur Schnitzier</Unicode>
                </TextEquiv>
            </TextLine>
            <TextLine id="tr_2_tl_3" custom="readingOrder {index:2;}">
                <Coords points="2169,2860 2300,2876 2361,2856 2408,2880 2453,2857 2525,2865 2525,2807 2489,2817 2461,2802 2351,2813 2331,2802 2238,2825 2169,2809"/>
                <Baseline points="2177,2846 2202,2844 2227,2843 2252,2843 2277,2843 2302,2843 2327,2843 2353,2843 2378,2843 2403,2843 2428,2843 2453,2843 2478,2843 2503,2844 2529,2846"/>
                <Word id="tr_2_tl_3_w1" custom="readingOrder {index:0;}">
                    <Coords points="2177,2804 2177,2864 2217,2864 2217,2804"/>
                    <TextEquiv>
                        <Unicode>(Zu</Unicode>
                    </TextEquiv>
                </Word>
                <Word id="tr_2_tl_3_w2" custom="readingOrder {index:1;}">
                    <Coords points="2240,2803 2240,2863 2344,2863 2344,2803"/>
                    <TextEquiv>
                        <Unicode>unserem</Unicode>
                    </TextEquiv>
                </Word>
                <Word id="tr_2_tl_3_w3" custom="readingOrder {index:2;}">
                    <Coords points="2376,2803 2376,2863 2516,2863 2516,2803"/>
                    <TextEquiv>
                        <Unicode>Titelbild.)</Unicode>
                    </TextEquiv>
                </Word>
                <TextEquiv>
                    <Unicode>(Zu unserem Titelbild.)</Unicode>
                </TextEquiv>
            </TextLine>
            <TextLine id="tr_2_tl_4" custom="readingOrder {index:3;}">
                <Coords points="1903,2912 2881,2918 2881,2873 2766,2836 2605,2878 1903,2857"/>
                <Baseline points="1911,2908 1959,2909 2008,2911 2056,2911 2105,2911 2154,2911 2202,2909 2251,2911 2300,2911 2348,2911 2397,2914 2446,2914 2494,2913 2543,2911 2592,2911 2640,2911 2689,2911 2738,2911 2786,2911 2835,2908 2884,2905"/>
                <Word id="tr_2_tl_4_w1" custom="readingOrder {index:0;}">
                    <Coords points="1905,2869 1905,2929 2022,2929 2022,2869"/>
                    <TextEquiv>
                        <Unicode>Knapp</Unicode>
                    </TextEquiv>
                </Word>
                <Word id="tr_2_tl_4_w2" custom="readingOrder {index:1;}">
                    <Coords points="2048,2871 2048,2931 2107,2931 2107,2871"/>
                    <TextEquiv>
                        <Unicode>vor</Unicode>
                    </TextEquiv>
                </Word>
                <Word id="tr_2_tl_4_w3" custom="readingOrder {index:2;}">
                    <Coords points="2133,2870 2133,2930 2185,2930 2185,2870"/>
                    <TextEquiv>
                        <Unicode>dem</Unicode>
                    </TextEquiv>
                </Word>
                <Word id="tr_2_tl_4_w4" custom="readingOrder {index:3;}">
                    <Coords points="2225,2871 2225,2931 2491,2931 2491,2871"/>
                    <TextEquiv>
                        <Unicode>Goethe=Jahre,</Unicode>
                    </TextEquiv>
                </Word>
                <Word id="tr_2_tl_4_w5" custom="readingOrder {index:4;}">
                    <Coords points="2512,2871 2512,2931 2537,2931 2537,2871"/>
                    <TextEquiv>
                        <Unicode>in</Unicode>
                    </TextEquiv>
                </Word>
                <Word id="tr_2_tl_4_w6" custom="readingOrder {index:5;}">
                    <Coords points="2571,2871 2571,2931 2622,2931 2622,2871"/>
                    <TextEquiv>
                        <Unicode>dem</Unicode>
                    </TextEquiv>
                </Word>
                <Word id="tr_2_tl_4_w7" custom="readingOrder {index:6;}">
                    <Coords points="2662,2871 2662,2931 2719,2931 2719,2871"/>
                    <TextEquiv>
                        <Unicode>sein</Unicode>
                    </TextEquiv>
                </Word>
                <Word id="tr_2_tl_4_w8" custom="readingOrder {index:7;}">
                    <Coords points="2747,2869 2747,2929 2869,2929 2869,2869"/>
                    <TextEquiv>
                        <Unicode>siebzig¬</Unicode>
                    </TextEquiv>
                </Word>
                <TextEquiv>
                    <Unicode>Knapp vor dem Goethe=Jahre, in dem sein siebzig¬</Unicode>
                </TextEquiv>
            </TextLine>
            <TextLine id="tr_2_tl_5" custom="readingOrder {index:4;}">
                <Coords points="1823,2967 2881,2976 2840,2918 1823,2905"/>
                <Baseline points="1830,2959 1882,2954 1935,2955 1988,2956 2040,2956 2093,2958 2146,2960 2198,2957 2251,2959 2304,2956 2357,2959 2409,2959 2462,2959 2515,2959 2567,2959 2620,2959 2673,2958 2725,2956 2778,2956 2831,2954 2884,2956"/>
                <Word id="tr_2_tl_5_w1" custom="readingOrder {index:0;}">
                    <Coords points="1818,2917 1818,2977 1873,2977 1873,2917"/>
                    <TextEquiv>
                        <Unicode>ster</Unicode>
                    </TextEquiv>
                </Word>
                <Word id="tr_2_tl_5_w2" custom="readingOrder {index:1;}">
                    <Coords points="1901,2916 1901,2976 2099,2976 2099,2916"/>
                    <TextEquiv>
                        <Unicode>Geburtstag</Unicode>
                    </TextEquiv>
                </Word>
                <Word id="tr_2_tl_5_w3" custom="readingOrder {index:2;}">
                    <Coords points="2133,2917 2133,2977 2265,2977 2265,2917"/>
                    <TextEquiv>
                        <Unicode>gefeiert</Unicode>
                    </TextEquiv>
                </Word>
                <Word id="tr_2_tl_5_w4" custom="readingOrder {index:3;}">
                    <Coords points="2293,2918 2293,2978 2414,2978 2414,2918"/>
                    <TextEquiv>
                        <Unicode>worden</Unicode>
                    </TextEquiv>
                </Word>
                <Word id="tr_2_tl_5_w5" custom="readingOrder {index:4;}">
                    <Coords points="2448,2919 2448,2979 2552,2979 2552,2919"/>
                    <TextEquiv>
                        <Unicode>wäre,</Unicode>
                    </TextEquiv>
                </Word>
                <Word id="tr_2_tl_5_w6" custom="readingOrder {index:5;}">
                    <Coords points="2575,2919 2575,2979 2608,2979 2608,2919"/>
                    <TextEquiv>
                        <Unicode>ist</Unicode>
                    </TextEquiv>
                </Word>
                <Word id="tr_2_tl_5_w7" custom="readingOrder {index:6;}">
                    <Coords points="2630,2918 2630,2978 2679,2978 2679,2918"/>
                    <TextEquiv>
                        <Unicode>der</Unicode>
                    </TextEquiv>
                </Word>
                <Word id="tr_2_tl_5_w8" custom="readingOrder {index:7;}">
                    <Coords points="2708,2915 2708,2975 2873,2975 2873,2915"/>
                    <TextEquiv>
                        <Unicode>berühmte</Unicode>
                    </TextEquiv>
                </Word>
                <TextEquiv>
                    <Unicode>ster Geburtstag gefeiert worden wäre, ist der berühmte</Unicode>
                </TextEquiv>
            </TextLine>
            <TextLine id="tr_2_tl_6" custom="readingOrder {index:5;}">
                <Coords points="1816,3007 2878,3012 2838,2963 1816,2967"/>
                <Baseline points="1824,3004 1876,3004 1929,3004 1982,3004 2035,3004 2088,3005 2141,3006 2193,3004 2246,3004 2299,3004 2352,3007 2405,3007 2458,3007 2511,3007 2563,3004 2616,3007 2669,3004 2722,3004 2775,3004 2828,3002 2881,3001"/>
                <Word id="tr_2_tl_6_w1" custom="readingOrder {index:0;}">
                    <Coords points="1817,2964 1817,3024 2053,3024 2053,2964"/>
                    <TextEquiv>
                        <Unicode>österreichische</Unicode>
                    </TextEquiv>
                </Word>
                <Word id="tr_2_tl_6_w2" custom="readingOrder {index:1;}">
                    <Coords points="2094,2965 2094,3025 2224,3025 2224,2965"/>
                    <TextEquiv>
                        <Unicode>Dichter</Unicode>
                    </TextEquiv>
                </Word>
                <Word id="tr_2_tl_6_w3" custom="readingOrder {index:2;}">
                    <Coords points="2270,2966 2270,3026 2399,3026 2399,2966"/>
                    <TextEquiv>
                        <Unicode>Arthur</Unicode>
                    </TextEquiv>
                </Word>
                <Word id="tr_2_tl_6_w4" custom="readingOrder {index:3;}">
                    <Coords points="2440,2966 2440,3026 2614,3026 2614,2966"/>
                    <TextEquiv>
                        <Unicode>Schnitzler</Unicode>
                    </TextEquiv>
                </Word>
                <Word id="tr_2_tl_6_w5" custom="readingOrder {index:4;}">
                    <Coords points="2661,2964 2661,3024 2700,3024 2700,2964"/>
                    <TextEquiv>
                        <Unicode>am</Unicode>
                    </TextEquiv>
                </Word>
                <Word id="tr_2_tl_6_w6" custom="readingOrder {index:5;}">
                    <Coords points="2762,2962 2762,3022 2863,3022 2863,2962"/>
                    <TextEquiv>
                        <Unicode>letzten</Unicode>
                    </TextEquiv>
                </Word>
                <TextEquiv>
                    <Unicode>österreichische Dichter Arthur Schnitzler am letzten</Unicode>
                </TextEquiv>
            </TextLine>
            <TextLine id="tr_2_tl_7" custom="readingOrder {index:6;}">
                <Coords points="1823,3058 2886,3052 2853,3007 1823,3005"/>
                <Baseline points="1830,3049 1883,3049 1936,3049 1989,3051 2042,3052 2095,3052 2148,3052 2201,3052 2254,3052 2307,3052 2360,3052 2413,3052 2466,3053 2519,3055 2572,3053 2625,3052 2678,3055 2731,3052 2784,3051 2837,3049 2890,3052"/>
                <Word id="tr_2_tl_7_w1" custom="readingOrder {index:0;}">
                    <Coords points="1824,3009 1824,3069 1978,3069 1978,3009"/>
                    <TextEquiv>
                        <Unicode>Mittwoch</Unicode>
                    </TextEquiv>
                </Word>
                <Word id="tr_2_tl_7_w2" custom="readingOrder {index:1;}">
                    <Coords points="2022,3012 2022,3072 2110,3072 2110,3012"/>
                    <TextEquiv>
                        <Unicode>einem</Unicode>
                    </TextEquiv>
                </Word>
                <Word id="tr_2_tl_7_w3" custom="readingOrder {index:2;}">
                    <Coords points="2161,3012 2161,3072 2337,3072 2337,3012"/>
                    <TextEquiv>
                        <Unicode>plötzlichen</Unicode>
                    </TextEquiv>
                </Word>
                <Word id="tr_2_tl_7_w4" custom="readingOrder {index:3;}">
                    <Coords points="2382,3014 2382,3074 2613,3074 2613,3014"/>
                    <TextEquiv>
                        <Unicode>Schlaganfall</Unicode>
                    </TextEquiv>
                </Word>
                <Word id="tr_2_tl_7_w5" custom="readingOrder {index:4;}">
                    <Coords points="2641,3013 2641,3073 2784,3073 2784,3013"/>
                    <TextEquiv>
                        <Unicode>erlegen.</Unicode>
                    </TextEquiv>
                </Word>
                <Word id="tr_2_tl_7_w6" custom="readingOrder {index:5;}">
                    <Coords points="2813,3009 2813,3069 2862,3069 2862,3009"/>
                    <TextEquiv>
                        <Unicode>An</Unicode>
                    </TextEquiv>
                </Word>
                <TextEquiv>
                    <Unicode>Mittwoch einem plötzlichen Schlaganfall erlegen. An</Unicode>
                </TextEquiv>
            </TextLine>
            <TextLine id="tr_2_tl_8" custom="readingOrder {index:7;}">
                <Coords points="1819,3102 2866,3112 2884,3070 1818,3056"/>
                <Baseline points="1827,3093 1880,3096 1933,3096 1986,3094 2039,3097 2092,3099 2145,3096 2198,3097 2251,3099 2304,3097 2357,3098 2410,3099 2463,3099 2516,3099 2569,3099 2622,3099 2675,3099 2728,3099 2781,3095 2834,3093 2887,3096"/>
                <Word id="tr_2_tl_8_w1" custom="readingOrder {index:0;}">
                    <Coords points="1818,3053 1818,3113 1866,3113 1866,3053"/>
                    <TextEquiv>
                        <Unicode>der</Unicode>
                    </TextEquiv>
                </Word>
                <Word id="tr_2_tl_8_w2" custom="readingOrder {index:1;}">
                    <Coords points="1899,3054 1899,3114 2050,3114 2050,3054"/>
                    <TextEquiv>
                        <Unicode>schönen,</Unicode>
                    </TextEquiv>
                </Word>
                <Word id="tr_2_tl_8_w3" custom="readingOrder {index:2;}">
                    <Coords points="2083,3056 2083,3116 2196,3116 2196,3056"/>
                    <TextEquiv>
                        <Unicode>blauen</Unicode>
                    </TextEquiv>
                </Word>
                <Word id="tr_2_tl_8_w4" custom="readingOrder {index:3;}">
                    <Coords points="2234,3057 2234,3117 2352,3117 2352,3057"/>
                    <TextEquiv>
                        <Unicode>Donau</Unicode>
                    </TextEquiv>
                </Word>
                <Word id="tr_2_tl_8_w5" custom="readingOrder {index:4;}">
                    <Coords points="2396,3059 2396,3119 2465,3119 2465,3059"/>
                    <TextEquiv>
                        <Unicode>war</Unicode>
                    </TextEquiv>
                </Word>
                <Word id="tr_2_tl_8_w6" custom="readingOrder {index:5;}">
                    <Coords points="2498,3059 2498,3119 2558,3119 2558,3059"/>
                    <TextEquiv>
                        <Unicode>kein</Unicode>
                    </TextEquiv>
                </Word>
                <Word id="tr_2_tl_8_w7" custom="readingOrder {index:6;}">
                    <Coords points="2602,3059 2602,3119 2693,3119 2693,3059"/>
                    <TextEquiv>
                        <Unicode>Platz</Unicode>
                    </TextEquiv>
                </Word>
                <Word id="tr_2_tl_8_w8" custom="readingOrder {index:7;}">
                    <Coords points="2720,3057 2720,3117 2774,3117 2774,3057"/>
                    <TextEquiv>
                        <Unicode>für</Unicode>
                    </TextEquiv>
                </Word>
                <Word id="tr_2_tl_8_w9" custom="readingOrder {index:8;}">
                    <Coords points="2812,3053 2812,3113 2860,3113 2860,3053"/>
                    <TextEquiv>
                        <Unicode>den</Unicode>
                    </TextEquiv>
                </Word>
                <TextEquiv>
                    <Unicode>der schönen, blauen Donau war kein Platz für den</Unicode>
                </TextEquiv>
            </TextLine>
            <TextLine id="tr_2_tl_9" custom="readingOrder {index:8;}">
                <Coords points="1814,3143 2882,3151 2882,3106 2798,3096 1814,3100"/>
                <Baseline points="1821,3138 1874,3138 1927,3139 1980,3141 2033,3141 2086,3141 2139,3141 2193,3142 2246,3143 2299,3143 2352,3144 2405,3144 2458,3144 2511,3144 2565,3144 2618,3144 2671,3144 2724,3144 2777,3141 2830,3139 2884,3138"/>
                <Word id="tr_2_tl_9_w1" custom="readingOrder {index:0;}">
                    <Coords points="1814,3098 1814,3158 1922,3158 1922,3098"/>
                    <TextEquiv>
                        <Unicode>krassen</Unicode>
                    </TextEquiv>
                </Word>
                <Word id="tr_2_tl_9_w2" custom="readingOrder {index:1;}">
                    <Coords points="1960,3101 1960,3161 2241,3161 2241,3101"/>
                    <TextEquiv>
                        <Unicode>Naturalismus.</Unicode>
                    </TextEquiv>
                </Word>
                <Word id="tr_2_tl_9_w3" custom="readingOrder {index:2;}">
                    <Coords points="2263,3103 2263,3163 2311,3163 2311,3103"/>
                    <TextEquiv>
                        <Unicode>Er</Unicode>
                    </TextEquiv>
                </Word>
                <Word id="tr_2_tl_9_w4" custom="readingOrder {index:3;}">
                    <Coords points="2344,3104 2344,3164 2452,3164 2452,3104"/>
                    <TextEquiv>
                        <Unicode>wurde</Unicode>
                    </TextEquiv>
                </Word>
                <Word id="tr_2_tl_9_w5" custom="readingOrder {index:4;}">
                    <Coords points="2485,3104 2485,3164 2511,3164 2511,3104"/>
                    <TextEquiv>
                        <Unicode>in</Unicode>
                    </TextEquiv>
                </Word>
                <Word id="tr_2_tl_9_w6" custom="readingOrder {index:5;}">
                    <Coords points="2545,3104 2545,3164 2733,3164 2733,3104"/>
                    <TextEquiv>
                        <Unicode>Schnitzlers</Unicode>
                    </TextEquiv>
                </Word>
                <Word id="tr_2_tl_9_w7" custom="readingOrder {index:6;}">
                    <Coords points="2772,3099 2772,3159 2863,3159 2863,3099"/>
                    <TextEquiv>
                        <Unicode>ersten</Unicode>
                    </TextEquiv>
                </Word>
                <TextEquiv>
                    <Unicode>krassen Naturalismus. Er wurde in Schnitzlers ersten</Unicode>
                </TextEquiv>
            </TextLine>
            <TextLine id="tr_2_tl_10" custom="readingOrder {index:9;}">
                <Coords points="1823,3193 2881,3194 2872,3148 1823,3146"/>
                <Baseline points="1830,3186 1882,3186 1935,3188 1988,3186 2040,3188 2093,3192 2146,3189 2198,3189 2251,3189 2304,3191 2357,3190 2409,3189 2462,3189 2515,3189 2567,3189 2620,3189 2673,3189 2725,3189 2778,3186 2831,3186 2884,3189"/>
                <Word id="tr_2_tl_10_w1" custom="readingOrder {index:0;}">
                    <Coords points="1818,3147 1818,3207 2065,3207 2065,3147"/>
                    <TextEquiv>
                        <Unicode>Schöpfungen,</Unicode>
                    </TextEquiv>
                </Word>
                <Word id="tr_2_tl_10_w2" custom="readingOrder {index:1;}">
                    <Coords points="2092,3149 2092,3209 2202,3209 2202,3149"/>
                    <TextEquiv>
                        <Unicode>zumal</Unicode>
                    </TextEquiv>
                </Word>
                <Word id="tr_2_tl_10_w3" custom="readingOrder {index:2;}">
                    <Coords points="2235,3149 2235,3209 2261,3209 2261,3149"/>
                    <TextEquiv>
                        <Unicode>in</Unicode>
                    </TextEquiv>
                </Word>
                <Word id="tr_2_tl_10_w4" custom="readingOrder {index:3;}">
                    <Coords points="2304,3150 2304,3210 2403,3210 2403,3150"/>
                    <TextEquiv>
                        <Unicode>seiner</Unicode>
                    </TextEquiv>
                </Word>
                <Word id="tr_2_tl_10_w5" custom="readingOrder {index:4;}">
                    <Coords points="2441,3149 2441,3209 2572,3209 2572,3149"/>
                    <TextEquiv>
                        <Unicode>Wiener</Unicode>
                    </TextEquiv>
                </Word>
                <Word id="tr_2_tl_10_w6" custom="readingOrder {index:5;}">
                    <Coords points="2605,3149 2605,3209 2763,3209 2763,3149"/>
                    <TextEquiv>
                        <Unicode>Komödie</Unicode>
                    </TextEquiv>
                </Word>
                <Word id="tr_2_tl_10_w7" custom="readingOrder {index:6;}">
                    <Coords points="2800,3146 2800,3206 2852,3206 2852,3146"/>
                    <TextEquiv>
                        <Unicode>vom</Unicode>
                    </TextEquiv>
                </Word>
                <TextEquiv>
                    <Unicode>Schöpfungen, zumal in seiner Wiener Komödie vom</Unicode>
                </TextEquiv>
            </TextLine>
            <TextLine id="tr_2_tl_11" custom="readingOrder {index:10;}">
                <Coords points="1819,3243 2881,3247 2881,3203 2734,3191 1819,3195"/>
                <Baseline points="1827,3237 1879,3234 1932,3232 1985,3234 2038,3237 2091,3234 2144,3234 2196,3234 2249,3236 2302,3237 2355,3239 2408,3236 2461,3234 2514,3236 2566,3234 2619,3234 2672,3237 2725,3236 2778,3234 2831,3234 2884,3231"/>
                <Word id="tr_2_tl_11_w1" custom="readingOrder {index:0;}">
                    <Coords points="1820,3194 1820,3254 1921,3254 1921,3194"/>
                    <TextEquiv>
                        <Unicode>Jahre</Unicode>
                    </TextEquiv>
                </Word>
                <Word id="tr_2_tl_11_w2" custom="readingOrder {index:1;}">
                    <Coords points="1949,3194 1949,3254 2044,3254 2044,3194"/>
                    <TextEquiv>
                        <Unicode>1894,</Unicode>
                    </TextEquiv>
                </Word>
                <Word id="tr_2_tl_11_w3" custom="readingOrder {index:2;}">
                    <Coords points="2062,3194 2062,3254 2338,3254 2338,3194"/>
                    <TextEquiv>
                        <Unicode>„Liebelei",</Unicode>
                    </TextEquiv>
                </Word>
                <Word id="tr_2_tl_11_w4" custom="readingOrder {index:3;}">
                    <Coords points="2355,3197 2355,3257 2411,3257 2411,3197"/>
                    <TextEquiv>
                        <Unicode>zum</Unicode>
                    </TextEquiv>
                </Word>
                <Word id="tr_2_tl_11_w5" custom="readingOrder {index:4;}">
                    <Coords points="2451,3194 2451,3254 2726,3254 2726,3194"/>
                    <TextEquiv>
                        <Unicode>empfindsamen,</Unicode>
                    </TextEquiv>
                </Word>
                <Word id="tr_2_tl_11_w6" custom="readingOrder {index:5;}">
                    <Coords points="2750,3194 2750,3254 2867,3254 2867,3194"/>
                    <TextEquiv>
                        <Unicode>warm¬</Unicode>
                    </TextEquiv>
                </Word>
                <TextEquiv>
                    <Unicode>Jahre 1894, „Liebelei", zum empfindsamen, warm¬</Unicode>
                </TextEquiv>
            </TextLine>
            <TextLine id="tr_2_tl_12" custom="readingOrder {index:11;}">
                <Coords points="1808,3286 2874,3285 2837,3237 1808,3245"/>
                <Baseline points="1815,3285 1868,3278 1921,3278 1974,3279 2027,3279 2080,3279 2133,3279 2187,3279 2240,3279 2293,3282 2346,3282 2399,3282 2452,3282 2505,3280 2559,3282 2612,3282 2665,3284 2718,3282 2771,3282 2824,3280 2878,3279"/>
                <Word id="tr_2_tl_12_w1" custom="readingOrder {index:0;}">
                    <Coords points="1809,3238 1809,3298 2006,3298 2006,3238"/>
                    <TextEquiv>
                        <Unicode>gestimmten</Unicode>
                    </TextEquiv>
                </Word>
                <Word id="tr_2_tl_12_w2" custom="readingOrder {index:1;}">
                    <Coords points="2040,3239 2040,3299 2385,3299 2385,3239"/>
                    <TextEquiv>
                        <Unicode>Impressionismus.</Unicode>
                    </TextEquiv>
                </Word>
                <Word id="tr_2_tl_12_w3" custom="readingOrder {index:2;}">
                    <Coords points="2431,3241 2431,3301 2481,3301 2481,3241"/>
                    <TextEquiv>
                        <Unicode>Zu</Unicode>
                    </TextEquiv>
                </Word>
                <Word id="tr_2_tl_12_w4" custom="readingOrder {index:3;}">
                    <Coords points="2533,3242 2533,3302 2617,3302 2617,3242"/>
                    <TextEquiv>
                        <Unicode>einem</Unicode>
                    </TextEquiv>
                </Word>
                <Word id="tr_2_tl_12_w5" custom="readingOrder {index:4;}">
                    <Coords points="2668,3242 2668,3302 2871,3302 2871,3242"/>
                    <TextEquiv>
                        <Unicode>Impressio¬</Unicode>
                    </TextEquiv>
                </Word>
                <TextEquiv>
                    <Unicode>gestimmten Impressionismus. Zu einem Impressio¬</Unicode>
                </TextEquiv>
            </TextLine>
            <TextLine id="tr_2_tl_13" custom="readingOrder {index:12;}">
                <Coords points="1808,3324 2881,3332 2881,3278 1808,3286"/>
                <Baseline points="1815,3323 1868,3323 1921,3323 1975,3323 2028,3323 2082,3323 2135,3323 2189,3323 2242,3325 2296,3326 2349,3326 2402,3329 2456,3326 2509,3326 2563,3326 2616,3329 2670,3329 2723,3326 2777,3326 2830,3326 2884,3326"/>
                <Word id="tr_2_tl_13_w1" custom="readingOrder {index:0;}">
                    <Coords points="1809,3283 1809,3343 1963,3343 1963,3283"/>
                    <TextEquiv>
                        <Unicode>nismus,</Unicode>
                    </TextEquiv>
                </Word>
                <Word id="tr_2_tl_13_w2" custom="readingOrder {index:1;}">
                    <Coords points="2014,3283 2014,3343 2041,3343 2041,3283"/>
                    <TextEquiv>
                        <Unicode>in</Unicode>
                    </TextEquiv>
                </Word>
                <Word id="tr_2_tl_13_w3" custom="readingOrder {index:2;}">
                    <Coords points="2080,3283 2080,3343 2135,3343 2135,3283"/>
                    <TextEquiv>
                        <Unicode>dem</Unicode>
                    </TextEquiv>
                </Word>
                <Word id="tr_2_tl_13_w4" custom="readingOrder {index:3;}">
                    <Coords points="2186,3284 2186,3344 2246,3344 2246,3284"/>
                    <TextEquiv>
                        <Unicode>mit</Unicode>
                    </TextEquiv>
                </Word>
                <Word id="tr_2_tl_13_w5" custom="readingOrder {index:4;}">
                    <Coords points="2274,3286 2274,3346 2451,3346 2451,3286"/>
                    <TextEquiv>
                        <Unicode>Schnitzler</Unicode>
                    </TextEquiv>
                </Word>
                <Word id="tr_2_tl_13_w6" custom="readingOrder {index:5;}">
                    <Coords points="2485,3288 2485,3348 2873,3348 2873,3288"/>
                    <TextEquiv>
                        <Unicode>Hofmannsthal</Unicode>
                    </TextEquiv>
                </Word>
                <TextEquiv>
                    <Unicode>nismus, in dem mit Schnitzler Hofmannsthal</Unicode>
                </TextEquiv>
            </TextLine>
            <TextLine id="tr_2_tl_14" custom="readingOrder {index:13;}">
                <Coords points="1814,3380 2878,3381 2878,3328 1814,3328"/>
                <Baseline points="1821,3368 1874,3368 1927,3368 1980,3370 2033,3369 2086,3368 2139,3371 2192,3371 2245,3371 2298,3371 2351,3371 2404,3374 2457,3373 2510,3372 2563,3374 2616,3374 2669,3371 2722,3374 2775,3371 2828,3371 2881,3371"/>
                <Word id="tr_2_tl_14_w1" custom="readingOrder {index:0;}">
                    <Coords points="1814,3328 1814,3388 2030,3388 2030,3328"/>
                    <TextEquiv>
                        <Unicode>Vorkämpfer</Unicode>
                    </TextEquiv>
                </Word>
                <Word id="tr_2_tl_14_w2" custom="readingOrder {index:1;}">
                    <Coords points="2062,3329 2062,3389 2151,3389 2151,3329"/>
                    <TextEquiv>
                        <Unicode>war,</Unicode>
                    </TextEquiv>
                </Word>
                <Word id="tr_2_tl_14_w3" custom="readingOrder {index:2;}">
                    <Coords points="2174,3331 2174,3391 2220,3391 2220,3331"/>
                    <TextEquiv>
                        <Unicode>als</Unicode>
                    </TextEquiv>
                </Word>
                <Word id="tr_2_tl_14_w4" custom="readingOrder {index:3;}">
                    <Coords points="2258,3331 2258,3391 2289,3391 2289,3331"/>
                    <TextEquiv>
                        <Unicode>er</Unicode>
                    </TextEquiv>
                </Word>
                <Word id="tr_2_tl_14_w5" custom="readingOrder {index:4;}">
                    <Coords points="2321,3331 2321,3391 2374,3391 2374,3331"/>
                    <TextEquiv>
                        <Unicode>des</Unicode>
                    </TextEquiv>
                </Word>
                <Word id="tr_2_tl_14_w6" custom="readingOrder {index:5;}">
                    <Coords points="2411,3332 2411,3392 2580,3392 2580,3332"/>
                    <TextEquiv>
                        <Unicode>Freundes</Unicode>
                    </TextEquiv>
                </Word>
                <Word id="tr_2_tl_14_w7" custom="readingOrder {index:6;}">
                    <Coords points="2617,3332 2617,3392 2870,3392 2870,3332"/>
                    <TextEquiv>
                        <Unicode>Erstlingswerk</Unicode>
                    </TextEquiv>
                </Word>
                <TextEquiv>
                    <Unicode>Vorkämpfer war, als er des Freundes Erstlingswerk</Unicode>
                </TextEquiv>
            </TextLine>
            <TextLine id="tr_2_tl_15" custom="readingOrder {index:14;}">
                <Coords points="1814,3424 2878,3420 2854,3375 1814,3372"/>
                <Baseline points="1821,3419 1874,3413 1927,3413 1980,3415 2033,3414 2086,3416 2139,3416 2192,3416 2245,3416 2298,3416 2351,3416 2404,3419 2457,3419 2510,3420 2563,3420 2616,3419 2669,3419 2722,3419 2775,3419 2828,3419 2881,3419"/>
                <Word id="tr_2_tl_15_w1" custom="readingOrder {index:0;}">
                    <Coords points="1815,3373 1815,3433 1973,3433 1973,3373"/>
                    <TextEquiv>
                        <Unicode>„Anatol“</Unicode>
                    </TextEquiv>
                </Word>
                <Word id="tr_2_tl_15_w2" custom="readingOrder {index:1;}">
                    <Coords points="2002,3374 2002,3434 2046,3434 2046,3374"/>
                    <TextEquiv>
                        <Unicode>die</Unicode>
                    </TextEquiv>
                </Word>
                <Word id="tr_2_tl_15_w3" custom="readingOrder {index:2;}">
                    <Coords points="2070,3376 2070,3436 2166,3436 2166,3376"/>
                    <TextEquiv>
                        <Unicode>Verse</Unicode>
                    </TextEquiv>
                </Word>
                <Word id="tr_2_tl_15_w4" custom="readingOrder {index:3;}">
                    <Coords points="2195,3376 2195,3436 2251,3436 2251,3376"/>
                    <TextEquiv>
                        <Unicode>zum</Unicode>
                    </TextEquiv>
                </Word>
                <Word id="tr_2_tl_15_w5" custom="readingOrder {index:4;}">
                    <Coords points="2291,3376 2291,3436 2415,3436 2415,3376"/>
                    <TextEquiv>
                        <Unicode>Geleite</Unicode>
                    </TextEquiv>
                </Word>
                <Word id="tr_2_tl_15_w6" custom="readingOrder {index:5;}">
                    <Coords points="2445,3379 2445,3439 2517,3439 2517,3379"/>
                    <TextEquiv>
                        <Unicode>gab:</Unicode>
                    </TextEquiv>
                </Word>
                <Word id="tr_2_tl_15_w7" custom="readingOrder {index:6;}">
                    <Coords points="2541,3379 2541,3439 2642,3439 2642,3379"/>
                    <TextEquiv>
                        <Unicode>„Eine</Unicode>
                    </TextEquiv>
                </Word>
                <Word id="tr_2_tl_15_w8" custom="readingOrder {index:7;}">
                    <Coords points="2671,3379 2671,3439 2773,3439 2773,3379"/>
                    <TextEquiv>
                        <Unicode>Laube</Unicode>
                    </TextEquiv>
                </Word>
                <Word id="tr_2_tl_15_w9" custom="readingOrder {index:8;}">
                    <Coords points="2802,3379 2802,3439 2875,3439 2875,3379"/>
                    <TextEquiv>
                        <Unicode>statt</Unicode>
                    </TextEquiv>
                </Word>
                <TextEquiv>
                    <Unicode>„Anatol“ die Verse zum Geleite gab: „Eine Laube statt</Unicode>
                </TextEquiv>
            </TextLine>
            <TextLine id="tr_2_tl_16" custom="readingOrder {index:15;}">
                <Coords points="1802,3465 2872,3479 2845,3420 1802,3421"/>
                <Baseline points="1809,3458 1862,3458 1915,3458 1968,3458 2022,3460 2075,3461 2128,3461 2182,3461 2235,3463 2288,3462 2342,3461 2395,3461 2448,3464 2501,3464 2555,3464 2608,3464 2661,3464 2715,3466 2768,3461 2821,3461 2875,3467"/>
                <Word id="tr_2_tl_16_w1" custom="readingOrder {index:0;}">
                    <Coords points="1808,3418 1808,3478 1863,3478 1863,3418"/>
                    <TextEquiv>
                        <Unicode>der</Unicode>
                    </TextEquiv>
                </Word>
                <Word id="tr_2_tl_16_w2" custom="readingOrder {index:1;}">
                    <Coords points="1885,3418 1885,3478 2006,3478 2006,3418"/>
                    <TextEquiv>
                        <Unicode>Bühne</Unicode>
                    </TextEquiv>
                </Word>
                <Word id="tr_2_tl_16_w3" custom="readingOrder {index:2;}">
                    <Coords points="2029,3420 2029,3480 2039,3480 2039,3420"/>
                    <TextEquiv>
                        <Unicode>—</Unicode>
                    </TextEquiv>
                </Word>
                <Word id="tr_2_tl_16_w4" custom="readingOrder {index:3;}">
                    <Coords points="2095,3422 2095,3482 2355,3482 2355,3422"/>
                    <TextEquiv>
                        <Unicode>Sommersonne</Unicode>
                    </TextEquiv>
                </Word>
                <Word id="tr_2_tl_16_w5" custom="readingOrder {index:4;}">
                    <Coords points="2378,3422 2378,3482 2454,3482 2454,3422"/>
                    <TextEquiv>
                        <Unicode>statt</Unicode>
                    </TextEquiv>
                </Word>
                <Word id="tr_2_tl_16_w6" custom="readingOrder {index:5;}">
                    <Coords points="2477,3424 2477,3484 2527,3484 2527,3424"/>
                    <TextEquiv>
                        <Unicode>der</Unicode>
                    </TextEquiv>
                </Word>
                <Word id="tr_2_tl_16_w7" custom="readingOrder {index:6;}">
                    <Coords points="2555,3424 2555,3484 2714,3484 2714,3424"/>
                    <TextEquiv>
                        <Unicode>Lampen,</Unicode>
                    </TextEquiv>
                </Word>
                <Word id="tr_2_tl_16_w8" custom="readingOrder {index:7;}">
                    <Coords points="2732,3423 2732,3483 2742,3483 2742,3423"/>
                    <TextEquiv>
                        <Unicode>—</Unicode>
                    </TextEquiv>
                </Word>
                <Word id="tr_2_tl_16_w9" custom="readingOrder {index:8;}">
                    <Coords points="2792,3421 2792,3481 2864,3481 2864,3421"/>
                    <TextEquiv>
                        <Unicode>Also</Unicode>
                    </TextEquiv>
                </Word>
                <TextEquiv>
                    <Unicode>der Bühne — Sommersonne statt der Lampen, — Also</Unicode>
                </TextEquiv>
            </TextLine>
            <TextLine id="tr_2_tl_17" custom="readingOrder {index:16;}">
                <Coords points="1811,3524 2873,3519 2872,3477 2761,3460 2460,3490 1810,3465"/>
                <Baseline points="1818,3511 1870,3506 1923,3506 1976,3506 2029,3506 2082,3508 2135,3506 2187,3506 2240,3508 2293,3508 2346,3508 2399,3506 2452,3508 2505,3509 2557,3511 2610,3511 2663,3508 2716,3508 2769,3508 2822,3508 2875,3511"/>
                <Word id="tr_2_tl_17_w1" custom="readingOrder {index:0;}">
                    <Coords points="1812,3466 1812,3526 1919,3526 1919,3466"/>
                    <TextEquiv>
                        <Unicode>spielen</Unicode>
                    </TextEquiv>
                </Word>
                <Word id="tr_2_tl_17_w2" custom="readingOrder {index:1;}">
                    <Coords points="1962,3466 1962,3526 2021,3526 2021,3466"/>
                    <TextEquiv>
                        <Unicode>wir</Unicode>
                    </TextEquiv>
                </Word>
                <Word id="tr_2_tl_17_w3" custom="readingOrder {index:2;}">
                    <Coords points="2052,3466 2052,3526 2208,3526 2208,3466"/>
                    <TextEquiv>
                        <Unicode>Theater,</Unicode>
                    </TextEquiv>
                </Word>
                <Word id="tr_2_tl_17_w4" custom="readingOrder {index:3;}">
                    <Coords points="2232,3467 2232,3527 2244,3527 2244,3467"/>
                    <TextEquiv>
                        <Unicode>—</Unicode>
                    </TextEquiv>
                </Word>
                <Word id="tr_2_tl_17_w5" custom="readingOrder {index:4;}">
                    <Coords points="2299,3467 2299,3527 2430,3527 2430,3467"/>
                    <TextEquiv>
                        <Unicode>Spielen</Unicode>
                    </TextEquiv>
                </Word>
                <Word id="tr_2_tl_17_w6" custom="readingOrder {index:5;}">
                    <Coords points="2473,3469 2473,3529 2586,3529 2586,3469"/>
                    <TextEquiv>
                        <Unicode>unsre-</Unicode>
                    </TextEquiv>
                </Word>
                <Word id="tr_2_tl_17_w7" custom="readingOrder {index:6;}">
                    <Coords points="2599,3468 2599,3528 2707,3528 2707,3468"/>
                    <TextEquiv>
                        <Unicode>eignen</Unicode>
                    </TextEquiv>
                </Word>
                <Word id="tr_2_tl_17_w8" custom="readingOrder {index:7;}">
                    <Coords points="2743,3468 2743,3528 2869,3528 2869,3468"/>
                    <TextEquiv>
                        <Unicode>Stücke,</Unicode>
                    </TextEquiv>
                </Word>
                <TextEquiv>
                    <Unicode>spielen wir Theater, — Spielen unsre- eignen Stücke,</Unicode>
                </TextEquiv>
            </TextLine>
            <TextLine id="tr_2_tl_18" custom="readingOrder {index:17;}">
                <Coords points="1874,3567 2872,3563 2849,3512 2556,3542 1874,3508"/>
                <Baseline points="1881,3556 1930,3550 1980,3552 2030,3551 2079,3553 2129,3553 2179,3555 2228,3556 2278,3556 2328,3556 2378,3556 2427,3556 2477,3557 2527,3559 2576,3561 2626,3558 2676,3558 2725,3556 2775,3556 2825,3553 2875,3556"/>
                <Word id="tr_2_tl_18_w1" custom="readingOrder {index:0;}">
                    <Coords points="1870,3512 1870,3572 1955,3572 1955,3512"/>
                    <TextEquiv>
                        <Unicode>Früh</Unicode>
                    </TextEquiv>
                </Word>
                <Word id="tr_2_tl_18_w2" custom="readingOrder {index:1;}">
                    <Coords points="1986,3511 1986,3571 2102,3571 2102,3511"/>
                    <TextEquiv>
                        <Unicode>gereift</Unicode>
                    </TextEquiv>
                </Word>
                <Word id="tr_2_tl_18_w3" custom="readingOrder {index:2;}">
                    <Coords points="2121,3513 2121,3573 2181,3573 2181,3513"/>
                    <TextEquiv>
                        <Unicode>und</Unicode>
                    </TextEquiv>
                </Word>
                <Word id="tr_2_tl_18_w4" custom="readingOrder {index:3;}">
                    <Coords points="2213,3516 2213,3576 2279,3576 2279,3516"/>
                    <TextEquiv>
                        <Unicode>zart</Unicode>
                    </TextEquiv>
                </Word>
                <Word id="tr_2_tl_18_w5" custom="readingOrder {index:4;}">
                    <Coords points="2305,3516 2305,3576 2359,3576 2359,3516"/>
                    <TextEquiv>
                        <Unicode>und</Unicode>
                    </TextEquiv>
                </Word>
                <Word id="tr_2_tl_18_w6" custom="readingOrder {index:5;}">
                    <Coords points="2391,3516 2391,3576 2537,3576 2537,3516"/>
                    <TextEquiv>
                        <Unicode>traurig,</Unicode>
                    </TextEquiv>
                </Word>
                <Word id="tr_2_tl_18_w7" custom="readingOrder {index:6;}">
                    <Coords points="2556,3520 2556,3580 2567,3580 2567,3520"/>
                    <TextEquiv>
                        <Unicode>—</Unicode>
                    </TextEquiv>
                </Word>
                <Word id="tr_2_tl_18_w8" custom="readingOrder {index:7;}">
                    <Coords points="2617,3518 2617,3578 2678,3578 2678,3518"/>
                    <TextEquiv>
                        <Unicode>Die</Unicode>
                    </TextEquiv>
                </Word>
                <Word id="tr_2_tl_18_w9" custom="readingOrder {index:8;}">
                    <Coords points="2709,3515 2709,3575 2862,3575 2862,3515"/>
                    <TextEquiv>
                        <Unicode>Komödie</Unicode>
                    </TextEquiv>
                </Word>
                <TextEquiv>
                    <Unicode>Früh gereift und zart und traurig, — Die Komödie</Unicode>
                </TextEquiv>
            </TextLine>
            <TextLine id="tr_2_tl_19" custom="readingOrder {index:18;}">
                <Coords points="1811,3614 1881,3626 1931,3599 1981,3614 2009,3601 2105,3605 2105,3559 2086,3568 2033,3555 1955,3576 1941,3562 1886,3566 1832,3546 1811,3550"/>
                <Baseline points="1818,3598 1844,3598 1870,3598 1897,3598 1923,3597 1949,3595 1976,3597 2002,3598 2028,3596 2055,3596 2081,3598 2108,3598"/>
                <Word id="tr_2_tl_19_w1" custom="readingOrder {index:0;}">
                    <Coords points="1815,3558 1815,3618 1945,3618 1945,3558"/>
                    <TextEquiv>
                        <Unicode>unserer</Unicode>
                    </TextEquiv>
                </Word>
                <Word id="tr_2_tl_19_w2" custom="readingOrder {index:1;}">
                    <Coords points="1975,3556 1975,3616 2106,3616 2106,3556"/>
                    <TextEquiv>
                        <Unicode>Seele."</Unicode>
                    </TextEquiv>
                </Word>
                <TextEquiv>
                    <Unicode>unserer Seele."</Unicode>
                </TextEquiv>
            </TextLine>
            <TextLine id="tr_2_tl_20" custom="readingOrder {index:19;}">
                <Coords points="1889,3655 2860,3657 2860,3606 2728,3591 1889,3611"/>
                <Baseline points="1896,3649 1944,3648 1992,3646 2041,3646 2089,3646 2137,3646 2186,3646 2234,3646 2282,3646 2331,3646 2379,3647 2427,3648 2476,3646 2524,3646 2572,3647 2621,3647 2669,3648 2717,3647 2766,3646 2814,3649 2863,3646"/>
                <Word id="tr_2_tl_20_w1" custom="readingOrder {index:0;}">
                    <Coords points="1899,3606 1899,3666 2038,3666 2038,3606"/>
                    <TextEquiv>
                        <Unicode>„Früh</Unicode>
                    </TextEquiv>
                </Word>
                <Word id="tr_2_tl_20_w2" custom="readingOrder {index:1;}">
                    <Coords points="2068,3606 2068,3666 2250,3666 2250,3606"/>
                    <TextEquiv>
                        <Unicode>gereift</Unicode>
                    </TextEquiv>
                </Word>
                <Word id="tr_2_tl_20_w3" custom="readingOrder {index:2;}">
                    <Coords points="2279,3606 2279,3666 2362,3666 2362,3606"/>
                    <TextEquiv>
                        <Unicode>und</Unicode>
                    </TextEquiv>
                </Word>
                <Word id="tr_2_tl_20_w4" custom="readingOrder {index:3;}">
                    <Coords points="2391,3607 2391,3667 2495,3667 2495,3607"/>
                    <TextEquiv>
                        <Unicode>zart</Unicode>
                    </TextEquiv>
                </Word>
                <Word id="tr_2_tl_20_w5" custom="readingOrder {index:4;}">
                    <Coords points="2517,3606 2517,3666 2608,3666 2608,3606"/>
                    <TextEquiv>
                        <Unicode>und</Unicode>
                    </TextEquiv>
                </Word>
                <Word id="tr_2_tl_20_w6" custom="readingOrder {index:5;}">
                    <Coords points="2630,3606 2630,3666 2861,3666 2861,3606"/>
                    <TextEquiv>
                        <Unicode>traurig,"</Unicode>
                    </TextEquiv>
                </Word>
                <TextEquiv>
                    <Unicode>„Früh gereift und zart und traurig,"</Unicode>
                </TextEquiv>
            </TextLine>
            <TextLine id="tr_2_tl_21" custom="readingOrder {index:20;}">
                <Coords points="1808,3696 2870,3702 2870,3647 1808,3649"/>
                <Baseline points="1815,3691 1867,3688 1920,3688 1973,3688 2026,3688 2079,3688 2132,3691 2184,3691 2237,3691 2290,3691 2343,3693 2396,3694 2449,3694 2502,3691 2554,3691 2607,3691 2660,3694 2713,3691 2766,3691 2819,3691 2872,3694"/>
                <Word id="tr_2_tl_21_w1" custom="readingOrder {index:0;}">
                    <Coords points="1809,3650 1809,3710 1837,3710 1837,3650"/>
                    <TextEquiv>
                        <Unicode>so</Unicode>
                    </TextEquiv>
                </Word>
                <Word id="tr_2_tl_21_w2" custom="readingOrder {index:1;}">
                    <Coords points="1867,3648 1867,3708 1941,3708 1941,3648"/>
                    <TextEquiv>
                        <Unicode>war</Unicode>
                    </TextEquiv>
                </Word>
                <Word id="tr_2_tl_21_w3" custom="readingOrder {index:2;}">
                    <Coords points="1977,3648 1977,3708 2103,3708 2103,3648"/>
                    <TextEquiv>
                        <Unicode>Arthur</Unicode>
                    </TextEquiv>
                </Word>
                <Word id="tr_2_tl_21_w4" custom="readingOrder {index:3;}">
                    <Coords points="2132,3651 2132,3711 2329,3711 2329,3651"/>
                    <TextEquiv>
                        <Unicode>Schnitzler,</Unicode>
                    </TextEquiv>
                </Word>
                <Word id="tr_2_tl_21_w5" custom="readingOrder {index:4;}">
                    <Coords points="2353,3653 2353,3713 2381,3713 2381,3653"/>
                    <TextEquiv>
                        <Unicode>so</Unicode>
                    </TextEquiv>
                </Word>
                <Word id="tr_2_tl_21_w6" custom="readingOrder {index:5;}">
                    <Coords points="2410,3653 2410,3713 2514,3713 2514,3653"/>
                    <TextEquiv>
                        <Unicode>bleibt</Unicode>
                    </TextEquiv>
                </Word>
                <Word id="tr_2_tl_21_w7" custom="readingOrder {index:6;}">
                    <Coords points="2550,3651 2550,3711 2578,3711 2578,3651"/>
                    <TextEquiv>
                        <Unicode>er</Unicode>
                    </TextEquiv>
                </Word>
                <Word id="tr_2_tl_21_w8" custom="readingOrder {index:7;}">
                    <Coords points="2613,3652 2613,3712 2641,3712 2641,3652"/>
                    <TextEquiv>
                        <Unicode>im</Unicode>
                    </TextEquiv>
                </Word>
                <Word id="tr_2_tl_21_w9" custom="readingOrder {index:8;}">
                    <Coords points="2688,3651 2688,3711 2855,3711 2855,3651"/>
                    <TextEquiv>
                        <Unicode>Erinnern</Unicode>
                    </TextEquiv>
                </Word>
                <TextEquiv>
                    <Unicode>so war Arthur Schnitzler, so bleibt er im Erinnern</Unicode>
                </TextEquiv>
            </TextLine>
            <TextLine id="tr_2_tl_22" custom="readingOrder {index:21;}">
                <Coords points="1804,3734 2869,3742 2834,3698 1804,3694"/>
                <Baseline points="1812,3732 1865,3733 1918,3734 1971,3734 2024,3735 2077,3735 2130,3735 2183,3735 2236,3735 2289,3735 2342,3735 2395,3735 2448,3735 2501,3736 2554,3738 2607,3736 2660,3735 2713,3738 2766,3738 2819,3737 2872,3735"/>
                <Word id="tr_2_tl_22_w1" custom="readingOrder {index:0;}">
                    <Coords points="1805,3692 1805,3752 1856,3752 1856,3692"/>
                    <TextEquiv>
                        <Unicode>des</Unicode>
                    </TextEquiv>
                </Word>
                <Word id="tr_2_tl_22_w2" custom="readingOrder {index:1;}">
                    <Coords points="1886,3694 1886,3754 1977,3754 1977,3694"/>
                    <TextEquiv>
                        <Unicode>süßen</Unicode>
                    </TextEquiv>
                </Word>
                <Word id="tr_2_tl_22_w3" custom="readingOrder {index:2;}">
                    <Coords points="2007,3695 2007,3755 2133,3755 2133,3695"/>
                    <TextEquiv>
                        <Unicode>Wiener</Unicode>
                    </TextEquiv>
                </Word>
                <Word id="tr_2_tl_22_w4" custom="readingOrder {index:3;}">
                    <Coords points="2162,3695 2162,3755 2294,3755 2294,3695"/>
                    <TextEquiv>
                        <Unicode>Mädels</Unicode>
                    </TextEquiv>
                </Word>
                <Word id="tr_2_tl_22_w5" custom="readingOrder {index:4;}">
                    <Coords points="2324,3695 2324,3755 2381,3755 2381,3695"/>
                    <TextEquiv>
                        <Unicode>und</Unicode>
                    </TextEquiv>
                </Word>
                <Word id="tr_2_tl_22_w6" custom="readingOrder {index:5;}">
                    <Coords points="2411,3695 2411,3755 2474,3755 2474,3695"/>
                    <TextEquiv>
                        <Unicode>mit</Unicode>
                    </TextEquiv>
                </Word>
                <Word id="tr_2_tl_22_w7" custom="readingOrder {index:6;}">
                    <Coords points="2497,3696 2497,3756 2543,3756 2543,3696"/>
                    <TextEquiv>
                        <Unicode>ihm</Unicode>
                    </TextEquiv>
                </Word>
                <Word id="tr_2_tl_22_w8" custom="readingOrder {index:7;}">
                    <Coords points="2584,3695 2584,3755 2664,3755 2664,3695"/>
                    <TextEquiv>
                        <Unicode>aller</Unicode>
                    </TextEquiv>
                </Word>
                <Word id="tr_2_tl_22_w9" custom="readingOrder {index:8;}">
                    <Coords points="2688,3697 2688,3757 2860,3757 2860,3697"/>
                    <TextEquiv>
                        <Unicode>Empfind¬</Unicode>
                    </TextEquiv>
                </Word>
                <TextEquiv>
                    <Unicode>des süßen Wiener Mädels und mit ihm aller Empfind¬</Unicode>
                </TextEquiv>
            </TextLine>
            <TextLine id="tr_2_tl_23" custom="readingOrder {index:22;}">
                <Coords points="1808,3789 2872,3800 2856,3742 1808,3740"/>
                <Baseline points="1815,3780 1868,3778 1921,3779 1974,3779 2027,3780 2080,3780 2133,3777 2186,3777 2239,3778 2292,3780 2345,3780 2398,3780 2451,3777 2504,3777 2557,3777 2610,3777 2663,3780 2716,3780 2769,3780 2822,3780 2875,3783"/>
                <Word id="tr_2_tl_23_w1" custom="readingOrder {index:0;}">
                    <Coords points="1808,3738 1808,3798 1910,3798 1910,3738"/>
                    <TextEquiv>
                        <Unicode>samen</Unicode>
                    </TextEquiv>
                </Word>
                <Word id="tr_2_tl_23_w2" custom="readingOrder {index:1;}">
                    <Coords points="1947,3739 1947,3799 2003,3799 2003,3739"/>
                    <TextEquiv>
                        <Unicode>und</Unicode>
                    </TextEquiv>
                </Word>
                <Word id="tr_2_tl_23_w3" custom="readingOrder {index:2;}">
                    <Coords points="2035,3737 2035,3797 2318,3797 2318,3737"/>
                    <TextEquiv>
                        <Unicode>Empfindenden,</Unicode>
                    </TextEquiv>
                </Word>
                <Word id="tr_2_tl_23_w4" custom="readingOrder {index:3;}">
                    <Coords points="2339,3740 2339,3800 2364,3800 2364,3740"/>
                    <TextEquiv>
                        <Unicode>in</Unicode>
                    </TextEquiv>
                </Word>
                <Word id="tr_2_tl_23_w5" custom="readingOrder {index:4;}">
                    <Coords points="2396,3737 2396,3797 2483,3797 2483,3737"/>
                    <TextEquiv>
                        <Unicode>Wien</Unicode>
                    </TextEquiv>
                </Word>
                <Word id="tr_2_tl_23_w6" custom="readingOrder {index:5;}">
                    <Coords points="2515,3737 2515,3797 2576,3797 2576,3737"/>
                    <TextEquiv>
                        <Unicode>und</Unicode>
                    </TextEquiv>
                </Word>
                <Word id="tr_2_tl_23_w7" custom="readingOrder {index:6;}">
                    <Coords points="2608,3737 2608,3797 2633,3797 2633,3737"/>
                    <TextEquiv>
                        <Unicode>in</Unicode>
                    </TextEquiv>
                </Word>
                <Word id="tr_2_tl_23_w8" custom="readingOrder {index:7;}">
                    <Coords points="2664,3740 2664,3800 2715,3800 2715,3740"/>
                    <TextEquiv>
                        <Unicode>der</Unicode>
                    </TextEquiv>
                </Word>
                <Word id="tr_2_tl_23_w9" custom="readingOrder {index:8;}">
                    <Coords points="2742,3740 2742,3800 2855,3800 2855,3740"/>
                    <TextEquiv>
                        <Unicode>großen</Unicode>
                    </TextEquiv>
                </Word>
                <TextEquiv>
                    <Unicode>samen und Empfindenden, in Wien und in der großen</Unicode>
                </TextEquiv>
            </TextLine>
            <TextLine id="tr_2_tl_24" custom="readingOrder {index:23;}">
                <Coords points="1811,3823 2860,3839 2860,3794 2799,3784 1811,3789"/>
                <Baseline points="1818,3822 1870,3822 1922,3825 1974,3825 2027,3825 2079,3823 2131,3822 2183,3822 2236,3825 2288,3824 2340,3822 2392,3822 2445,3822 2497,3822 2549,3822 2601,3822 2654,3824 2706,3825 2758,3825 2810,3822 2863,3822"/>
                <Word id="tr_2_tl_24_w1" custom="readingOrder {index:0;}">
                    <Coords points="1811,3782 1811,3842 1903,3842 1903,3782"/>
                    <TextEquiv>
                        <Unicode>Welt,</Unicode>
                    </TextEquiv>
                </Word>
                <Word id="tr_2_tl_24_w2" custom="readingOrder {index:1;}">
                    <Coords points="1929,3785 1929,3845 1980,3845 1980,3785"/>
                    <TextEquiv>
                        <Unicode>der</Unicode>
                    </TextEquiv>
                </Word>
                <Word id="tr_2_tl_24_w3" custom="readingOrder {index:2;}">
                    <Coords points="2006,3785 2006,3845 2037,3845 2037,3785"/>
                    <TextEquiv>
                        <Unicode>er</Unicode>
                    </TextEquiv>
                </Word>
                <Word id="tr_2_tl_24_w4" custom="readingOrder {index:3;}">
                    <Coords points="2069,3782 2069,3842 2145,3842 2145,3782"/>
                    <TextEquiv>
                        <Unicode>dann</Unicode>
                    </TextEquiv>
                </Word>
                <Word id="tr_2_tl_24_w5" custom="readingOrder {index:4;}">
                    <Coords points="2182,3783 2182,3843 2249,3843 2249,3783"/>
                    <TextEquiv>
                        <Unicode>noch</Unicode>
                    </TextEquiv>
                </Word>
                <Word id="tr_2_tl_24_w6" custom="readingOrder {index:5;}">
                    <Coords points="2281,3783 2281,3843 2347,3843 2347,3783"/>
                    <TextEquiv>
                        <Unicode>eine</Unicode>
                    </TextEquiv>
                </Word>
                <Word id="tr_2_tl_24_w7" custom="readingOrder {index:6;}">
                    <Coords points="2373,3782 2373,3842 2461,3842 2461,3782"/>
                    <TextEquiv>
                        <Unicode>stolze</Unicode>
                    </TextEquiv>
                </Word>
                <Word id="tr_2_tl_24_w8" custom="readingOrder {index:7;}">
                    <Coords points="2492,3782 2492,3842 2590,3842 2590,3782"/>
                    <TextEquiv>
                        <Unicode>Reihe</Unicode>
                    </TextEquiv>
                </Word>
                <Word id="tr_2_tl_24_w9" custom="readingOrder {index:8;}">
                    <Coords points="2621,3783 2621,3843 2678,3843 2678,3783"/>
                    <TextEquiv>
                        <Unicode>von</Unicode>
                    </TextEquiv>
                </Word>
                <Word id="tr_2_tl_24_w10" custom="readingOrder {index:9;}">
                    <Coords points="2709,3783 2709,3843 2863,3843 2863,3783"/>
                    <TextEquiv>
                        <Unicode>Theater¬</Unicode>
                    </TextEquiv>
                </Word>
                <TextEquiv>
                    <Unicode>Welt, der er dann noch eine stolze Reihe von Theater¬</Unicode>
                </TextEquiv>
            </TextLine>
            <TextLine id="tr_2_tl_25" custom="readingOrder {index:24;}">
                <Coords points="1814,3876 2876,3873 2782,3825 1814,3827"/>
                <Baseline points="1821,3864 1873,3867 1926,3868 1979,3870 2032,3868 2085,3870 2138,3867 2190,3870 2243,3869 2296,3867 2349,3867 2402,3867 2455,3867 2508,3867 2560,3867 2613,3867 2666,3872 2719,3873 2772,3869 2825,3867 2878,3870"/>
                <Word id="tr_2_tl_25_w1" custom="readingOrder {index:0;}">
                    <Coords points="1809,3826 1809,3886 1908,3886 1908,3826"/>
                    <TextEquiv>
                        <Unicode>stücken</Unicode>
                    </TextEquiv>
                </Word>
                <Word id="tr_2_tl_25_w2" custom="readingOrder {index:1;}">
                    <Coords points="1947,3828 1947,3888 2096,3888 2096,3828"/>
                    <TextEquiv>
                        <Unicode>schenkte,</Unicode>
                    </TextEquiv>
                </Word>
                <Word id="tr_2_tl_25_w3" custom="readingOrder {index:2;}">
                    <Coords points="2119,3827 2119,3887 2175,3887 2175,3827"/>
                    <TextEquiv>
                        <Unicode>den</Unicode>
                    </TextEquiv>
                </Word>
                <Word id="tr_2_tl_25_w4" custom="readingOrder {index:3;}">
                    <Coords points="2214,3827 2214,3887 2369,3887 2369,3827"/>
                    <TextEquiv>
                        <Unicode>„Grünen</Unicode>
                    </TextEquiv>
                </Word>
                <Word id="tr_2_tl_25_w5" custom="readingOrder {index:4;}">
                    <Coords points="2408,3827 2408,3887 2579,3887 2579,3827"/>
                    <TextEquiv>
                        <Unicode>Kakadu",</Unicode>
                    </TextEquiv>
                </Word>
                <Word id="tr_2_tl_25_w6" custom="readingOrder {index:5;}">
                    <Coords points="2602,3828 2602,3888 2657,3888 2657,3828"/>
                    <TextEquiv>
                        <Unicode>den</Unicode>
                    </TextEquiv>
                </Word>
                <Word id="tr_2_tl_25_w7" custom="readingOrder {index:6;}">
                    <Coords points="2696,3828 2696,3888 2862,3888 2862,3828"/>
                    <TextEquiv>
                        <Unicode>„Schleier</Unicode>
                    </TextEquiv>
                </Word>
                <TextEquiv>
                    <Unicode>stücken schenkte, den „Grünen Kakadu", den „Schleier</Unicode>
                </TextEquiv>
            </TextLine>
            <TextLine id="tr_2_tl_26" custom="readingOrder {index:25;}">
                <Coords points="1808,3918 2870,3926 2870,3875 1808,3873"/>
                <Baseline points="1815,3912 1867,3909 1920,3912 1973,3914 2026,3915 2079,3915 2132,3915 2184,3917 2237,3915 2290,3913 2343,3912 2396,3912 2449,3912 2502,3916 2554,3917 2607,3913 2660,3917 2713,3921 2766,3917 2819,3915 2872,3915"/>
                <Word id="tr_2_tl_26_w1" custom="readingOrder {index:0;}">
                    <Coords points="1809,3871 1809,3931 1853,3931 1853,3871"/>
                    <TextEquiv>
                        <Unicode>der</Unicode>
                    </TextEquiv>
                </Word>
                <Word id="tr_2_tl_26_w2" custom="readingOrder {index:1;}">
                    <Coords points="1888,3874 1888,3934 2080,3934 2080,3874"/>
                    <TextEquiv>
                        <Unicode>Beatrice",</Unicode>
                    </TextEquiv>
                </Word>
                <Word id="tr_2_tl_26_w3" custom="readingOrder {index:2;}">
                    <Coords points="2103,3875 2103,3935 2159,3935 2159,3875"/>
                    <TextEquiv>
                        <Unicode>den</Unicode>
                    </TextEquiv>
                </Word>
                <Word id="tr_2_tl_26_w4" custom="readingOrder {index:3;}">
                    <Coords points="2199,3872 2199,3932 2391,3932 2391,3872"/>
                    <TextEquiv>
                        <Unicode>„Einsamen</Unicode>
                    </TextEquiv>
                </Word>
                <Word id="tr_2_tl_26_w5" custom="readingOrder {index:4;}">
                    <Coords points="2432,3875 2432,3935 2550,3935 2550,3875"/>
                    <TextEquiv>
                        <Unicode>Weg",</Unicode>
                    </TextEquiv>
                </Word>
                <Word id="tr_2_tl_26_w6" custom="readingOrder {index:5;}">
                    <Coords points="2596,3874 2596,3934 2652,3934 2652,3874"/>
                    <TextEquiv>
                        <Unicode>den</Unicode>
                    </TextEquiv>
                </Word>
                <Word id="tr_2_tl_26_w7" custom="readingOrder {index:6;}">
                    <Coords points="2698,3876 2698,3936 2850,3936 2850,3876"/>
                    <TextEquiv>
                        <Unicode>„Jungen</Unicode>
                    </TextEquiv>
                </Word>
                <TextEquiv>
                    <Unicode>der Beatrice", den „Einsamen Weg", den „Jungen</Unicode>
                </TextEquiv>
            </TextLine>
            <TextLine id="tr_2_tl_27" custom="readingOrder {index:26;}">
                <Coords points="1804,3959 2869,3963 2869,3923 2789,3918 1804,3919"/>
                <Baseline points="1812,3956 1865,3956 1918,3956 1971,3958 2024,3961 2077,3962 2130,3959 2183,3958 2236,3956 2289,3958 2342,3957 2395,3959 2448,3957 2501,3961 2554,3962 2607,3957 2660,3959 2713,3956 2766,3959 2819,3959 2872,3956"/>
                <Word id="tr_2_tl_27_w1" custom="readingOrder {index:0;}">
                    <Coords points="1811,3916 1811,3976 2028,3976 2028,3916"/>
                    <TextEquiv>
                        <Unicode>Medardus",</Unicode>
                    </TextEquiv>
                </Word>
                <Word id="tr_2_tl_27_w2" custom="readingOrder {index:1;}">
                    <Coords points="2059,3918 2059,3978 2247,3978 2247,3918"/>
                    <TextEquiv>
                        <Unicode>„Professor</Unicode>
                    </TextEquiv>
                </Word>
                <Word id="tr_2_tl_27_w3" custom="readingOrder {index:2;}">
                    <Coords points="2277,3918 2277,3978 2506,3978 2506,3918"/>
                    <TextEquiv>
                        <Unicode>Bérnhardi",</Unicode>
                    </TextEquiv>
                </Word>
                <Word id="tr_2_tl_27_w4" custom="readingOrder {index:3;}">
                    <Coords points="2536,3918 2536,3978 2641,3978 2641,3918"/>
                    <TextEquiv>
                        <Unicode>„Fink</Unicode>
                    </TextEquiv>
                </Word>
                <Word id="tr_2_tl_27_w5" custom="readingOrder {index:4;}">
                    <Coords points="2672,3916 2672,3976 2736,3976 2736,3916"/>
                    <TextEquiv>
                        <Unicode>und</Unicode>
                    </TextEquiv>
                </Word>
                <Word id="tr_2_tl_27_w6" custom="readingOrder {index:5;}">
                    <Coords points="2772,3919 2772,3979 2859,3979 2859,3919"/>
                    <TextEquiv>
                        <Unicode>Flie¬</Unicode>
                    </TextEquiv>
                </Word>
                <TextEquiv>
                    <Unicode>Medardus", „Professor Bérnhardi", „Fink und Flie¬</Unicode>
                </TextEquiv>
            </TextLine>
            <TextLine id="tr_2_tl_28" custom="readingOrder {index:27;}">
                <Coords points="1804,4007 2873,4015 2873,3971 2831,3964 1804,3959"/>
                <Baseline points="1812,4001 1865,4001 1918,4001 1971,4004 2024,4005 2077,4004 2130,4004 2184,4002 2237,4004 2290,4004 2343,4007 2396,4007 2449,4004 2502,4004 2556,4004 2609,3999 2662,4004 2715,4004 2768,4004 2821,4004 2875,4004"/>
                <Word id="tr_2_tl_28_w1" custom="readingOrder {index:0;}">
                    <Coords points="1805,3961 1805,4021 1986,4021 1986,3961"/>
                    <TextEquiv>
                        <Unicode>derbusch",</Unicode>
                    </TextEquiv>
                </Word>
                <Word id="tr_2_tl_28_w2" custom="readingOrder {index:1;}">
                    <Coords points="2014,3964 2014,4024 2118,4024 2118,3964"/>
                    <TextEquiv>
                        <Unicode>zuletzt</Unicode>
                    </TextEquiv>
                </Word>
                <Word id="tr_2_tl_28_w3" custom="readingOrder {index:2;}">
                    <Coords points="2152,3962 2152,4022 2202,4022 2202,3962"/>
                    <TextEquiv>
                        <Unicode>den</Unicode>
                    </TextEquiv>
                </Word>
                <Word id="tr_2_tl_28_w4" custom="readingOrder {index:3;}">
                    <Coords points="2247,3964 2247,4024 2356,4024 2356,3964"/>
                    <TextEquiv>
                        <Unicode>„Gang</Unicode>
                    </TextEquiv>
                </Word>
                <Word id="tr_2_tl_28_w5" custom="readingOrder {index:4;}">
                    <Coords points="2396,3965 2396,4025 2445,4025 2445,3965"/>
                    <TextEquiv>
                        <Unicode>zum</Unicode>
                    </TextEquiv>
                </Word>
                <Word id="tr_2_tl_28_w6" custom="readingOrder {index:5;}">
                    <Coords points="2495,3961 2495,4021 2660,4021 2660,3961"/>
                    <TextEquiv>
                        <Unicode>Weiher",</Unicode>
                    </TextEquiv>
                </Word>
                <Word id="tr_2_tl_28_w7" custom="readingOrder {index:6;}">
                    <Coords points="2689,3964 2689,4024 2749,4024 2749,3964"/>
                    <TextEquiv>
                        <Unicode>und</Unicode>
                    </TextEquiv>
                </Word>
                <Word id="tr_2_tl_28_w8" custom="readingOrder {index:7;}">
                    <Coords points="2788,3964 2788,4024 2854,4024 2854,3964"/>
                    <TextEquiv>
                        <Unicode>eine</Unicode>
                    </TextEquiv>
                </Word>
                <TextEquiv>
                    <Unicode>derbusch", zuletzt den „Gang zum Weiher", und eine</Unicode>
                </TextEquiv>
            </TextLine>
            <TextLine id="tr_2_tl_29" custom="readingOrder {index:28;}">
                <Coords points="1877,4055 2489,4083 2778,4053 2778,4015 2694,4006 1877,4002"/>
                <Baseline points="1884,4046 1928,4046 1973,4049 2018,4052 2063,4052 2108,4052 2152,4055 2197,4052 2242,4052 2287,4052 2332,4052 2376,4052 2421,4052 2466,4052 2511,4049 2556,4049 2600,4049 2645,4049 2690,4046 2735,4049 2780,4052"/>
                <Word id="tr_2_tl_29_w1" custom="readingOrder {index:0;}">
                    <Coords points="1873,4006 1873,4066 1896,4066 1896,4006"/>
                    <TextEquiv>
                        <Unicode>le</Unicode>
                    </TextEquiv>
                </Word>
                <Word id="tr_2_tl_29_w2" custom="readingOrder {index:1;}">
                    <Coords points="1927,4007 1927,4067 1980,4067 1980,4007"/>
                    <TextEquiv>
                        <Unicode>von</Unicode>
                    </TextEquiv>
                </Word>
                <Word id="tr_2_tl_29_w3" custom="readingOrder {index:2;}">
                    <Coords points="2023,4012 2023,4072 2192,4072 2192,4012"/>
                    <TextEquiv>
                        <Unicode>klassischen</Unicode>
                    </TextEquiv>
                </Word>
                <Word id="tr_2_tl_29_w4" custom="readingOrder {index:3;}">
                    <Coords points="2229,4012 2229,4072 2453,4072 2453,4012"/>
                    <TextEquiv>
                        <Unicode>Erzählungen</Unicode>
                    </TextEquiv>
                </Word>
                <Word id="tr_2_tl_29_w5" custom="readingOrder {index:4;}">
                    <Coords points="2496,4009 2496,4069 2556,4069 2556,4009"/>
                    <TextEquiv>
                        <Unicode>und</Unicode>
                    </TextEquiv>
                </Word>
                <Word id="tr_2_tl_29_w6" custom="readingOrder {index:5;}">
                    <Coords points="2593,4006 2593,4066 2768,4066 2768,4006"/>
                    <TextEquiv>
                        <Unicode>Novellen.</Unicode>
                    </TextEquiv>
                </Word>
                <TextEquiv>
                    <Unicode>le von klassischen Erzählungen und Novellen.</Unicode>
                </TextEquiv>
            </TextLine>
            <TextEquiv>
                <Unicode></Unicode>
            </TextEquiv>
        </TextRegion>
    </Page>
</PcGts>
