3436 4320
203 353 294 413 2.

415 370 956 430 chnitzler's
1014 361 1246 421 Death

1449 361 1582 421 box
1660 366 1856 426 42/6

469 1225 836 1285 DOBSI

868 1225 1202 1285 ERVER

565 1282 590 1342 I.
604 1282 726 1342 österr.
735 1284 887 1344 behördl.
901 1284 1201 1344 konzessioniertes

518 1324 759 1384 Unternehmen
786 1324 835 1384 für
862 1324 1251 1384 Zeitungs-Ausschnitte

569 1381 724 1441 WIEN,
752 1387 799 1447 I.,
827 1386 1112 1446 WOLLZEILE
1160 1387 1206 1447 11

670 1436 893 1496 TELEPHON
927 1437 1106 1497 R-23-0-43

462 1578 695 1638 Ausschnitt
718 1581 812 1641 aus:

538 1644 727 1704 Wiener
777 1643 1000 1703 Neueste
1051 1640 1340 1700 Nachrich¬

981 1698 1069 1758 ten

801 1757 1174 1817 22.10.1901.

470 1805 594 1865 vom:

1579 1990 1720 2050 lichkeit
1734 1992 1771 2052 je
1786 1993 1900 2053 zuteil
1916 1994 2044 2054 wurde.
2071 1996 2250 2056 „Anatol"
2279 1999 2342 2059 und
2370 1999 2536 2059 „Liebelei
2589 1999 2692 2059 waren
2746 2002 2796 2062 die
2823 2004 2899 2064 noch
2926 2005 3017 2065 nicht
3031 2005 3094 2065 vom
3134 2008 3223 2068 Ater
3250 2011 3300 2071 des

425 2014 586 2074 Rorberi
612 2016 785 2076 Wilisch:

1578 2037 1613 2097 es
1643 2037 1707 2097 vor
1732 2039 1850 2099 allem,
1874 2040 1926 2100 die
1957 2040 2056 2100 dieser
2086 2043 2358 2103 Lebenshaltung
2394 2046 2595 2106 künstlerisch
2625 2045 2677 2105 kon

2727 2044 2779 2104 Es
2819 2046 2857 2106 ist
2891 2052 2969 2112 stets
3009 2055 3147 2115 dieselbe
3180 2055 3317 2115 verwirn

1581 2085 1712 2145 formen
1752 2088 1922 2148 Ausdruck
1958 2091 2081 2151 gaben.

732 2097 888 2157 Arlur
920 2100 1173 2160 Schnitzler
1205 2092 1225 2152 *

2731 2096 2903 2156 Melodie,
2930 2099 2981 2159 die
3007 2100 3038 2160 in
3078 2103 3154 2163 allen
3194 2106 3315 2166 Werken

1616 2133 1681 2193 Die
1705 2134 1812 2194 Seele
1842 2136 1943 2196 dieser
1980 2136 2146 2196 Menschen
2188 2138 2229 2198 ist
2260 2139 2300 2199 ein
2337 2141 2456 2201 weites
2492 2141 2605 2201 Land,
2635 2142 2694 2202 wie
2730 2145 2861 2205 nahen,
2891 2150 3337 2210 Fin-de-siècle=Stimmur

583 2157 699 2217 Gestern
750 2158 782 2218 um
833 2159 890 2219 ¼7
933 2160 990 2220 Uhr
1033 2162 1141 2222 abends
1184 2161 1225 2221 ist
1267 2164 1374 2224 Dostor
1417 2165 1508 2225 Artur

1577 2183 1764 2243 Schnitzler
1802 2183 1833 2243 in
1878 2186 1971 2246 einer
2010 2186 2115 2246 seiner
2161 2190 2442 2250 Tragikomödien
2487 2190 2555 2250 mit
2587 2190 2699 2250 feiner
2737 2193 2913 2253 abstrakten
2963 2198 3145 2258 Romantik
3183 2200 3239 2260 des
3277 2205 3333 2265 letz

544 2196 780 2256 Schnitzler,
807 2199 918 2259 wenige
950 2199 1075 2259 Monate
1111 2199 1159 2259 vor
1196 2202 1383 2262 Vollendung
1423 2205 1512 2265 seines

1576 2231 1792 2291 Einfühlung
1829 2233 1919 2293 sagt.
1938 2231 1991 2291 So
2028 2231 2064 2291 ist
2095 2233 2142 2293 es.
2167 2233 2233 2293 Sie
2264 2237 2324 2297 hat
2354 2237 2451 2297 Raum
2500 2237 2554 2297 für
2584 2237 2686 2297 vieles

545 2231 593 2291 70.
617 2234 834 2294 Lebensjahres
863 2237 1022 2297 gestorben.
1047 2240 1234 2300 Vormittags
1269 2242 1350 2302 hatte
1380 2241 1423 2301 er,
1447 2242 1509 2302 noch

2733 2240 2814 2300 hört
2846 2240 2915 2300 man
2959 2243 3015 2303 aus
3053 2244 3109 2304 ihr
3141 2246 3279 2306 heraus,

536 2270 591 2330 wie
624 2272 743 2332 täglich,
776 2274 854 2334 einen
896 2276 1098 2336 Spaziergang
1135 2279 1282 2339 gemacht.
1315 2277 1383 2337 Nach
1425 2279 1512 2339 seiner

1576 2282 1611 2342 ja
1647 2279 1705 2339 für
1741 2281 1847 2341 alles,
1884 2282 1948 2342 nur
1984 2282 2042 2342 für
2078 2281 2173 2341 eines
2215 2282 2255 2342 ist
2285 2284 2332 2344 sie
2368 2287 2403 2347 zu
2445 2287 2504 2347 eng
2546 2287 2610 2347 und
2658 2288 2692 2348 zu

2731 2288 2891 2348 feinerten
2936 2293 3193 2353 Seelenlebens,
3226 2297 3290 2357 nur

545 2311 679 2371 Rückkehr
709 2312 733 2372 in
762 2311 805 2371 die
834 2312 983 2372 Wohnung
1013 2315 1109 2375 wurde
1138 2315 1162 2375 er
1191 2317 1258 2377 nach
1288 2316 1321 2376 11
1351 2318 1408 2378 Uhr
1433 2317 1514 2377 plötz¬

1576 2327 1682 2387 flach:
1714 2329 1782 2389 Für
1820 2330 1870 2390 die
1903 2329 2046 2389 Stärke,
2072 2332 2127 2392 für
2160 2333 2215 2393 die
2248 2333 2378 2393 Größe.
2410 2334 2473 2394 Die
2511 2335 2611 2395 Wege
2643 2334 2698 2394 der
2737 2338 2931 2398 wirklicher,
2950 2341 3157 2401 wahrhafter
3189 2344 3313 2404 Jugend

536 2348 586 2408 lich
623 2351 788 2411 bewußtlos
830 2352 884 2412 und
922 2353 967 2413 kam
1018 2354 1091 2414 nicht
1123 2355 1205 2415 mehr
1243 2356 1293 2416 zur
1330 2357 1499 2417 Besinnung

1576 2376 1731 2436 Gärten,
1750 2376 1780 2436 in
1805 2377 1901 2437 denen
1938 2378 1991 2438 sich
2017 2381 2215 2441 Schnitzlers
2246 2383 2360 2443 Poesie
2385 2382 2517 2442 ergeht,
2536 2383 2602 2443 sind
2632 2381 2698 2441 sehr

2730 2386 2923 2446 gewandelt

2956 2390 3026 2450 hat,
3059 2390 3103 2450 ist
3137 2390 3220 2450 nicht
3253 2392 3304 2452 der

536 2387 692 2447 Schnitzler
720 2388 766 2448 litt
794 2390 826 2450 an
859 2390 937 2450 einer
960 2393 1333 2453 Herzmuskelentartung.
1356 2396 1393 2456 Er
1416 2396 1512 2456 dürfte

1632 2423 1694 2483 oft
1717 2426 1808 2486 mehr
1837 2426 1927 2486 durch
1962 2427 2193 2487 Künstlichkeit
2217 2431 2268 2491 als
2296 2431 2386 2491 durch
2422 2431 2534 2491 Natur
2564 2428 2574 2488 —
2631 2429 2698 2489 ver¬

538 2426 618 2486 einem
669 2430 877 2490 Gehirnschlag
913 2431 1024 2491 erlegen
1065 2431 1135 2491 sein.

2730 2433 2931 2493 Verhältnis
2970 2434 3026 2494 zur
3065 2437 3222 2497 Umwelt.
3254 2440 3297 2500 Ir

1575 2470 1695 2530 zweigt
1731 2471 1794 2531 und
1835 2473 2020 2533 verwirrt;
2049 2476 2095 2536 sie
2131 2478 2321 2538 vermitteln
2362 2479 2396 2539 in
2437 2481 2680 2541 raffinierteste

2735 2479 2809 2539 Zeit
2830 2482 3007 2542 erschienen
3042 2485 3089 2545 die
3111 2486 3307 2546 Charaktere

476 2499 705 2559 Janusköpfig
748 2501 833 2561 steht
870 2500 930 2560 das
973 2506 1282 2566 Oesterreichertum
1350 2506 1440 2566 schon
1495 2507 1555 2567 seit

1580 2520 1668 2580 Form
1722 2520 1774 2580 die
1816 2524 2130 2584 mannigfaltigsten
2178 2527 2377 2587 Eindrücke;
2414 2526 2484 2586 was
2532 2529 2573 2589 sie
2621 2528 2697 2588 aber
2734 2527 2827 2587 Ding
2869 2530 2945 2590 trug

2984 2532 3066 2592 seine
3105 2533 3207 2593 starke
3246 2536 3322 2596 Loko

421 2548 663 2608 Jahrzehnten
712 2549 744 2609 im
798 2551 976 2611 modernen
1025 2552 1148 2612 Leben.
1187 2552 1262 2612 Das
1311 2553 1386 2613 eine
1429 2553 1531 2613 Antli

1578 2566 1669 2626 nicht
1699 2569 1825 2629 haben,
1855 2570 1912 2630 das
1954 2572 1994 2632 ist
2023 2572 2074 2632 die
2110 2575 2213 2635 große
2248 2575 2526 2635 Tiefenrichtung
2567 2574 2595 2634 in
2636 2572 2670 2632 da

2725 2578 2934 2638 Dichtungen
2981 2578 3020 2638 ist
3053 2580 3111 2640 das
3152 2584 3282 2644 Kolorit

423 2594 539 2654 schaut
567 2595 749 2655 wehmütig
783 2599 1092 2659 abschiednehmend
1131 2601 1186 2661 das
1225 2602 1462 2662 Vergehende,
1485 2602 1540 2662 da¬

1575 2614 1661 2674 letzte
1690 2617 1840 2677 Dunkel.
1864 2616 1967 2676 Schön
2009 2620 2072 2680 und
2102 2623 2176 2683 zart
2200 2623 2321 2683 glühen
2356 2624 2408 2684 die
2437 2625 2564 2685 Farben
2605 2624 2674 2684 eine

2727 2624 2864 2684 blasser.
2904 2626 2982 2686 Das
3023 2625 3080 2685 18.
3114 2631 3329 2691 Jahrhundei

426 2641 555 2701 andere
579 2643 652 2703 faßt
669 2644 725 2704 das
755 2644 856 2704 Leben
885 2644 941 2704 fest
964 2646 1014 2706 ins
1043 2648 1156 2708 Auge,
1174 2649 1201 2709 es
1231 2649 1264 2709 in
1293 2649 1395 2709 seinen
1429 2649 1541 2709 tiefster

1575 2663 1918 2723 impressionistischen
1954 2667 2195 2727 Welterlebens
2226 2670 2296 2730 auf.
2320 2672 2391 2732 Ihr
2415 2670 2557 2730 feuchter
2587 2670 2698 2730 Glanz

2728 2670 2879 2730 Weiher"
2914 2670 2968 2730 den
2996 2675 3147 2735 Rahmen
3182 2679 3264 2739 gibt,
3285 2678 3333 2738 bli

425 2686 585 2746 Gründen
622 2692 804 2752 bejahend.
833 2694 959 2754 Beiden
1002 2696 1255 2756 Weltansichten
1298 2696 1368 2756 sind
1404 2697 1544 2757 Dichter
1581 2705 1657 2765 liegt
1686 2712 1777 2772 nicht
1806 2713 1868 2773 nur
1904 2712 1967 2772 auf
1996 2714 2045 2774 den
2088 2716 2256 2776 Gestalten
2292 2718 2355 2778 aus
2391 2718 2447 2778 der
2476 2719 2686 2779 Gegenwart

2726 2721 2885 2781 nirgends
2935 2721 3076 2781 konkrete
3113 2724 3254 2784 Formen
3292 2726 3310 2786 a

417 2736 618 2796 erstanden,
645 2739 742 2799 deren
782 2741 912 2801 Namen
958 2742 1068 2802 Klang
1108 2745 1212 2805 haben
1258 2745 1336 2805 weit
1369 2745 1453 2805 über
1493 2750 1538 2810 die
1571 2756 1603 2816 er
1630 2759 1812 2819 schimmert
1832 2762 1903 2822 auch
1930 2762 1968 2822 um
2008 2761 2190 2821 historische
2211 2763 2379 2823 Personen
2406 2765 2438 2825 in
2465 2766 2516 2826 dem
2556 2767 2686 2827 Drama
2726 2764 2849 2824 Milieu
2883 2769 2986 2829 bleibt
3013 2772 3267 2832 Schattenspiel,
3287 2774 3319 2834 au

420 2785 570 2845 Grenzen
604 2787 832 2847 Oesterreichs
866 2787 926 2847 und
960 2790 1015 2850 des
1044 2793 1210 2853 deutschen
1250 2792 1372 2852 Volkes
1400 2793 1528 2853 hinaus

1570 2809 1666 2869 „Der
1695 2807 1796 2867 junge
1825 2811 2041 2871 Medardus"
2081 2811 2143 2871 und
2177 2812 2205 2872 in
2245 2812 2296 2872 dem
2342 2814 2557 2874 malerischen
2592 2815 2682 2875 Spie

2729 2815 2784 2875 dem
2834 2817 2946 2877 Guten
3003 2822 3156 2882 greifen,
3205 2823 3269 2883 und

425 2832 500 2892 Der
528 2833 597 2893 eine
625 2835 662 2895 ist
690 2836 781 2896 Karl
803 2838 1019 2898 Schönherr,
1041 2840 1094 2900 der
1122 2839 1245 2899 andere
1278 2836 1289 2896 —
1343 2838 1413 2898 war
1440 2839 1521 2899 Artu

1570 2852 1632 2912 aus
1672 2853 1728 2913 der
1769 2856 2063 2916 Renaissancezeit
2104 2860 2279 2920 „Schleier
2313 2861 2369 2921 der
2410 2863 2590 2923 Beatrice“

2720 2863 2909 2923 Schatten.

421 2878 629 2938 Schnitzler.
664 2883 739 2943 Daß
786 2883 872 2943 diese
914 2883 994 2943 zwei
1035 2883 1093 2943 für
1134 2885 1196 2945 das
1238 2883 1446 2943 Empfinden
1493 2886 1544 2946 der

1615 2902 1666 2962 In
1702 2902 1794 2962 einen
1830 2903 1928 2963 süßen
1969 2908 2218 2968 Fliedergeruch
2254 2909 2295 2969 ist
2324 2909 2405 2969 alles
2440 2912 2591 2972 gehüllt,
2615 2912 2689 2972 auch

2776 2909 2826 2969 Es
2861 2912 2904 2972 ist
2931 2915 3034 2975 etwas
3069 2915 3233 2975 seltsames
3268 2918 3310 2978 un

421 2927 584 2987 jüngeren
614 2928 827 2988 Generation
864 2930 949 2990 nahe
985 2933 1320 2993 beisammenstehen,
1343 2934 1427 2994 liegt
1457 2939 1542 2999 nicht
1571 2949 1620 3009 die
1657 2952 1799 3012 Tragik.
1828 2951 1899 3011 Aus
1935 2952 1992 3012 dem
2043 2954 2213 3014 wortlosen
2257 2958 2470 3018 Tanzdrama
2507 2960 2685 3020 „Schleier
2721 2958 2828 3018 Wenn
2864 2959 2892 3019 es
2929 2961 3013 3021 nicht
3036 2963 3071 3023 zu
3100 2965 3242 3025 paradox
3271 2966 3299 3026 er

423 2972 456 3032 in
490 2977 577 3037 ihrem
622 2977 760 3037 Wesen,
783 2981 843 3041 das
877 2978 915 3038 sie
944 2980 1021 3040 eher
1049 2981 1126 3041 weit
1154 2983 1392 3043 voneinander
1421 2982 1536 3042 trennt

1572 2996 1628 3056 der
1668 2998 1837 3058 Pierette“
1878 2999 1962 3059 wird
2002 3001 2036 3061 es
2076 3003 2104 3063 so
2150 3004 2235 3064 recht
2269 3005 2405 3065 deutlich
2445 3007 2603 3067 fühlbar,
2637 3006 2682 3066 wi

2719 3005 2786 3065 daß
2818 3008 2867 3068 dem
2911 3011 3109 3071 inneren
3141 3014 3246 3074 Wesen
3277 3014 3313 3074 na

426 3021 469 3081 Es
503 3026 585 3086 liegt
609 3025 680 3085 auch
719 3025 808 3085 nicht
836 3026 863 3086 in
897 3027 991 3087 ihrem
1036 3031 1279 3091 Lebensgang.
1301 3029 1406 3089 Beide
1435 3030 1539 3090 warer

1575 3044 1776 3104 Schnitzlers
1805 3046 1914 3106 Wesen
1943 3049 2029 3109 sind.
2053 3052 2352 3112 Todesmüdigkeit
2381 3052 2444 3112 und
2473 3052 2588 3112 müder
2617 3052 2686 3112 Tot

2722 3054 2822 3114 sogut
2848 3055 2910 3115 von
2949 3057 2998 3117 dem
3044 3058 3213 3118 alternden
3245 3058 3326 3118 Schi

410 3070 446 3130 in
483 3072 570 3132 ihrem
622 3073 847 3133 bürgerlichen
892 3074 1009 3134 Beruf
1039 3076 1177 3136 Aerzte;
1207 3078 1264 3138 das
1302 3078 1344 3138 ist
1375 3078 1542 3138 vielleicht
1573 3086 1608 3146 am
1660 3094 1820 3154 Anfang,
1850 3095 1915 3155 Tod
1952 3096 1988 3156 am
2040 3099 2193 3159 Schluß.
2216 3099 2288 3159 Wie
2318 3100 2682 3160 Hollunderkügelcher

2720 3101 2783 3161 wie
2816 3106 3007 3166 umgekehrt
3034 3106 3084 3166 die
3117 3108 3219 3168 späten
3252 3108 3309 3168 von

423 3118 479 3178 für
508 3121 558 3181 die
581 3121 671 3181 Zeit,
700 3121 727 3181 in
762 3122 818 3182 der
847 3123 886 3183 sie
915 3124 943 3184 zu
977 3124 1129 3184 Dichtern
1163 3125 1321 3185 wurden,
1345 3127 1525 3187 symptoma

1568 3139 1598 3199 im
1654 3142 1857 3202 elektrischen
1907 3142 2017 3202 Strom
2080 3147 2197 3207 tanzen
2247 3146 2327 3206 diese
2371 3148 2481 3208 Wesen
2531 3150 2685 3210 zwischen
2722 3151 2901 3211 erlebnisse
2926 3153 2981 3213 des
3012 3156 3129 3216 jungen
3167 3155 3228 3215 und
3259 3157 3308 3217 des

411 3167 484 3227 tisch
519 3169 741 3229 interessant,
765 3172 873 3232 macht
908 3169 935 3229 es
977 3169 1050 3229 aber
1085 3172 1176 3232 nicht
1205 3174 1290 3234 aus.
1314 3172 1359 3232 Es
1399 3172 1439 3232 ist
1468 3173 1530 3233 viel

1576 3187 1656 3247 zwei
1674 3191 1783 3251 Enden
1812 3193 1863 3253 hin
1893 3193 1956 3253 und
1985 3193 2059 3253 her.
2077 3195 2128 3255 Ist
2153 3196 2204 3256 der
2228 3196 2406 3256 erregende
2429 3196 2509 3256 Reiz
2533 3199 2694 3259 vorüber,
2723 3201 2890 3261 einander
2920 3200 2977 3260 auf
3000 3201 3086 3261 ganz
3110 3204 3322 3264 merkwürdig

417 3212 509 3272 mehr
532 3215 559 3275 in
589 3217 674 3277 jenem
718 3218 975 3278 Doppelgesicht
998 3217 1090 3277 ihrer
1112 3220 1320 3280 Generation
1357 3223 1542 3283 begründet
1571 3237 1700 3297 klappen
1737 3239 1786 3299 die
1808 3240 1929 3300 Flügel
1959 3241 2015 3301 der
2038 3242 2159 3302 Seelen
2196 3246 2381 3306 zusammen
2411 3245 2481 3305 und
2512 3247 2554 3307 sie
2576 3248 2683 3308 liegen
2727 3247 2862 3307 klären?
2891 3247 2941 3307 Es
2971 3249 3042 3309 gibt
3064 3251 3285 3311 Dichtungen,

410 3264 473 3324 und
517 3265 631 3325 bindet
668 3264 710 3324 sie
747 3264 803 3324 als
840 3265 1054 3325 Gegenpole.
1083 3267 1270 3327 Schnitzler
1306 3269 1370 3329 hat
1407 3267 1434 3327 in
1478 3273 1535 3333 der
1564 3282 1628 3342 wie
1657 3283 1721 3343 tote
1751 3286 1865 3346 Vögel
1895 3288 1930 3348 am
1981 3290 2123 3350 Boden.
2146 3290 2395 3350 Pessimistische
2425 3293 2567 3353 Skepsis
2598 3294 2690 3354 zieht
2727 3292 2798 3352 nach
2842 3293 2905 3353 nur
2942 3295 2970 3355 in
3013 3297 3070 3357 der
3107 3299 3235 3359 Jugend
3279 3300 3314 3360 ge

416 3312 505 3372 einen
555 3311 672 3371 Hälfte
712 3312 823 3372 (wenn
874 3312 907 3372 es
952 3315 1147 3375 überhaupt
1187 3317 1258 3377 eine
1304 3318 1393 3378 volle
1432 3316 1532 3376 Hälft

1567 3330 1625 3390 den
1673 3336 1914 3396 Spannungen
1962 3336 2014 3396 des
2062 3338 2185 3398 Lebens
2232 3338 2285 3398 die
2321 3340 2449 3400 Nerven
2503 3341 2585 3401 aus.
2621 3341 2685 3401 Die
2727 3342 2785 3402 und
2827 3344 2909 3404 dann
2945 3345 3009 3405 erst
3039 3346 3156 3406 wieder
3186 3347 3215 3407 im
3263 3344 3309 3404 Al

415 3362 475 3422 ist)
504 3362 592 3422 seine
626 3360 786 3420 Domäne
826 3362 1015 3422 gefunden,
1055 3364 1137 3424 über
1177 3364 1232 3424 der
1271 3365 1332 3425 das
1371 3366 1526 3426 Abendro

1569 3381 1779 3441 Dichtungen
1818 3384 1906 3444 rrägt
1933 3384 2008 3444 eine
2035 3386 2143 3446 Erde,
2169 3390 2226 3450 auf
2252 3390 2303 3450 die
2329 3390 2386 3450 sich
2418 3390 2507 3450 keine
2540 3390 2692 3450 Zukunft
2718 3392 2795 3452 gibt
2828 3393 2859 3453 es
2898 3393 2987 3453 nicht
3019 3395 3140 3455 dafür.
3172 3396 3319 3456 Schnitzl

421 3410 513 3470 eines
554 3409 797 3469 Unterganges
832 3411 987 3471 leuchtet.

1570 3429 1677 3489 bauen
1711 3429 1798 3489 läßt.

2711 3437 2805 3497 Art,
2831 3440 2886 3500 daß
2925 3441 2968 3501 sie
3000 3443 3050 3503 die
3082 3444 3232 3504 Extreme
3264 3444 3301 3504 de

463 3468 649 3528 Schnitzler
690 3470 853 3530 erscheint
889 3471 944 3531 dem
1007 3473 1290 3533 Menschentypus
1336 3473 1392 3533 der
1438 3475 1528 3535 Jahr

1614 3479 1704 3539 „Der
1746 3478 1849 3538 Gang
1906 3480 1967 3540 zum
2024 3481 2210 3541 Weiher",
2252 3482 2314 3542 der
2363 3482 2411 3542 als
2461 3483 2572 3543 letztes
2621 3485 2683 3545 der
2711 3487 2877 3547 bringen.
2912 3487 2960 3547 So
2996 3490 3099 3550 nahe,
3120 3491 3175 3551 daß
3211 3491 3265 3551 für

416 3521 680 3581 hundertwende
716 3521 912 3581 zugeneigt,
941 3521 998 3581 den
1045 3521 1161 3581 unsere
1196 3523 1299 3583 harte
1335 3524 1415 3584 Zeit
1445 3524 1531 3584 schon
1572 3527 1843 3587 Schnitzlerschen
1879 3528 2028 3588 Dramen
2064 3530 2127 3590 erst
2156 3530 2184 3590 in
2220 3530 2277 3590 der
2306 3530 2531 3590 vergangenen
2573 3531 2687 3591 Spiel¬

2719 3533 2834 3593 bleibt.

422 3569 485 3629 fast
509 3569 566 3629 zur
584 3567 699 3627 Gänze
729 3569 914 3629 mitleidlos
943 3569 1105 3629 zerrieben
1140 3569 1209 3629 hat.
1233 3569 1307 3629 Mit
1331 3569 1383 3629 der
1412 3570 1544 3630 Scharf¬

1571 3576 1635 3636 zeit
1671 3573 1700 3633 im
1754 3575 1983 3635 Burgtheater
2019 3576 2107 3636 seine
2137 3578 2395 3638 Uraufführung
2437 3581 2572 3641 erlebte,
2614 3581 2684 3641 war

2772 3584 2961 3644 Schnitzlers
3003 3587 3217 3647 künstlrische
3250 3585 3315 3645 Phy

417 3615 593 3675 sichtigkeit
624 3614 682 3674 des
724 3616 836 3676 Juden
878 3616 936 3676 hat
972 3616 1155 3676 Schnitzler
1191 3616 1244 3676 die
1280 3619 1534 3679 Brüchigkeiten
1576 3618 1622 3678 ein
1664 3619 1764 3679 letztes
1806 3623 2030 3683 Bekenntnis.
2073 3627 2131 3687 Ein
2173 3628 2450 3688 abschließendes,
2498 3628 2562 3688 wie
2604 3631 2680 3691 mar

2716 3631 2914 3691 Gedächtnis
2961 3635 3134 3695 nunmehr
3173 3635 3224 3695 der
3270 3635 3282 3695 N

422 3662 452 3722 im
502 3663 599 3723 Leben
643 3663 704 3723 von
747 3663 845 3723 heute
882 3664 943 3724 und
981 3666 1103 3726 gestern
1146 3664 1262 3724 erfaßt
1294 3665 1360 3725 und
1398 3665 1440 3725 sie
1472 3665 1538 3725 mit
1570 3666 1667 3726 heute
1705 3665 1796 3725 sagen
1840 3669 1931 3729 darf.
1975 3672 2042 3732 Die
2079 3673 2183 3733 kühlen
2227 3673 2398 3733 Schauer,
2429 3674 2478 3734 die
2515 3675 2576 3735 aus
2620 3676 2674 3736 den
2718 3676 2871 3736 Mitwelt
2896 3677 2944 3737 sich
2976 3679 3141 3739 einfügte.
3154 3682 3239 3742 Auch
3264 3682 3313 3742 die

418 3709 478 3769 dem
528 3712 715 3772 Verstande
755 3709 782 3769 in
826 3711 920 3771 einen
965 3712 1125 3772 Komplex
1164 3713 1351 3773 zusammen
1396 3715 1523 3775 gesehen

1571 3713 1741 3773 gläsernen
1771 3717 1995 3777 Versgefäßen
2031 3718 2077 3778 des
2108 3721 2367 3781 schwermütigen
2403 3721 2531 3781 Spieles
2556 3726 2685 3786 traum-
2715 3724 2815 3784 Werk
2845 3726 2903 3786 und
2939 3727 3004 3787 Art
3034 3729 3257 3789 wesensfremd

420 3762 454 3822 so
482 3760 538 3820 daß
573 3760 651 3820 diese
680 3758 832 3818 Lebens=
861 3760 922 3820 und
951 3760 1126 3820 Seinsart
1155 3761 1182 3821 in
1217 3762 1272 3822 der
1301 3763 1476 3823 Literatur
1505 3763 1532 3823 zu
1573 3763 1707 3823 bildend
1748 3766 1950 3826 aufsteigen,
1979 3768 2086 3828 waren
2132 3768 2176 3828 sie
2211 3769 2300 3829 nicht
2335 3770 2448 3830 schon,
2477 3772 2521 3832 um
2578 3773 2684 3833 einige

2712 3775 2808 3835 ihrer
2834 3776 3117 3836 Zeitbedeutung,
3137 3778 3298 3838 formalen

428 3809 591 3869 vielleicht
613 3811 783 3871 größerer
812 3811 954 3871 Geltung
990 3813 1082 3873 kam,
1104 3811 1160 3871 als
1190 3812 1246 3872 ihr
1275 3813 1310 3873 in
1346 3812 1402 3872 der
1432 3811 1545 3871 Wirk¬
1567 3813 1673 3873 Töne
1695 3815 1865 3875 wärmer,
1887 3817 1915 3877 in
1952 3817 2008 3877 den
2044 3818 2200 3878 früheren
2229 3820 2435 3880 Dichtungen
2471 3823 2506 3883 zu
2550 3826 2684 3886 spüren,
2706 3826 3011 3886 findungsschwere
3055 3828 3147 3888 nicht
3183 3830 3303 3890 entziel
