3392 4320
411 261 654 321 Letzte
727 261 909 321 Ehre

331 339 436 399 Heute
470 339 614 399 mittags
653 340 768 400 wurde
821 342 879 402 der
937 344 1090 404 Leichnam

239 388 371 448 Arthur
402 389 605 449 Schnitzlers
647 386 697 446 ins
739 388 830 448 Grab
867 392 1014 452 gesenkt.
1041 391 1111 451 Der

243 436 430 496 Leichnam.
475 435 588 495 Sonst
608 437 716 497 pflegt
766 436 839 496 man
894 439 947 499 bei
997 440 1085 500 einem

250 484 363 544 solchen
399 483 507 543 Anlaß
539 484 589 544 die
616 486 760 546 Sprache
787 488 961 548 pathetisch
993 490 1111 550 aufzu¬

241 533 380 593 blähen.
412 533 494 593 Man
531 534 623 594 sagt,
650 533 681 593 es
718 534 810 594 wäre
863 535 914 595 die
972 539 1106 599 irdische

253 580 340 640 Hülle
376 580 540 640 gewesen,
567 583 648 643 das,
675 583 747 643 was
783 583 922 643 sterblich
958 586 1030 646 war
1061 586 1097 646 an

243 626 299 686 dem
367 629 630 689 Verblichenen.
698 631 780 691 Man
837 634 1008 694 umhängt
1055 634 1106 694 die

245 677 398 737 traurige
435 679 673 739 Begebenheit
710 682 979 742 gewissermaßen
1027 684 1101 744 auch

248 727 412 787 sprachlich
470 726 537 786 mit
589 730 734 790 düsteren
791 730 1003 790 Draperien,
1050 733 1090 793 um

244 775 435 835 wirksamer
462 775 536 835 jene
564 778 760 838 anständige
787 781 1042 841 Erschütterung
1074 780 1105 840 zu

246 822 404 882 erzielen,
431 823 478 883 die
511 825 563 885 als
595 825 769 885 familiäre
801 826 859 886 und
897 828 1113 888 gesellschaft¬

245 870 320 930 liche
348 870 478 930 Pflicht
506 873 686 933 angesehen
725 872 827 932 wird.

328 927 458 987 Arthur
492 930 673 990 Schnitzler
708 930 764 990 hat
793 932 843 992 sich
878 935 963 995 diese
992 935 1104 995 Dinge

238 975 410 1035 verbeten,
436 978 597 1038 energisch
629 979 691 1039 und
723 981 879 1041 lapidar.
900 981 967 1041 Er,
989 981 1040 1041 der
1072 983 1098 1043 in

248 1022 348 1082 seinem
396 1022 486 1082 Buch
518 1025 576 1085 der
608 1026 756 1086 Sprüche
809 1029 872 1089 und
931 1030 1100 1090 Bedenken

245 1070 298 1130 den
331 1073 455 1133 großen
488 1072 568 1132 Satz
590 1075 730 1135 prägte:
774 1078 844 1138 „In
898 1076 952 1136 der
1001 1079 1108 1139 Kunst

244 1121 364 1181 müssen
445 1121 510 1181 wir
561 1122 626 1182 uns
682 1122 742 1182 von
798 1123 857 1183 dem
923 1126 1109 1186 Vorurteil

241 1169 515 1229 emanzipieren,
558 1170 616 1230 daß
653 1169 711 1229 der
738 1172 806 1232 Tod
839 1173 875 1233 an
913 1173 960 1233 sich
1013 1174 1102 1234 schon

246 1216 346 1276 etwas
378 1216 568 1276 Trauriges
606 1218 631 1278 zu
669 1219 822 1279 bedeuten
854 1220 975 1280 habe“,
997 1221 1107 1281 wollte

241 1264 316 1324 auch
349 1266 376 1326 in
414 1264 522 1324 seinem
572 1265 663 1325 Tode
696 1266 777 1326 nicht
827 1267 962 1327 minder
1012 1268 1108 1328 wahr

247 1312 306 1372 und
344 1313 474 1373 würdig
513 1312 643 1372 bleiben
682 1312 730 1372 als
769 1313 795 1373 in
839 1315 942 1375 seinem
991 1316 1116 1376 Leben.

245 1360 342 1420 Hatte
370 1359 407 1419 er
434 1357 520 1417 ohne
554 1360 661 1420 Pomp
716 1360 780 1420 und
841 1363 1100 1423 unzeremoniös

241 1404 369 1464 gelebt,
388 1405 418 1465 so
450 1406 560 1466 sorgte
592 1407 622 1467 er
647 1407 764 1467 dafür,
789 1409 844 1469 daß
875 1411 949 1471 auch
987 1410 1090 1470 seinem

243 1453 386 1513 Sterben
423 1452 483 1512 der
514 1453 639 1513 übliche
695 1455 754 1515 und
791 1457 892 1517 daher
930 1458 953 1518 in
996 1459 1097 1519 seinen

241 1502 306 1562 klar
343 1503 643 1563 durchschauenden
686 1504 800 1564 Augen
861 1506 938 1566 üble
993 1508 1101 1568 Pomp

239 1551 385 1611 funebre
419 1551 652 1611 ferngehalten
690 1552 815 1612 bleibe,
859 1555 951 1615 jener
984 1557 1114 1617 Pomp,

239 1597 295 1657 der
330 1597 380 1657 sich
421 1599 448 1659 in
489 1599 789 1659 Aeußerlichkeiten
830 1602 1005 1662 erschöpft,
1034 1605 1106 1665 gut¬

238 1646 408 1706 gemeinte
440 1645 593 1705 Phrasen
632 1647 689 1707 der
743 1649 992 1709 Nachrufenden

245 1694 471 1754 Grabesrand
504 1696 649 1756 vorsieht
671 1698 736 1758 und
763 1699 795 1759 so
823 1700 909 1760 ganz
937 1700 1114 1760 nebenbei,

240 1742 318 1802 aber
356 1745 524 1805 durchaus
583 1747 672 1807 nicht
726 1748 979 1808 unwesentlich,
1032 1751 1090 1811 dem

237 1792 419 1852 Kommerz
453 1794 625 1854 dienstbar
659 1795 714 1855 ist.
737 1797 920 1857 Schnitzler
953 1799 1108 1859 verfügte

239 1839 330 1899 also,
352 1842 411 1902 daß
449 1843 535 1903 keine
563 1842 692 1902 Kränze
742 1843 919 1903 gespendet
969 1846 1098 1906 werden

239 1888 380 1948 dürfen,
409 1889 471 1949 daß
528 1890 584 1950 die
641 1892 952 1952 Veröffentlichung
1015 1894 1105 1954 einer

248 1936 350 1996 Parte
378 1936 410 1996 zu
444 1938 676 1998 unterbleiben
731 1939 806 1999 hat,
846 1942 910 2002 daß
943 1943 986 2003 ein
1041 1937 1110 1997 Be¬

239 1984 384 2044 gräbnis
423 1986 531 2046 letzter
564 1988 677 2048 Klasse
710 1989 921 2049 anzuordnen
965 1990 1019 2050 ist,
1046 1990 1100 2050 daß

238 2033 326 2093 keine
373 2034 576 2094 Grabreden
634 2035 691 2095 den
744 2036 899 2096 Verlust,
942 2039 998 2099 den
1056 2038 1108 2098 die

238 2081 450 2141 Kulturwelt
503 2085 636 2145 erlitten
700 2085 774 2145 hat,
828 2089 859 2149 zu
924 2086 1098 2146 würdigen

239 2130 424 2190 brauchen,
471 2133 532 2193 daß
569 2133 645 2193 alles
687 2133 816 2193 rituelle
847 2133 1006 2193 Beiwerk
1033 2134 1110 2194 ver¬

244 2180 369 2240 mieden
399 2179 530 2239 werden
566 2181 636 2241 muß
671 2182 732 2242 und
762 2182 817 2242 daß
853 2183 898 2243 die
919 2184 1109 2244 Familien¬

240 2228 436 2288 mitglieder
468 2229 539 2289 nach
576 2229 680 2289 seinem
727 2231 819 2291 Tode
856 2229 938 2289 keine
970 2231 1104 2291 Trauer

244 2275 355 2335 tragen
392 2277 534 2337 dürfen,
561 2277 698 2337 absolut
725 2276 830 2336 keine.

326 2333 375 2393 So
409 2334 481 2394 war
510 2335 542 2395 es
576 2335 631 2395 des
660 2337 810 2397 Dichters
866 2339 977 2399 letzter
1005 2339 1104 2399 Wille

238 2382 301 2442 und
334 2384 365 2444 so
397 2384 434 2444 ist
461 2384 492 2444 es
547 2385 615 2445 auch
653 2384 694 2444 ein
732 2387 987 2447 Vermächtnis.
1030 2387 1103 2447 Das

245 2431 478 2491 Vermächtnis
511 2432 602 2492 eines
635 2434 841 2494 Empörers,
863 2434 917 2494 der
951 2436 999 2496 sich
1026 2437 1101 2497 stets

236 2482 335 2542 gegen
396 2481 445 2541 die
479 2482 761 2542 gesellschaftliche
789 2484 877 2544 Lüge
928 2485 1104 2545 auflehnte

235 2527 299 2587 und
334 2527 408 2587 der,
448 2530 511 2590 vom
576 2530 823 2590 grauenvollen
858 2533 1031 2593 Gedanken
1066 2533 1100 2593 an

239 2576 298 2636 das
331 2578 657 2638 Gesellschaftsspiel
701 2579 766 2639 mit
810 2580 864 2640 dem
913 2581 1005 2641 Tode
1055 2581 1108 2641 ge¬

241 2624 404 2684 schüttelt,
442 2628 496 2688 die
524 2628 610 2688 letzte
638 2628 724 2688 Lüge
774 2627 833 2687 von
888 2627 947 2687 der
991 2629 1099 2689 letzten

240 2669 330 2729 Ehre
373 2673 468 2733 durch
521 2676 585 2736 sein
638 2674 787 2734 mutiges
814 2674 967 2734 Beispiel
1011 2676 1111 2736 bloß¬

240 2721 338 2781 stellt.
361 2721 405 2781 Er
433 2722 549 2782 wollte
577 2724 676 2784 nicht,
699 2724 753 2784 daß
787 2722 842 2782 sein
876 2724 1024 2784 schönes,
1047 2727 1107 2787 tie¬

239 2769 307 2829 fes,
329 2769 354 2829 in
387 2769 439 2829 der
466 2771 555 2831 Welt
577 2769 629 2829 der
656 2769 824 2829 Gedanken
851 2771 913 2831 und
941 2772 1109 2832 Träume,

239 2817 296 2877 der
320 2819 511 2879 Ahnungen
550 2820 612 2880 und
646 2819 914 2879 Dämmerungen
953 2823 1106 2883 verwur¬

235 2864 338 2924 zeltes
369 2867 472 2927 Leben
509 2867 601 2927 durch
633 2867 711 2927 jene
737 2867 850 2927 Dinge
882 2868 1109 2928 desavouiert

238 2915 367 2975 werde,
404 2915 460 2975 die
508 2916 559 2976 sich
596 2914 684 2974 eines
716 2915 953 2975 Trauerfalles
990 2918 1016 2978 zu
1052 2917 1109 2977 be¬

240 2963 414 3023 mächtigen
447 2966 599 3026 pflegen.
642 2961 689 3021 Er
732 2963 848 3023 wollte
896 2966 996 3026 nicht,
1039 2968 1096 3028 daß

238 3011 351 3071 längst
378 3011 595 3071 Ueberlebtes
652 3011 714 3071 und
746 3012 947 3072 Entlarvtes
979 3014 1030 3074 sich
1062 3017 1097 3077 an

241 3061 346 3121 seinen
381 3058 452 3118 Tod
483 3061 699 3121 heranmacht
725 3059 790 3119 und
820 3060 870 3120 ihn
907 3063 1112 3123 ausmünzt,

240 3107 299 3167 daß
330 3111 425 3171 jener
452 3109 657 3169 betrübende
689 3110 779 3170 Rest,
819 3109 874 3169 der
926 3110 995 3170 nach
1031 3111 1086 3171 dem

238 3157 450 3217 Verhauchen
491 3157 546 3217 des
582 3157 708 3217 Lebens
745 3157 810 3217 auf
836 3157 942 3217 Erden
983 3160 1114 3220 zurück¬

240 3205 360 3265 bleibt,
381 3208 475 3268 mehr
501 3206 672 3266 Aufwand
703 3205 894 3265 verursacht
920 3206 969 3266 als
1000 3207 1105 3267 unde¬

238 3255 338 3315 dingt
355 3256 450 3316 nötig
477 3253 529 3313 ist.
546 3255 624 3315 Was
652 3253 709 3313 hat
731 3252 783 3312 der
805 3252 905 3312 Ritus
932 3254 964 3314 an
996 3254 1101 3314 seiner

239 3303 352 3363 Bahre
384 3303 414 3363 zu
456 3304 533 3364 tun,
560 3303 616 3363 der
643 3301 695 3361 ihn
737 3301 762 3361 im
809 3300 912 3360 Leben
949 3301 1026 3361 kühl
1053 3304 1109 3364 ge¬

238 3351 336 3411 lassen
373 3351 455 3411 hat?
486 3351 579 3411 Kann
616 3351 673 3411 der
704 3349 797 3409 Wert
823 3351 926 3411 seiner
958 3349 1107 3409 Persön¬

238 3399 362 3459 lichkeit
383 3399 507 3459 erhöht
534 3399 663 3459 werden
715 3399 808 3459 durch
840 3399 896 3459 den
933 3402 1109 3462 kostspieli¬

227 3450 283 3510 gen
315 3447 434 3507 Prunk
455 3447 511 3507 der
533 3450 761 3510 Bestattung?
787 3448 881 3508 Wird
907 3450 958 3510 die
970 3450 1098 3510 Trauer

231 3494 270 3554 um
320 3495 374 3555 den
414 3497 523 3557 Vater
553 3498 672 3558 echter,
697 3497 785 3557 wenn
826 3497 984 3557 schwarze
1014 3497 1107 3557 Klei¬

232 3544 320 3604 dung
351 3545 517 3605 angelegt
538 3545 651 3605 wird?
699 3543 796 3603 Wird
849 3545 905 3605 der
937 3547 1092 3607 Hingang

231 3595 497 3655 versöhnlicher,
537 3593 631 3653 wenn
671 3593 695 3653 in
735 3595 903 3655 eleganten
938 3596 1105 3656 Blumen¬

237 3641 330 3701 läden
360 3644 453 3704 teure
473 3644 606 3704 Kränze
631 3644 807 3704 gewunden
843 3644 999 3704 werden?
1024 3644 1098 3704 Und

232 3688 273 3748 ist
294 3691 356 3751 das
382 3689 501 3749 Grab,
537 3691 563 3751 in
600 3691 651 3751 dem
699 3691 739 3751 ein
771 3691 946 3751 entseelter
973 3691 1102 3751 Körper

234 3738 392 3798 versinkt,
414 3737 551 3797 wirklich
584 3739 630 3799 die
657 3739 827 3799 geeignete
849 3739 965 3799 Stätte
992 3740 1107 3800 dafür,

232 3787 268 3847 um
315 3787 371 3847 den
403 3787 511 3847 Mann
542 3787 604 3847 und
636 3785 697 3845 sein
729 3785 821 3845 Werk
848 3787 873 3847 zu
910 3787 1101 3847 würdigen,

232 3836 358 3896 kommt
384 3835 439 3895 der
470 3835 606 3895 Stunde
637 3834 692 3894 des
728 3835 971 3895 Begräbnisses
1007 3832 1107 3892 wirk¬

232 3883 285 3943 lich
323 3885 375 3945 die
407 3885 576 3945 aktuellste
609 3885 852 3945 Berechtigung
885 3884 942 3944 zu,
969 3885 1011 3945 um
1060 3884 1091 3944 zu

233 3934 344 3994 klagen
378 3936 439 3996 und
474 3934 501 3994 zu
535 3933 690 3993 preisen?

322 3993 400 4053 Wer
431 3994 559 4054 möchte
590 3994 644 4054 dem
694 3993 779 4053 toten
816 3993 950 4053 Dichter
982 3993 1109 4053 wider¬

1164 103 1466 163 Peutschlandreise
1505 103 1534 163 in
1572 104 1695 164 Leipziy
1734 106 1914 166 erreichte,
1934 102 2008 162 uer

2050 148 2183 208 sondere
2237 151 2418 211 Schätzung
2476 150 2528 210 für
2581 149 2638 209 den
2696 148 2891 208 Novellisten

1155 148 1203 208 den
1242 148 1314 208 Tod
1349 151 1474 211 Arthur
1509 151 1735 211 Schnitzlers:

2050 195 2169 255 Arthur
2199 196 2378 256 Schnitzler
2414 195 2478 255 und
2508 196 2552 256 ich
2582 195 2722 255 glaube,
2747 195 2806 255 daß
2841 195 2900 255 auf

1234 208 1314 268 „Ich
1346 206 1431 266 habe
1463 207 1589 267 Arthur
1620 208 1823 268 Schnitzlers
1859 210 1930 270 Tod
1966 209 1991 269 so

2055 243 2153 303 diesem
2202 243 2325 303 Gebiet
2355 244 2408 304 der
2438 243 2654 303 erzählenden
2709 243 2900 303 Kleinkunst

1150 252 1224 312 eben
1285 253 1505 313 unterwegs,
1553 255 1614 315 auf
1670 255 1726 315 der
1783 258 1876 318 Reise
1938 257 2007 317 nach

2052 291 2101 351 die
2131 293 2322 353 dauernden
2362 291 2598 351 künstlerischen
2633 287 2760 347 Werte,
2785 290 2834 350 die
2869 289 2898 349 er

1150 300 1390 360 Deutschland,
1414 301 1563 361 erfahren
1602 300 1664 360 und
1698 302 1731 362 er
1760 305 1818 365 hat
1847 306 1919 366 mich
1953 306 2010 366 tief

2050 340 2189 400 gegeben
2223 340 2290 400 hat,
2315 339 2439 399 liegen.
2478 339 2545 399 Den
2579 336 2800 396 vornehmen,
2820 338 2906 398 edel¬

1154 348 1360 408 erschüttert.
1410 349 1483 409 Wir
1538 351 1808 411 österreichischen
1867 353 2014 413 Schrift¬

2055 386 2231 446 denkenden
2267 386 2433 446 Menschen
2468 384 2596 444 Arthur
2626 383 2817 443 Schuitzler,
2842 383 2905 443 mit

1151 395 1253 455 steller
1286 395 1393 455 hatten
1431 395 1491 455 alle
1525 395 1613 455 einen
1674 398 1791 458 starken
1852 400 2010 460 Eindruck

2056 432 2105 492 dem
2156 435 2197 495 ich
2253 434 2384 494 manche
2440 431 2637 491 persönliche
2693 433 2899 493 Begegnung

1151 443 1213 503 von
1247 446 1352 506 seinem
1396 441 1492 501 Werk
1516 443 1544 503 in
1579 443 1636 503 den
1689 449 1823 509 Jahren
1877 449 2010 509 unserer

2056 483 2158 543 hatte,
2180 485 2335 545 bewahre
2361 484 2402 544 ich
2433 482 2505 542 eine
2557 482 2707 542 herzliche
2759 482 2888 542 Erinne

1156 493 1328 553 Anfänge,
1353 493 1406 553 als
1442 492 1525 552 das,
1550 493 1618 553 was
1658 494 1731 554 man
1791 494 1849 554 das
1909 497 2007 557 junge

2053 533 2158 593 rung.

1156 542 1243 602 Wien
1280 544 1424 604 nannte,
1445 543 1470 603 in
1507 543 1610 603 voller
1642 543 1744 603 Blüte
1791 545 1905 605 stand,
1946 544 2002 604 das

2109 671 2144 731 In
2195 673 2489 733 memoriam
2564 676 2784 736 Arthur

1233 679 1429 739 Franz
1467 679 1749 739 Theodor
1800 677 2045 737 Csokor:

1870 775 2227 835 Schnitzler!

2059 840 2100 900 ein
2137 837 2402 897 Leben"-Dasein
2457 837 2517 897 ist,
2560 839 2620 899 seit
2669 837 2898 897 Grillparzers

1242 839 1321 899 Sein
1358 840 1511 900 treuester
1538 840 1655 900 Helfer
1682 842 1718 902 am
1766 841 1877 901 Werk,
1904 840 2004 900 dessen

2059 885 2437 945 Spielmannsnovelle,
2465 888 2568 948 keiner
2606 888 2736 948 unserer
2774 888 2898 948 Dichter

1159 889 1306 949 Schatten
1344 888 1422 948 über
1454 889 1512 949 alle
1544 890 1628 950 seine
1676 891 1881 951 Dichtungen
1939 891 2018 951 fiel,

2058 935 2148 995 tiefer
2177 936 2336 996 verstrickt
2365 936 2529 996 gewesen.

1153 937 1222 997 trat
1251 939 1303 999 ihn
1338 939 1401 999 nun
1431 938 1494 998 an.
1535 937 1581 997 Er
1611 937 1668 997 hat
1692 939 1726 999 es
1779 942 1905 1002 gnädig
1958 937 2015 997 ge¬

2613 981 2675 1041 das
2708 983 2777 1043 war
2803 982 2903 1042 unser

2141 984 2268 1044 Arthur
2291 983 2469 1043 Schnitzler
2498 980 2508 1040 —

1157 986 1276 1046 macht,
1297 987 1380 1047 ohne
1411 987 1525 1047 Qual.

1244 1035 1308 1095 Uns
1341 1032 1416 1092 aber
1443 1033 1453 1093 —
1508 1033 1535 1093 in
1563 1034 1680 1094 Wien,
1697 1034 1800 1094 dieser
1827 1035 1924 1095 neben
1957 1034 2005 1094 der
2054 1031 2340 1091 melancholisches
2395 1031 2562 1091 Cottage,
2605 1031 2686 1091 über
2741 1031 2794 1091 dem
2865 1031 2897 1091 es

2054 1081 2175 1141 immer
2210 1079 2377 1139 herbstelt.
2401 1078 2470 1138 Die
2499 1079 2701 1139 dunkelnden
2759 1078 2903 1138 Heiden¬

1159 1082 1244 1142 Welt
1269 1084 1334 1144 wie
1385 1082 1485 1142 neben
1541 1084 1601 1144 der
1652 1085 1772 1145 Donau
1833 1083 2004 1143 liegenden

2059 1130 2147 1190 wege
2175 1130 2213 1190 um
2258 1130 2307 1190 den
2346 1127 2550 1187 summenden
2584 1127 2688 1187 Kessel
2716 1127 2771 1187 von
2804 1127 2892 1187 Wien

1157 1130 1260 1190 Stadt
1287 1132 1296 1192 —
1349 1130 1411 1190 uns
1442 1131 1540 1191 rührt
1567 1131 1670 1191 dieses
1722 1133 1815 1193 Ende
1862 1133 2012 1193 schnerz¬

2060 1178 2163 1238 waren
2205 1178 2256 1238 er,
2303 1178 2354 1238 die
2384 1176 2639 1236 schwelgerische
2691 1175 2910 1235 Traurigkeit

1156 1178 1278 1238 hafter,
1305 1178 1352 1238 als
1390 1179 1485 1239 Sicht
1517 1180 1580 1240 und
1613 1179 1777 1239 Wertung
1814 1180 1872 1240 der
1905 1179 2010 1239 Ferne

2059 1227 2147 1287 einer
2175 1228 2457 1288 Heurigennacht,
2481 1226 2530 1286 der
2558 1225 2730 1285 fröstelnde
2758 1225 2902 1285 Morgen

1157 1229 1316 1289 vielleicht
1347 1229 1506 1289 begreift.
1554 1228 1647 1288 Denn
1690 1231 1713 1291 in
1755 1232 1807 1292 ihr
1862 1231 1997 1291 „Traum

2952 127 3122 187 nnr
3148 127 3233 187 gaer

2942 174 2998 234 nie
3024 174 3055 234 in
3086 174 3158 234 ihr.

3033 222 3140 282 Seine
3176 222 3263 282 letzte

2947 270 2974 330 in
3013 270 3061 330 die
3094 272 3279 332 Finsternis

2952 377 3263 437 Trauersitzung

3100 443 3171 503 für
3207 443 3269 503 Ar

3019 495 3084 555 Der
3105 497 3257 557 Vorstand

2948 541 3036 601 unter
3068 539 3188 599 Vorsitz
3210 539 3261 599 des

2948 583 3152 643 Fontana
3192 580 3218 640 zu
3264 581 3291 641 ei

2946 626 2998 686 des
3029 622 3186 682 Ablebens
3218 625 3290 685 Arth

3024 670 3068 730 O.
3092 668 3147 728 M.
3171 670 3282 730 Font

2947 712 3195 772 persönlichkeit,
3212 712 3294 772 Erha

2947 755 3001 815 den
3037 757 3230 817 Dramatiker
3255 754 3270 814 O

2946 798 3129 858 väterlichen
3160 798 3277 858 Berate

2952 843 3023 903 Oe.,
3043 843 3095 903 dem
3142 842 3285 902 Schnitzle

2952 888 3089 948 gehörte.

3025 928 3091 988 Der
3118 927 3265 987 Vorstant

2947 974 3015 1034 ters
3047 974 3109 1034 eine
3160 972 3234 1032 groß

2948 1016 3081 1076 Weiters
3119 1013 3230 1073 wurde
3258 1013 3284 1073 ir

2949 1060 3149 1120 beschlossen,
3172 1058 3216 1118 dem
3256 1056 3271 1116 U

2950 1104 3000 1164 S.
3019 1105 3078 1165 Oe.
3106 1103 3165 1163 eine
3193 1100 3260 1160 größ

3060 1288 3132 1348 bei

3043 1341 3138 1401 Grof

2951 1393 3095 1453 mittags

2958 1442 3117 1502 deutende

2958 1488 3051 1548 einer

2958 1535 3036 1595 lung

2959 1585 3100 1645 Kesse

2959 1631 3076 1691 wende

2953 1679 3061 1739 viel

2975 2736 3028 2796 den
3060 2736 3092 2796 soh

2974 2777 3063 2837 alpen

2974 2817 3025 2877 die
3049 2817 3093 2877 Be

2991 3172 3069 3232 Grad

2985 3387 3067 3447 Jul.

2984 3426 3053 3486 Dan

2987 3464 3094 3524 weiser

2989 3504 3049 3564 und
3083 3503 3096 3563 1

2989 3544 3082 3604 Daub

2993 3583 3097 3643 Publi

2996 3700 3095 3760 ert.

2990 3739 3080 3799 mäßi

2987 3779 3076 3839 paste

2990 3820 3096 3880 zeugt.

2991 3865 3002 3925 E
3074 3865 3129 3925 W.

2990 3903 3115 3963 Jellin¬

2988 3945 3098 4005 nomic

2993 3987 3020 4047 7.
3043 3989 3133 4049 Bez.,
