3392 4320
757 103 771 163 N
805 106 882 166 Ao.

904 251 982 311 en
1010 238 1102 298 rln,
1130 228 1207 288 uien

539 323 660 383 vom:

2654 700 2762 760 SEITE
2800 701 2816 761 3

1485 721 1707 781 Madfiln

559 991 1053 1051 ANITIOR
1186 986 2228 1046 OCIITELERS

2341 1089 2427 1149 Zum
2489 1090 2603 1150 Tode
2656 1086 2734 1146 des

823 1161 1513 1221 SICIITONO
1663 1163 2166 1223 INITIEN

2353 1166 2471 1226 Wien
2497 1167 2530 1227 er
2556 1169 2733 1229 Dichters

2058 1236 2166 1296 dieser
2196 1235 2289 1295 Welt,
2309 1236 2333 1296 in
2368 1237 2422 1297 den
2457 1238 2609 1298 Werken,
2634 1239 2678 1299 die
2708 1239 2742 1299 er
2767 1236 2825 1296 ge¬

466 1270 517 1330 Ein
546 1270 663 1330 großer
692 1267 819 1327 Dichter
848 1267 889 1327 ist
913 1267 979 1327 tot!
1003 1267 1064 1327 Das
1093 1266 1191 1326 Feuer

2061 1279 2216 1339 schaffen,
2243 1276 2484 1336 zurückbleibt!

425 1308 511 1368 eines
542 1309 658 1369 Genies
688 1308 727 1368 ist
753 1309 938 1369 erloschen!
964 1306 1016 1366 Ein
1051 1308 1192 1368 wunder¬

2098 1317 2216 1377 Arthur
2240 1318 2436 1378 Schnitzlers
2464 1315 2578 1375 Werke
2624 1316 2729 1376 zählen
2784 1313 2816 1373 zu

428 1348 537 1408 barer,
565 1349 698 1409 gütiger
735 1348 858 1408 Mensch
899 1348 940 1408 ist
978 1348 1196 1408 dahingegan¬

2059 1355 2116 1415 den
2152 1357 2391 1417 Kostbarkeiten
2423 1355 2475 1415 der
2502 1351 2732 1411 Weltliteratur
2764 1354 2817 1414 und

426 1390 501 1450 gen!
533 1390 654 1450 Arthur
685 1390 864 1450 Schnitzler
900 1386 940 1446 ist
980 1386 1065 1446 nicht
1092 1388 1194 1448 mehr!

2061 1396 2308 1456 unvergänglich
2348 1396 2469 1456 werden
2509 1394 2556 1454 die
2596 1393 2726 1453 meisten
2765 1393 2821 1453 von

429 1427 498 1487 Eine
532 1428 700 1488 einmalige
734 1428 991 1488 Persönlichkeit
1020 1425 1072 1485 hat
1105 1425 1184 1485 Wien

2058 1437 2146 1497 ihnen
2184 1434 2263 1494 sein.
2292 1434 2344 1494 Als
2377 1434 2607 1494 Spiegelbilder
2636 1431 2724 1491 einer
2753 1431 2823 1491 kul¬

430 1470 452 1530 in
484 1470 599 1530 Arthur
626 1470 803 1530 Schnitzler
831 1467 995 1527 verloren!
1017 1467 1070 1527 Die
1102 1464 1190 1524 Seele

2061 1476 2161 1536 turell
2194 1476 2248 1536 und
2294 1475 2403 1535 geistig
2449 1473 2645 1533 wichtigsten
2691 1470 2823 1530 Periode

435 1506 536 1566 Wiens
568 1508 691 1568 wohnte
722 1507 775 1567 und
807 1506 891 1566 lebte
918 1508 944 1568 in
975 1506 1077 1566 seinen
1113 1505 1196 1565 Wer¬

2067 1514 2172 1574 Wiens
2199 1513 2252 1573 und
2283 1515 2476 1575 Österreichs
2503 1512 2621 1572 werden
2662 1512 2705 1572 sie
2741 1512 2815 1572 nach

427 1548 501 1608 ken!
526 1548 591 1608 Und
620 1548 832 1608 Grillparzers
861 1546 955 1606 Verse
979 1548 1083 1608 gelten
1116 1547 1186 1607 auch

2057 1554 2311 1614 Jahrhunderten
2369 1553 2445 1613 noch
2500 1553 2553 1613 für
2602 1551 2655 1611 den
2696 1551 2825 1611 Dichter

432 1587 482 1647 für
510 1588 706 1648 Schnitzlers
739 1587 903 1647 Schaffen:
931 1590 1031 1650 „Hast
1055 1588 1091 1648 du
1128 1587 1182 1647 vom

2052 1593 2192 1653 zeugen,
2214 1593 2284 1653 der,
2306 1593 2358 1653 wie
2389 1593 2467 1653 kaum
2512 1592 2555 1652 ein
2586 1593 2739 1653 anderer,
2761 1590 2822 1650 sich

440 1628 636 1688 Kahlenberg
670 1628 716 1688 dir
745 1628 829 1688 rings
862 1628 914 1688 das
947 1628 1026 1688 Land
1060 1628 1205 1688 beseh'n,

2065 1636 2091 1696 in
2122 1635 2175 1695 das
2202 1631 2307 1691 Wesen
2334 1633 2436 1693 seiner
2459 1632 2529 1692 Zeit
2552 1632 2609 1692 und
2636 1630 2719 1690 ihrer
2742 1629 2825 1689 Men¬

428 1664 463 1724 so
499 1666 587 1726 wirst
614 1667 649 1727 du
685 1670 764 1730 mich
800 1669 862 1729 erst
894 1669 951 1729 und
987 1667 1062 1727 mein
1102 1667 1186 1727 Werk

2060 1672 2152 1732 schen
2191 1672 2219 1732 zu
2258 1673 2409 1733 vertiefen
2443 1671 2645 1731 vermochte,
2671 1670 2721 1730 der
2751 1669 2826 1729 aber

432 1706 630 1766 versteh'n!“

2063 1714 2138 1774 auch
2174 1713 2222 1773 als
2254 1710 2297 1770 ein
2334 1712 2484 1772 Forscher
2520 1709 2577 1769 und
2613 1709 2763 1769 Schürfer
2795 1709 2821 1769 in

2065 1755 2119 1815 der
2147 1752 2374 1812 menschlichen
2407 1751 2488 1811 Seele
2516 1749 2565 1809 für
2594 1750 2639 1810 die
2666 1748 2825 1808 Ewigkeit

474 1756 686 1816 Wienerische
718 1757 850 1817 Anmut,
887 1757 1090 1817 wienerische
1122 1753 1201 1813 Hor¬

2056 1793 2168 1853 schuf.
2213 1791 2297 1851 Denn
2361 1792 2414 1852 des
2454 1790 2620 1850 Menschen
2656 1789 2749 1849 Seele
2785 1786 2825 1846 ist

422 1796 632 1856 zenseinfalt,
678 1796 728 1856 die
770 1796 998 1856 Leichtigkeit,
1044 1795 1099 1855 wie
1140 1795 1190 1855 die

2059 1830 2156 1890 ewig!
2206 1828 2295 1888 Diese
2331 1829 2522 1889 Zuversicht
2571 1830 2638 1890 mag
2679 1828 2825 1888 aufrecht

431 1834 517 1894 Tiefe
548 1837 772 1897 wienerischen
803 1837 936 1897 Gemüts
967 1836 1023 1896 und
1053 1833 1100 1893 die
1131 1833 1199 1893 wie¬

2065 1872 2201 1932 bleiben,
2224 1870 2295 1930 auch
2326 1870 2502 1930 angosichts
2530 1867 2582 1927 der
2605 1867 2817 1927 betrübenden

428 1876 571 1936 nerische
606 1876 868 1936 Seelenschwere
908 1876 964 1936 (die
1004 1875 1047 1935 ein
1086 1874 1204 1934 Gemut

2068 1912 2235 1972 Tatsache,
2262 1909 2314 1969 daß
2350 1909 2398 1969 die
2434 1909 2623 1969 materiellen
2663 1908 2715 1968 und
2751 1906 2826 1966 son¬

434 1917 464 1977 so
499 1915 584 1975 rasch
624 1918 843 1978 verdunkelt),
869 1916 881 1976 —
933 1915 988 1975 das
1020 1915 1096 1975 alles
1131 1915 1191 1975 wob

2061 1951 2163 2011 stigen
2215 1949 2421 2009 Bitterkeiten
2474 1948 2581 2008 dieser
2609 1946 2749 2006 Epoche,
2797 1945 2820 2005 in

435 1956 456 2016 in
501 1954 554 2014 den
599 1958 873 2018 Schnitzlerschen
914 1957 1135 2017 Dichtungen,
1166 1954 1192 2014 in

2060 1990 2116 2050 der
2142 1990 2194 2050 wir
2216 1990 2302 2050 leben
2333 1988 2475 2048 müssen,
2493 1986 2549 2046 der
2571 1987 2657 2047 Seele
2684 1989 2756 2049 hart
2779 1985 2830 2045 zu¬

426 1996 530 2056 seinen
587 1996 752 2056 Romanen
805 1998 865 2058 und
918 1995 1092 2055 Novellen,
1136 1996 1192 2056 und

2064 2028 2147 2088 setzt
2178 2028 2231 2088 und
2265 2028 2307 2088 sie
2337 2027 2370 2087 zu
2400 2028 2525 2088 morden
2560 2027 2668 2087 droht!

434 2034 637 2094 wienerische
671 2037 836 2097 Menschen
870 2036 1005 2096 standen
1048 2036 1106 2096 auf

2107 2069 2226 2129 Arthur
2258 2068 2453 2128 Schnitzlers
2493 2065 2590 2125 fester
2631 2067 2750 2127 Glaube
2791 2064 2821 2124 an

434 2076 559 2136 Bühne,
576 2076 658 2136 wenn
689 2079 753 2139 man
779 2076 1033 2136 Schnitzlersche
1059 2076 1192 2136 Dramen

2061 2109 2111 2169 die
2143 2109 2229 2169 Seele
2266 2108 2335 2168 wird
2372 2106 2430 2166 sich
2467 2106 2512 2166 all
2536 2106 2631 2166 denen
2668 2105 2818 2165 mitteilen

433 2115 568 2175 spielte.

2061 2149 2120 2209 und
2153 2148 2290 2208 dauernd
2327 2147 2524 2207 verbleiben,
2547 2145 2597 2205 die
2625 2144 2680 2204 der
2713 2145 2827 2205 Werke

467 2164 597 2224 Lagerte
628 2165 679 2225 die
707 2166 906 2226 Schwermut
933 2166 1016 2226 einer
1047 2165 1103 2225 von
1138 2164 1199 2224 An¬

1508 2171 1600 2231 Arthur
1619 2171 1761 2231 Schnitaler

2070 2187 2128 2247 und
2161 2187 2261 2247 Worte
2289 2187 2338 2247 des
2366 2186 2511 2246 Dichters
2535 2187 2603 2247 inne
2631 2183 2717 2243 sind!

434 2205 542 2265 beginn
594 2205 884 2265 sterbensbereiten
919 2205 1005 2265 Seele
1058 2204 1079 2264 in
1136 2205 1191 2265 und

2108 2228 2219 2288 Leider
2248 2226 2299 2286 hat
2328 2224 2379 2284 der
2408 2225 2501 2285 Film
2549 2222 2599 2282 von
2633 2224 2825 2284 Schnitzlers

1258 2227 1489 2287 Würdigungen
1549 2226 1602 2286 des
1638 2228 1780 2288 Dichters
1835 2228 1894 2288 und
1934 2228 2016 2288 Men¬

432 2243 509 2303 über
542 2243 633 2303 jedem
688 2243 798 2303 Werke
839 2244 958 2304 Arthur
995 2246 1205 2306 Schnitzlers,

2068 2267 2263 2327 Dichtungen
2317 2264 2378 2324 nur
2428 2264 2548 2324 wenige
2584 2262 2614 2322 zu
2650 2264 2823 2324 verbreiten

1252 2269 1349 2329 schen
1404 2270 1523 2330 Arthur
1564 2267 1741 2327 Schnitzler
1786 2267 1896 2327 sprach
1955 2267 2012 2327 und

434 2284 466 2344 so
515 2282 677 2342 leuchtete
730 2284 803 2344 doch
861 2284 937 2344 auch
995 2284 1043 2344 die
1088 2285 1197 2345 warme

2069 2307 2249 2367 vermocht.
2267 2306 2327 2366 Dem
2366 2306 2516 2366 stummen
2551 2303 2607 2363 Film
2650 2303 2744 2363 waren
2775 2302 2831 2362 der

1250 2307 1391 2367 schrieb,
1415 2309 1469 2369 das
1502 2309 1593 2369 klang
1630 2309 1717 2369 nicht
1744 2307 1799 2367 nur
1832 2309 1996 2369 aufrichtig

431 2324 534 2384 Sonne
583 2321 812 2381 überlegenen,
851 2324 959 2384 sachte
1007 2327 1205 2387 ironischen,

2074 2348 2172 2408 Mittol
2196 2345 2228 2405 zu
2261 2345 2386 2405 geringe
2415 2343 2573 2403 gegeben,
2597 2342 2629 2402 um
2676 2342 2731 2402 den
2765 2342 2829 2402 gei¬

1250 2348 1380 2408 sondern
1411 2348 1476 2408 war
1502 2348 1580 2408 auch
1611 2348 1780 2408 aufrichtig
1807 2348 2019 2408 empfunden.

440 2363 661 2423 wienerischen
696 2365 830 2425 Humors
859 2365 947 2425 darin
977 2366 1047 2426 auf.

2072 2387 2168 2447 stigen
2196 2384 2310 2444 Gehalt
2333 2384 2602 2444 Schnitzierscher
2625 2381 2735 2441 Werke
2762 2381 2832 2441 aus¬

1259 2386 1361 2446 Selten
1397 2387 1476 2447 ward
1512 2387 1565 2447 der
1597 2387 1739 2447 Hingang
1775 2386 1854 2446 eines
1886 2387 2014 2447 Mannes

470 2411 535 2471 Nur
565 2411 652 2471 eines
682 2412 764 2472 edlen
800 2411 964 2471 Menschen
999 2412 1089 2472 Geist
1116 2414 1193 2474 kann

2061 2425 2274 2485 zuschöpfen.
2320 2423 2386 2483 Der
2436 2423 2573 2483 tönende
2632 2420 2725 2480 Film,
2770 2420 2828 2480 der

1249 2426 1307 2486 mit
1342 2424 1370 2484 so
1409 2426 1531 2486 wahrer
1569 2425 1716 2485 Wehmut
1750 2423 1927 2483 betrauert,
1961 2426 2015 2486 wie

428 2452 459 2512 so
491 2452 539 2512 die
571 2452 736 2512 Mischung
768 2451 906 2511 edelster
938 2452 1090 2512 Gefühle,
1113 2454 1193 2514 kann

2070 2464 2267 2524 Sprechfilm,
2291 2461 2355 2521 erst
2383 2458 2452 2518 wird
2485 2460 2535 2520 die
2567 2459 2617 2519 von
2655 2461 2701 2521 ihm
2743 2458 2830 2518 nicht

1254 2464 1307 2524 der
1338 2465 1458 2525 Arthur
1489 2464 1698 2524 Schnitzlers!
1747 2464 1813 2524 Nur
1845 2464 2017 2524 Bewunde¬

427 2491 457 2551 so
492 2491 548 2551 den
584 2493 757 2553 herrlichen
793 2493 896 2553 Inhalt
923 2493 1032 2553 seines
1058 2494 1197 2554 Herzens

2068 2503 2103 2563 zu
2134 2503 2364 2563 versäumende
2396 2500 2520 2560 Mission
2569 2500 2701 2560 erfüllen
2751 2500 2834 2560 kön-

1247 2504 1327 2564 rung
1363 2505 1421 2565 und
1461 2504 1644 2564 Verehrung
1680 2503 1822 2563 empfand
1863 2505 1930 2565 man
1966 2503 2014 2563 für

434 2530 664 2590 reflektieren!

2070 2543 2146 2603 neu,
2174 2543 2219 2603 die
2256 2542 2369 2602 breiten
2411 2542 2529 2602 Massen
2566 2540 2620 2600 mit
2652 2540 2706 2600 des
2734 2539 2834 2599 Dich¬

1252 2543 1309 2603 den
1345 2545 1528 2605 Lebenden,
1551 2545 1586 2605 an
1622 2545 1675 2605 der
1702 2545 1800 2605 Bahre
1832 2545 1885 2605 des
1917 2546 2010 2606 Toten

476 2578 546 2638 Was
578 2581 662 2641 man,
689 2581 884 2641 erschüttert
911 2581 968 2641 von
1004 2584 1057 2644 dem
1102 2583 1203 2643 plötz¬

2072 2584 2139 2644 ters
2167 2584 2335 2644 schönsten
2376 2584 2598 2644 Schöpfungen
2635 2581 2834 2641 bekanntzu-

1252 2584 1371 2644 konnte
1420 2585 1508 2645 allein
1562 2584 1619 2644 das
1669 2584 1868 2644 Bewußtsein
1917 2584 2014 2644 Trost

436 2618 538 2678 lichen
569 2623 702 2683 Ableben
738 2622 791 2682 des
818 2623 982 2683 Dichters,
1000 2625 1053 2685 aus
1085 2623 1186 2683 diesem

2073 2623 2223 2683 machen.

1254 2626 1368 2686 geben,
1387 2626 1441 2686 daß
1474 2623 1528 2683 der
1551 2626 1638 2686 Geist
1662 2624 1716 2684 und
1749 2624 1821 2684 auch
1854 2625 1899 2685 die
1927 2623 2014 2683 Seele

2101 2663 2222 2723 Arthur
2247 2661 2427 2721 Schnitzler
2476 2661 2602 2721 brachte
2656 2659 2709 2719 der
2739 2658 2836 2718 Film¬

430 2661 654 2721 tieftraurigen
713 2663 810 2723 Anlaß
874 2661 1084 2721 allenthalben

1249 2663 1335 2723 eines
1366 2664 1526 2724 Dichters,
1548 2664 1605 2724 wie
1631 2664 1661 2724 er
1687 2665 1774 2725 einer
1800 2664 1965 2724 gewesen.
1987 2661 2008 2721 in

2595 4106 2665 4166 junge
2686 4100 2833 4160 Medardus"

444 4112 531 4172 Oben:
543 4112 630 4172 Erelyn
656 4110 713 4170 Holt
730 4110 771 4170 und
793 4110 851 4170 Jaro
872 4109 942 4169 P'ürth
967 4109 983 4169 in
1005 4109 1046 4169 dem
1075 4109 1125 4169 Film
1154 4106 1316 4166 „Liebelet“,
1329 4106 1424 4166 Links:
1437 4107 1561 4167 Elisnbeth
1582 4108 1685 4168 Bergner
1707 4106 1743 4166 alt
