3392 4320
179 247 242 307 12

1447 249 1580 309 box
1666 252 1858 312 42/8

367 253 955 313 Schnitzlers
1018 249 1254 309 Death

302 1207 1020 1267 OBSERVER

385 1258 412 1318 l.
426 1258 546 1318 österr.
560 1264 707 1324 behördl.
721 1270 1024 1330 konzessioniertes

344 1300 585 1360 Unternehmen
613 1304 663 1364 für
691 1310 1075 1370 Zeitungs-Ausschnitte

392 1358 545 1418 WIEN,
572 1366 618 1426 I.,
645 1370 931 1430 WOLLZEILE
978 1375 1018 1435 11

496 1415 709 1475 TELEPHON
747 1419 918 1479 R-23-0-43

285 1554 510 1614 Ausschnitt
539 1558 626 1618 aus:

605 1656 625 1716 H
733 1640 807 1700 Me

685 1729 754 1789 27
804 1724 932 1784 OKT.
953 1716 1061 1776 1931

281 1778 398 1838 vom:

769 1813 824 1873 n

1249 1908 1314 1968 Was
1348 1912 1380 1972 an
1409 1912 1685 1972 Lebensweisheit
1710 1914 1761 1974 den
1790 1915 1963 1975 Komödien
1992 1917 2128 1977 Schnitz¬

2163 1918 2277 1978 hüllte.
2302 1918 2312 1978 —
2365 1922 2407 1982 In
2446 1924 2499 1984 der
2533 1924 2629 1984 letzten
2668 1927 2874 1987 Erzählung,
2899 1930 2952 1990 der
2986 1931 3086 1991 soeben

1197 1954 1263 2014 lers
1297 1956 1330 2016 zu
1364 1954 1546 2014 entnehmen
1594 1957 1646 2017 ist,
1680 1960 1751 2020 geht
1790 1959 1818 2019 in
1867 1960 1910 2020 ein
1949 1961 2130 2021 Likörglas.

430 1960 614 2020 Arthur
655 1960 911 2020 Schnitzler

2164 1963 2370 2023 erschienenen
2422 1966 2551 2026 „Flucht
2582 1966 2607 2026 in
2649 1968 2695 2028 die
2727 1972 2948 2032 Finsternis",
2985 1976 3093 2036 forscht

1204 1994 1275 2054 Sein
1314 1996 1477 2056 Weltruhm
1521 1997 1573 2057 hat
1603 1999 1751 2059 vielleicht
1775 2000 1823 2060 die
1852 2001 1947 2061 irrige
1982 2005 2130 2065 Voraus¬

2159 2005 2324 2065 Schnitzser
2378 2006 2404 2066 in
2458 2008 2511 2068 dem
2576 2011 2795 2071 Grenzgebiet
2838 2014 2870 2074 zu
3036 2018 3089 2078 der

296 2024 385 2084 E.K.
407 2028 455 2088 Es
483 2031 600 2091 gehört
636 2031 690 2091 zur
726 2031 850 2091 Kadenz
892 2031 988 2091 seines
1024 2034 1161 2094 Lebens,

1194 2039 1309 2099 setzung
1344 2040 1474 2100 gehabt,
1503 2040 1541 2100 er
1580 2040 1623 2100 sei
1652 2041 1715 2101 nur
1749 2043 1797 2103 der
1831 2044 2029 2104 „Erotiker",
2053 2046 2110 2106 zum

2163 2049 2479 2109 Selbstbestimmung
2514 2052 2602 2112 eines
2637 2052 2794 2112 Menschen
2829 2051 2869 2111 ur
3027 2060 3076 2120 ihm

231 2067 285 2127 daß
325 2069 359 2129 es
399 2069 429 2129 in
474 2071 528 2131 der
568 2073 686 2133 lieblich
726 2076 889 2136 traurigen
924 2076 1077 2136 Jahrzeit
1108 2077 1156 2137 der

1203 2080 1366 2140 minoesten
1399 2081 1506 2141 müßte
1534 2082 1599 2142 man
1632 2084 1692 2144 mit
1716 2085 1860 2145 Thomas
1893 2085 1991 2145 Mann
2024 2088 2126 2148 präzi¬

2162 2091 2393 2151 zubestimmten
2425 2094 2586 2154 Schicksal.
2607 2094 2646 2154 Es
2677 2095 2712 2155 ist
2733 2097 2889 2157 bezeichne
2950 2103 3011 2163 e
3036 2103 3086 2163 den

236 2111 326 2171 Reise
351 2112 412 2172 und
441 2114 493 2174 des
518 2117 723 2177 Erfülltseins
753 2118 876 2178 erlosch.
896 2118 963 2178 Das
992 2121 1154 2181 Gleichnie

1194 2124 1277 2184 sieren
1312 2124 1371 2184 und
1401 2124 1454 2184 von
1489 2127 1538 2187 dem
1583 2127 1759 2187 „erotischen
1789 2127 1902 2187 Ernst"
1927 2130 2113 2190 Schnitzlers
2143 2131 2275 2191 ernsten
2310 2136 2472 2196 Skeptiker
2497 2136 2683 2196 Schnitzler,
2704 2140 2757 2200 daß
2792 2142 2875 2202 seine
2900 2143 3082 2203 Erzählung

228 2152 285 2212 des
314 2157 558 2217 Vergänglichen
592 2160 735 2220 schwebte
765 2160 836 2220 über
865 2161 912 2221 dem
961 2162 1085 2222 Wirhel
1110 2163 1157 2223 der

1193 2164 1300 2224 reden.
1327 2166 1403 2226 Was
1440 2169 1594 2229 „Anatol“
1631 2169 1656 2229 zu
1693 2171 1847 2231 bemerken
1879 2173 1951 2233 hat,
1972 2175 2007 2235 ist
2034 2174 2110 2234 schon
2158 2173 2224 2233 mit
2251 2177 2415 2237 fragendem
2457 2178 2590 2238 Zweisel
2617 2181 2648 2241 an
2684 2182 2766 2242 einer
2793 2187 3086 2247 Begriffsprägung

228 2196 306 2256 Lust
351 2199 454 2259 seiner
504 2202 715 2262 Weltkinder,
755 2205 838 2265 seine
888 2205 1153 2265 zartgesingerten

1190 2209 1536 2269 vorausgeschliffener
1560 2211 1651 2271 Stein
1685 2211 1733 2271 bei
1758 2215 1868 2275 Oscar
1893 2214 2017 2274 Wilde,
2037 2216 2123 2276 wenn

2158 2217 2207 2277 der
2243 2220 2401 2280 ärztlichen
2447 2221 2659 2281 Wissenschaft
2690 2224 2798 2284 endet.
2844 2225 2893 2285 So
2933 2226 2988 2286 hat
3023 2231 3072 2291 dem

230 2240 482 2300 Kammerspiele
515 2243 641 2303 bohrten
688 2244 739 2304 den
781 2244 846 2304 Tod
884 2246 940 2306 an,
973 2247 1029 2307 das
1071 2248 1159 2308 Ende

1197 2252 1354 2312 Christine
1384 2252 1408 2312 in
1448 2252 1502 2312 der
1532 2252 1704 2312 „Liebelet“
1734 2256 1822 2316 sagt:
1867 2259 1951 2319 „Hat
1981 2258 2009 2318 er
2044 2258 2118 2318 denn

2160 2261 2581 2321 Neunundsechzigjährigen
2621 2265 2665 2325 sich
2706 2267 2755 2327 der
2790 2267 2883 2327 Kreis
2919 2271 2973 2331 des
3013 2272 3091 2332 For¬

224 2279 298 2339 war
322 2284 401 2344 schon
439 2283 485 2343 ihr
513 2285 658 2345 Beginn,
677 2288 850 2348 Schnitzler
879 2290 1000 2350 wußte,
1019 2289 1079 2349 wie
1108 2291 1154 2351 die

1195 2293 1275 2353 nicht
1300 2294 1438 2354 gewußt,
1458 2294 1510 2354 daß
1539 2296 1572 2356 ich
1601 2297 1649 2357 ihm
1693 2298 1764 2358 alles
1793 2300 1917 2360 gegeben
1951 2300 2037 2360 hab',
2057 2301 2118 2361 was

2163 2303 2258 2363 schens
2297 2303 2359 2363 und
2393 2306 2527 2366 subtilen
2565 2307 2747 2367 Gestaktens
2786 2312 2957 2372 vollendet.
3006 2315 3077 2375 Dies

226 2322 314 2382 Welt
334 2327 432 2387 seines
462 2327 618 2387 Anatols,
638 2330 737 2390 seines
767 2330 869 2390 „füßen
904 2330 1075 2390 Mädels",
1090 2332 1139 2392 ihm

1192 2335 1235 2395 ich
1264 2335 1316 2395 ihm
1360 2336 1417 2396 hab
1457 2339 1552 2399 geben
1586 2339 1745 2399 können",
1779 2340 1836 2400 hat
1875 2342 1923 2402 ihm
1971 2344 2115 2404 Greichen

2159 2343 2225 2403 war
2269 2345 2402 2405 Wilhelm
2460 2348 2608 2408 Meisters
2652 2354 2866 2414 theatralische
2905 2357 3086 2417 Sendung:

225 2367 306 2427 schon
343 2372 628 2432 vorausgegangen
665 2373 746 2433 war.
774 2372 819 2432 Er
847 2372 982 2432 bewegte
1015 2375 1060 2435 sich
1096 2375 1155 2435 wie

1197 2378 1443 2438 vorausgesagt:
1469 2382 1537 2442 „Ich
1567 2381 1641 2441 habe
1666 2381 1745 2441 schon
1775 2384 1799 2444 so
1829 2384 1893 2444 viel
1913 2384 1967 2444 für
1992 2386 2051 2446 dich
2076 2385 2124 2445 ge¬

2156 2387 2199 2447 Am
2247 2387 2338 2447 Ende
2368 2389 2410 2449 ein
2445 2391 2569 2451 Helser,
2594 2393 2637 2453 ein
2676 2395 2853 2455 Wundarzt
2883 2397 2911 2457 zu
2950 2402 3089 2462 werden.

228 2414 488 2474 Hofmannsthal
568 2414 623 2474 der
652 2415 777 2475 eigenen
811 2417 954 2477 Historie,
978 2418 1052 2478 denn
1086 2420 1155 2480 auch

1195 2421 1261 2481 tan,
1291 2421 1348 2481 daß
1392 2423 1454 2483 mir
1493 2425 1526 2485 zu
1565 2424 1617 2484 tun
1667 2425 1724 2485 fast
1758 2426 1854 2486 nichts
1902 2427 1988 2487 mehr
2027 2429 2118 2489 übrig

2158 2426 2167 2486 —
2220 2430 2388 2490 Schnitzler
2417 2434 2488 2494 ging
2523 2434 2575 2494 den
2609 2437 2820 2497 umgekehrten
2859 2440 2954 2500 Weg:
2998 2445 3065 2505 Vom

228 2455 321 2515 dieses
376 2455 459 2515 Wien
509 2456 749 2516 Grillparzers,
790 2458 927 2518 künstlich
972 2460 1144 2520 verlänger

1189 2464 1309 2524 bleibt."
1335 2464 1465 2524 Darauf
1485 2465 1601 2525 kommt
1626 2465 1654 2525 es
1684 2468 1761 2528 nicht
1786 2468 1843 2528 an,
1864 2470 1926 2530 was
1960 2471 1994 2531 sie
2019 2474 2129 2534 sagen,

2162 2470 2272 2530 Spital
2299 2473 2353 2533 auf
2374 2475 2420 2535 die
2440 2473 2455 2533 1
2481 2476 2577 2536 Ihne,
2592 2478 2652 2538 auf
2673 2480 2724 2540 der
2749 2482 2779 2542 er
2805 2482 2845 2542 ein
2881 2485 3007 2545 Meister
3033 2487 3083 2547 der

224 2497 260 2557 al
312 2497 382 2557 „das
415 2498 527 2558 Capua
555 2499 611 2559 der
640 2500 822 2560 Geister...
846 2501 1037 2561 entnervend
1075 2504 1159 2564 wehl

1194 2506 1321 2566 obwohl
1348 2507 1384 2567 sie
1417 2509 1448 2569 es
1481 2509 1553 2569 hold
1589 2509 1648 2569 und
1681 2511 1807 2571 weicher
1840 2513 1948 2573 sagen,
1976 2515 2121 2575 sondern,

2156 2515 2358 2575 Feinheiten,
2383 2518 2426 2578 ein
2462 2519 2629 2579 Zauberer
2674 2522 2722 2582 des
2762 2526 2894 2586 Dialogs
2934 2529 2993 2589 und
3028 2530 3082 2590 für

219 2541 271 2601 des
320 2540 579 2600 Sonnenhauch"
618 2542 670 2602 fah
710 2543 743 2603 er
773 2545 998 2605 säkularistert.
1037 2547 1156 2607 Beide,

1190 2548 1240 2608 daß
1274 2548 1433 2608 Christine
1462 2551 1579 2611 anders
1612 2552 1658 2612 als
1691 2554 1742 2614 die
1772 2554 1916 2614 Klärchen
1955 2556 2015 2616 und
2048 2557 2123 2617 Lot¬

2167 2557 2276 2617 seine
2311 2560 2388 2620 Zeit
2416 2562 2466 2622 der
2494 2565 2566 2625 erste
2589 2569 2877 2629 Herzbiagnostiker
2911 2572 2960 2632 des
2995 2572 3071 2632 deue

226 2582 484 2642 Hoffzannsthal
523 2585 579 2645 und
623 2585 814 2645 Schnitzler,
834 2587 981 2647 verstrickt
1020 2589 1048 2649 in
1092 2588 1144 2648 den

1185 2590 1231 2650 ten
1278 2593 1339 2653 und
1382 2593 1527 2653 Greichen
1574 2593 1738 2653 klassischer
1771 2596 1977 2656 Provenienz
2011 2600 2057 2660 ist.
2081 2598 2094 2658 -

2150 2602 2226 2662 schen
2257 2604 2415 2664 Theaters
2447 2605 2528 2665 war.

223 2626 439 2686 Niedergang,
481 2628 538 2688 das
590 2627 778 2687 Gleitende,
821 2630 1041 2690 verzauberten
1098 2632 1149 2692 den

1192 2634 1274 2694 Nicht
1298 2634 1443 2694 vergessen
1477 2634 1515 2694 sei
1540 2635 1588 2695 der
1612 2637 1767 2697 Erzähler
1792 2637 1864 2697 über
1888 2638 1941 2698 dem
1985 2642 2120 2702 Drama=

230 2667 423 2727 Augenblick.
453 2670 631 2730 Jedweder
661 2670 752 2730 hörte
782 2672 810 2732 zu
845 2673 932 2733 jeder
961 2674 1072 2734 Stund
1111 2676 1154 2736 die

1190 2674 1278 2734 tiker,
1294 2676 1343 2736 der
1373 2676 1397 2736 in
1427 2678 1565 2738 mancher
1590 2679 1772 2739 Erzählung
1803 2681 1891 2741 tiefer
1916 2682 2044 2742 forschte

240 2712 356 2772 htimme
394 2712 680 2772 „Jedermanns“.
728 2712 821 2772 Nicht
850 2713 910 2773 mit
944 2714 995 2774 dem
1047 2717 1145 2777 letzten

1194 2718 1213 2778 in
1253 2719 1307 2779 den
1342 2722 1564 2782 dramatischen
1604 2723 1776 2783 Gebilden,
1806 2724 1879 2784 denn
1919 2725 1969 2785 die
2004 2729 2091 2789 lange

245 2753 333 2813 irnst,
352 2754 431 2814 denn
464 2756 515 2816 bei
538 2757 711 2817 Schnitzler
740 2757 813 2817 wird
847 2758 902 2818 das
935 2757 1028 2817 Leben
1066 2760 1135 2820 kaum

1192 2761 1361 2821 Monologe
1400 2762 1457 2822 von
1506 2766 1689 2826 „Leutnant
1723 2766 1838 2826 Gustl“
1882 2768 1945 2828 und
1994 2771 2118 2831 „Fräu¬

224 2796 271 2856 als
305 2798 416 2858 Traum
464 2798 642 2858 ersonnen,
666 2799 796 2859 sondern
840 2799 888 2859 als
922 2803 1162 2863 Theaterspiel:

1188 2805 1242 2865 lein
1277 2803 1365 2863 Else"
1391 2808 1508 2868 ertrögt
1534 2808 1587 2868 das
1618 2808 1750 2868 Theater
1781 2808 1859 2868 nicht
1889 2809 1958 2869 Und
1988 2814 2051 2874 doch
2082 2814 2120 2874 ist

229 2838 379 2898 „Liebeln,
400 2840 550 2900 Sterbeln
586 2840 646 2900 und
672 2843 983 2903 Komödiespielen".
1004 2844 1049 2904 So
1080 2845 1145 2905 sehr
1186 2845 1245 2905 der
1276 2846 1432 2906 Monolog
1473 2849 1619 2909 Fräulein
1660 2849 1750 2909 Elses
1795 2849 1820 2909 in
1861 2849 1916 2909 St.
1932 2852 2057 2912 Moritz,
2088 2854 2112 2914 in

221 2882 288 2942 war
317 2880 369 2940 das
408 2882 542 2942 Theater
571 2882 647 2942 schon
687 2883 729 2943 die
759 2885 883 2945 stärkere
912 2885 969 2945 und
1004 2886 1147 2946 faszinie¬

1180 2885 1228 2945 der
1263 2891 1364 2951 „Luft,
1389 2891 1437 2951 die
1467 2891 1525 2951 wie
1555 2892 1788 2952 Champagner
1813 2891 1885 2951 ist",
1910 2893 1953 2953 ein
1988 2897 2109 2957 Drama

219 2924 348 2984 tendere
383 2924 584 2984 Wirklichteit
618 2925 666 2985 als
705 2926 752 2986 die
787 2927 873 2987 müde
902 2930 1065 2990 Substanz
1100 2930 1147 2990 des

1185 2933 1207 2993 in
1245 2932 1331 2992 einer
1364 2933 1552 2993 Nußschalt.
1598 2936 1928 2996 Bewundernswert,
1956 2938 2020 2998 wie
2053 2940 2112 3000 aus

214 2966 344 3026 Lebens.
364 2966 529 3026 Ueberall,
549 2969 596 3029 wo
616 2969 786 3029 Schnitzler
811 2971 902 3031 tiefer
918 2972 1043 3032 ansetzt,
1063 2975 1150 3035 spürt

1183 2972 1233 3032 dem
1267 2975 1604 3035 Konversationssalat
1633 2976 1689 3036 das
1708 2978 1783 3038 Bild
1816 2980 1900 3040 eines
1924 2983 2111 3043 Charakters

219 3009 284 3069 man
322 3009 374 3069 den
412 3011 533 3071 Vorzug
567 3011 669 3071 seines
708 3013 825 3073 Lebens
859 3014 919 3074 und
948 3015 1051 3075 seiner
1080 3016 1154 3076 Her¬

1187 3017 1247 3077 uno
1280 3017 1364 3077 eines
1392 3020 1555 3080 Schicksals
1583 3020 1634 3080 sich
1662 3021 1844 3081 entwickelt.
1868 3024 1928 3084 Dem
1975 3025 2114 3085 Lebens¬

217 3051 316 3111 kunft.
341 3052 434 3112 Wäre
465 3053 519 3113 sein
554 3053 653 3113 Vater
684 3054 762 3114 nicht
787 3056 866 3116 Arzt
891 3057 1045 3117 gewesen,
1070 3058 1148 3118 hätte

1185 3056 1264 3116 werk
1294 3061 1487 3121 Schnitzls
1518 3063 1611 3123 geben
1652 3064 1800 3124 Romane
1830 3066 1889 3126 wie
1925 3067 2008 3127 „Der
2044 3068 2117 3128 Weg

209 3094 243 3154 er
269 3094 347 3154 nicht
373 3094 471 3154 selber
501 3095 639 3155 Medizin
675 3097 818 3157 studiert,
838 3100 897 3160 mit
922 3100 1144 3160 gründlichster

1191 3103 1232 3163 ins
1269 3103 1398 3163 Freie",
1425 3106 1560 3166 „Doktor
1591 3103 1783 3163 Graesler",
1816 3109 1982 3169 „Fräulein
2024 3109 2096 3169 Else

219 3136 454 3196 Vorbereitung
489 3139 538 3199 als
573 3139 808 3199 mehrjähriger
838 3140 980 3200 Assistent
1010 3143 1038 3203 im
1083 3143 1151 3203 All¬

1183 3142 1322 3202 Gewicht
1360 3145 1411 3205 und
1444 3146 1514 3206 eine
1543 3148 1822 3208 Sonderstellung.
1865 3151 1925 3211 Die
1958 3154 2117 3214 Strähne,

214 3178 368 3238 gemeinen
407 3181 638 3241 Krankenhaus
673 3183 701 3243 in
740 3184 826 3244 Wien
870 3184 932 3244 und
981 3184 1029 3244 als
1068 3186 1149 3246 Affi¬

1185 3187 1232 3247 die
1261 3187 1376 3247 immer
1406 3189 1429 3249 in
1468 3190 1516 3250 die
1545 3190 1645 3250 schöne
1679 3192 1794 3252 Stirne
1824 3193 2010 3253 Schnitzlers
2044 3199 2116 3259 siel,

216 3223 293 3283 stent
322 3224 370 3284 der
404 3226 582 3286 Poliklinik
611 3225 668 3285 und
707 3226 817 3286 endlich
852 3227 899 3287 als
938 3229 1145 3289 ausübender

1185 3229 1219 3289 ist
1259 3232 1455 3292 bezeichnend
1501 3232 1554 3292 für
1604 3233 1662 3293 sein
1712 3236 1904 3296 Anderssein
1954 3238 2007 3298 als
2057 3242 2106 3302 der

221 3264 359 3324 Arzt...
379 3266 440 3326 wer
470 3267 565 3327 weiß,
590 3269 623 3329 ob
657 3268 685 3328 er
714 3270 833 3330 gelernt
858 3270 958 3330 hätte,
983 3270 1135 3330 Menschen

1181 3273 1529 3333 Dichter=Durchschnitt
1556 3273 1658 3333 seiner
1690 3277 1776 3337 Zeit.
1797 3278 1848 3338 Es
1879 3279 1951 3339 ging
1987 3280 2048 3340 fast
2080 3284 2105 3344 zu

213 3306 267 3366 als
306 3307 463 3367 Abbilder
502 3311 555 3371 des
594 3312 719 3372 Lebens
758 3315 790 3375 so
828 3316 964 3376 herzecht
1003 3317 1062 3377 auf
1095 3317 1143 3377 die

1183 3318 1245 3378 viel
1269 3317 1317 3377 des
1346 3318 1552 3378 Schwierigen
1586 3319 1643 3379 vor
1667 3321 1767 3381 hinter
1792 3321 1887 3381 dieser
1912 3324 2046 3384 Stirne,
2065 3327 2108 3387 die

225 3354 338 3414 Bühne
362 3354 389 3414 zu
419 3354 538 3414 stellen.

1172 3363 1230 3423 die
1257 3360 1335 3420 Locke
1362 3363 1505 3423 milderte
1526 3363 1536 3423 —
1590 3365 1658 3425 bald
1685 3366 1928 3426 verheimlichte,
1945 3371 2018 3431 bald
2045 3372 2113 3432 ent¬
