3392 4320
1167 242 1191 302 1.
1203 237 1325 297 österr.
1337 230 1484 290 behördl.
1496 213 1796 273 konzessioniertes

1123 279 1362 339 Unternehmen
1391 266 1439 326 für
1464 252 1850 312 Zeitungs-Ausschnitte

1183 336 1327 396 WIEN,
1354 333 1406 393 I.,
1433 318 1716 378 WOLLZEILE
1763 304 1808 364 11

1279 381 1499 441 TELEPHON
1531 365 1703 425 R-23-0-43

1083 536 1314 596 Ausschnitt
1337 525 1424 585 aus:

1997 557 2017 617 c
2044 556 2107 616 127

807 559 1001 619 ZUKUN.

1133 641 1215 701 Die
1262 628 1514 688 Schönere
1603 607 1855 667 Zuhunft,

2031 646 2117 706 bei

822 649 946 709 weisen

1313 679 1526 739 Wion

2016 696 2105 756 1921

823 700 985 760 weitem,

2008 742 2100 802 0000

819 748 873 808 bis
901 749 982 809 1925

1106 760 1217 820 vom:

1439 781 1768 841 8.11.1931.

2010 794 2111 854 mör-

825 795 1008 855 Konfessie

2022 843 2106 903 bis

826 846 906 906 der.
932 846 1002 906 Für

822 894 925 954 1927:
954 894 1010 954 25,

2036 942 2119 1002 gs-

913 944 1006 1004 Nimi

2025 989 2098 1049 nde

818 993 1007 1053 seuche

826 1043 1030 1103 Krankheil

2032 1089 2114 1149 loli¬

827 1091 878 1151 die
906 1094 1032 1154 deutse

821 1143 974 1203 zismus!

828 1226 911 1286 Dr.
942 1225 1117 1285 Joseph
1166 1220 1340 1280 Eberle
1383 1219 1593 1279 (Wien):
1625 1221 1703 1281 Ein
1751 1217 2101 1277 vergötterter

917 1276 1344 1336 Pseudodichter.
1396 1276 1507 1336 (Zum
1582 1276 1711 1336 Tode
1768 1275 1857 1335 von
1914 1272 2100 1332 Arthur

912 1333 1247 1393 Schnitzler.)

909 1389 978 1449 Der
1002 1389 1034 1449 am
1076 1390 1127 1450 21.
1146 1389 1299 1449 Oktober
1323 1387 1346 1447 in
1379 1387 1471 1447 Wien
1500 1387 1718 1447 verstorbene
1746 1387 1964 1447 Dramatiker
1984 1386 2109 1446 Arthur

830 1438 1018 1498 Schnitzler
1040 1437 1123 1497 wird
1157 1437 1217 1497 von
1251 1437 1311 1497 der
1340 1435 1561 1495 Modepresse
1596 1435 1645 1495 als
1678 1434 1927 1494 Dichtergröße
1962 1433 2122 1493 gefeiert.

826 1485 867 1545 Ei
891 1488 956 1548 war
980 1485 1143 1545 berûlnt
1162 1486 1218 1546 und
1246 1485 1335 1545 seine
1364 1485 1494 1545 Bûcher
1518 1485 1639 1545 fanden
1668 1484 2042 1544 Riesenverbreitung.
2061 1483 2116 1543 Die

823 1534 911 1594 Zahl
925 1533 1036 1593 seiner
1065 1534 1330 1594 Theaterstücke
1358 1534 1404 1594 ist
1423 1534 1525 1594 groß,
1544 1533 1753 1593 angefangen
1786 1533 1841 1593 von
1875 1533 2018 1593 Werken
2051 1531 2107 1591 wie

829 1586 1009 1646 „Anatol",
1045 1586 1272 1646 „Märchen",
1309 1584 1515 1644 „Liebelei",
1552 1584 1768 1644 „Freiwild",
1810 1584 2119 1644 „Vermächtnis",

826 1632 915 1692 „Der
941 1631 1047 1691 grüne
1077 1634 1263 1694 Kakadu“,
1284 1631 1550 1691 „Paracelsus",
1571 1632 1656 1692 „Die
1687 1631 1908 1691 Gefährtin",
1929 1630 2119 1690 „Reigen",

825 1683 911 1743 „Der
940 1682 1093 1742 Schleier
1122 1682 1180 1742 der
1209 1681 1405 1741 Beatrice“,
1434 1682 1525 1742 „Der
1554 1680 1702 1740 einsame
1736 1677 1866 1737 Weg",
1895 1676 2115 1736 „Zwischen-

828 1731 946 1791 spiel".
961 1733 1050 1793 Der
1070 1733 1138 1793 Ruf
1159 1733 1218 1793 des
1243 1731 1390 1791 Lebens"
1420 1731 1469 1791 bis
1489 1730 1573 1790 Der
1598 1732 1696 1792 junge
1726 1731 1943 1791 Medardus",
1959 1728 2115 1788 „Profes-

820 1778 871 1838 sor
909 1784 1138 1844 Bernhardi",
1172 1783 1359 1843 „Komödie
1397 1781 1458 1841 der
1491 1781 1749 1841 Verführung“,
1778 1779 1871 1839 „Der
1905 1780 1998 1840 Gang
2036 1778 2096 1838 zum

831 1828 1007 1888 Weiber“.
1031 1831 1147 1891 Aufer
1175 1828 1236 1888 den
1273 1831 1413 1891 Dramen
1451 1831 1581 1891 schrieb
1614 1830 1804 1890 Schnitzler
1833 1827 1911 1887 auch
1950 1826 2107 1886 Novellen

825 1879 889 1939 und
918 1879 1010 1939 einen
1048 1879 1197 1939 Roman.
1230 1879 1262 1939 Im
1309 1879 1421 1939 lesitz
1449 1879 1509 1939 der
1538 1879 1710 1939 spezifisch
1743 1876 1920 1936 jûdischen
1957 1876 2120 1936 Intellek-

834 1929 982 1989 tualität,
1001 1929 1159 1989 verfûgte
1188 1930 1379 1990 Schnitzler
1408 1929 1556 1989 zugleich
1590 1928 1673 1988 ûber
1701 1926 1976 1986 ausgesprochen
2010 1924 2121 1984 pocti-

823 1978 921 2038 sches
950 1981 1151 2041 Emplinden
1185 1978 1245 2038 und
1283 1978 1353 2038 eine
1386 1980 1475 2040 hohe
1509 1980 1625 2040 Kunst
1649 1977 1710 2037 der
1739 1977 1912 2037 Sprache.
1941 1977 2034 2037 Aber
2063 1974 2118 2034 fûr

827 2026 917 2086 cinen
950 2028 1076 2088 großen
1113 2028 1253 2088 Dichter
1281 2028 1326 2088 ist
1349 2028 1480 2088 wichtig
1512 2028 1607 2088 nicht
1635 2028 1697 2088 nur
1721 2025 1779 2085 das
1811 2025 1897 2085 feine
1929 2022 2024 2082 Auge
2052 2023 2110 2083 und

829 2076 885 2136 das
912 2079 1035 2139 warme
1062 2078 1255 2138 Empfinden
1286 2078 1339 2138 fûr
1361 2078 1418 2138 den
1449 2077 1576 2137 Zaaber
1599 2076 1656 2136 des
1683 2075 2025 2135 Menschenantlitzes
2052 2074 2109 2134 und

829 2126 886 2186 der
925 2127 1054 2187 Nalur,
1088 2127 1140 2187 die
1184 2127 1370 2187 l'äbigkeit
1395 2127 1457 2187 des
1491 2127 1692 2187 Einfûblens
1721 2126 1744 2186 in
1783 2124 2022 2184 Cicheimnisse
2056 2123 2118 2183 des

824 2174 1082 2234 Seclenlebens,
1096 2175 1242 2235 sondern
1269 2175 1322 2235 vor
1345 2175 1429 2235 allem
1469 2176 1545 2236 auch
1572 2175 1625 2235 die
1652 2174 1763 2234 rechte
1795 2175 2110 2235 Weltanschauung

828 2225 888 2285 und
916 2225 1027 2285 damit
1046 2225 1106 2285 der
1135 2223 1246 2283 rechte
1274 2225 1497 2285 Standpunkt
1516 2224 1576 2284 der
1600 2223 1827 2283 Betrachtung
1860 2222 1920 2282 und
1949 2222 2004 2282 die
2032 2222 2120 2282 rich-

834 2275 912 2335 ligen
947 2275 1124 2335 Maßstäbe
1149 2273 1208 2333 der
1238 2276 1425 2336 Wertung.
1450 2276 1479 2336 In
1509 2273 1617 2333 dieser
1642 2273 1804 2333 Iinsicht
1820 2273 1908 2333 fehlt
1928 2273 2120 2333 Schnitzler

826 2324 1011 2384 sozusagen
1039 2324 1140 2384 alles,
1158 2322 1237 2382 weil
1256 2324 1317 2384 das
1340 2324 1636 2384 Entscheidende.
1659 2323 1849 2383 Schnitzler
1876 2320 1946 2380 war
1969 2323 2017 2383 ein
2044 2321 2124 2381 aus-

829 2372 1080 2432 gesprochener
1108 2373 1285 2433 Vertreter
1304 2373 1363 2433 des
1387 2375 1637 2435 Naturalismus
1661 2372 1719 2432 und
1747 2373 1775 2433 im
1812 2369 1949 2429 Bereich
1976 2372 2035 2432 des
2063 2372 2131 2432 Na-

831 2423 1034 2483 turalismus
1061 2423 1120 2483 hat
1147 2421 1183 2481 er
1211 2422 1279 2482 sich
1316 2422 1442 2482 wieder
1465 2422 1514 2482 die
1546 2423 1654 2483 Erotik
1691 2423 1750 2483 zum
1796 2423 2026 2483 Hauptthema
2063 2420 2121 2480 ge-

835 2470 965 2530 macht.
980 2471 1021 2531 Er
1045 2470 1110 2530 war
1134 2470 1231 2530 recht
1250 2471 1427 2531 eigentlich
1455 2470 1515 2530 der
1539 2471 1697 2531 Sigmund
1726 2471 1833 2531 Freud
1861 2470 1916 2530 der
1940 2470 2126 2530 Literatur.

841 2518 907 2578 Wie
941 2521 1032 2581 Felix
1056 2521 1170 2581 Salten
1204 2521 1232 2581 in
1262 2521 1352 2581 einem
1400 2521 1553 2581 Nachruf
1577 2518 1763 2578 feststellt:
1782 2517 1987 2577 „Professor
2012 2518 2112 2578 Freud

834 2569 894 2629 hat
918 2572 1006 2632 einst
1030 2572 1066 2632 an
1100 2572 1290 2632 Schnitzler
1314 2571 1532 2631 geschrieben
1566 2569 1663 2629 (oder
1687 2566 1826 2626 gesagt,
1845 2569 1929 2629 denn
1957 2569 2003 2629 ich
2036 2569 2115 2629 weif

834 2622 857 2682 in
885 2620 997 2680 dieser
1021 2622 1147 2682 Stunde
1176 2618 1236 2678 der
1265 2620 1390 2680 Trauer
1419 2620 1513 2680 nicht
1537 2620 1569 2680 so
1597 2620 1704 2680 genau
1738 2617 1939 2677 Bescheid),
1968 2619 2126 2679 Schnitz-

832 2669 878 2729 ler
912 2668 972 2728 hat
1010 2669 1057 2729 als
1100 2667 1240 2727 Dichter
1283 2668 1329 2728 all
1363 2670 1424 2730 das
1466 2670 1658 2730 gefunden,
1692 2666 1767 2726 was
1805 2667 1912 2727 Freud
1955 2665 2006 2725 als
2044 2665 2133 2725 For-

837 2716 932 2776 scher
985 2719 1152 2779 entdeckt
1201 2718 1262 2778 und
1320 2718 1526 2778 wissentlich
1584 2713 1756 2773 besiegelt
1804 2717 1894 2777 hat.“
1957 2715 2000 2775 So
2048 2717 2129 2777 gilt,

836 2768 901 2828 was
943 2766 1003 2826 von
1051 2766 1181 2826 Freud.
1228 2768 1311 2828 auch
1363 2766 1418 2826 von
1470 2768 1559 2828 ihm.
1606 2765 1666 2825 Die
1713 2764 1811 2824 Welt
1853 2763 2006 2823 erklären
2054 2765 2118 2825 wie

831 2817 933 2877 Freud
981 2817 1163 2877 erklären,
1196 2816 1262 2876 das
1300 2816 1402 2876 heißt
1440 2818 1524 2878 alles
1567 2816 1632 2876 aus
1675 2815 1735 2875 dem
1797 2814 1909 2874 Sexus
1952 2814 2129 2874 erklären,

831 2865 921 2925 bzw.
940 2866 1021 2926 alles
1058 2866 1121 2926 mit
1157 2866 1216 2926 dem
1271 2864 1384 2924 Sexus
1421 2867 1447 2927 in
1489 2867 1783 2927 Zusammenhang
1829 2862 1992 2922 bringen,
2025 2864 2124 2924 heifit

831 2918 877 2978 sie
901 2918 985 2978 denn
1014 2918 1097 2978 doch
1126 2918 1196 2978 viel
1215 2918 1248 2978 zu
1281 2918 1431 2978 primitiv
1459 2915 1637 2975 erklären.
1661 2915 1721 2975 Die
1754 2913 1848 2973 Welt
1872 2913 2035 2973 einengen
2069 2913 2129 2973 auf

837 2966 909 3026 das,
927 2966 995 3026 was
1018 2966 1077 3026 der
1100 2966 1354 3026 Naturalismus
1377 2966 1435 3026 und
1463 2965 1730 3025 Materialismus
1754 2963 1862 3023 sieht,
1876 2963 1935 3023 das
1958 2963 2053 3023 hoifst
2071 2963 2107 3023 um

837 3017 989 3077 Himmel
1014 3017 1072 3077 und
1102 3017 1220 3077 Hôlle.
1240 3017 1337 3077 Cott,
1357 3017 1465 3077 Engel
1490 3017 1548 3077 und
1579 3014 1769 3074 Dâmonen,
1794 3011 1922 3071 Heilige
1952 3013 2015 3073 und
2045 3012 2127 3072 Hel-

831 3064 893 3124 den
922 3067 1023 3127 nicht
1047 3067 1186 3127 wissen,
1206 3066 1307 3126 heifit
1331 3064 1379 3124 die
1413 3064 1509 3124 Welt
1528 3064 1609 3124 denn
1644 3064 1725 3124 doch
1755 3064 1788 3124 zu
1822 3061 1908 3121 klein
1937 3063 2062 3123 sehen.
2091 3064 2124 3124 la

830 3112 890 3172 den
916 3112 1097 3172 Menschen
1127 3112 1191 3172 nur
1213 3112 1247 3172 so
1278 3112 1385 3172 etwas
1412 3112 1467 3172 wie
1498 3112 1618 3172 bôhere
1649 3110 1872 3170 Naturwesen
1903 3109 1967 3169 mit
1989 3109 2118 3169 leidlich

842 3160 906 3220 viel
935 3163 1103 3223 Verstand
1140 3162 1196 3222 und
1233 3162 1480 3222 Emplindung,
1505 3161 1588 3221 aber
1616 3160 1681 3220 mit
1710 3160 1803 3220 einem
1854 3160 2013 3220 Minimum
2060 3160 2120 3220 von

846 3211 1132 3271 Willensfreiheit
1157 3211 1281 3271 schen,
1301 3213 1401 3273 heißt
1425 3211 1520 3271 ihnen
1549 3211 1635 3271 denn
1664 3209 1750 3269 doch
1779 3208 1841 3268 den
1875 3209 1951 3269 Sinn
1985 3209 2042 3269 und
2076 3208 2123 3268 die

841 3262 943 3322 Kraft
967 3261 1018 3321 fûr
1046 3261 1172 3321 hôhere
1196 3261 1452 3321 Zielsetzungen
1485 3261 1546 3321 und
1579 3259 1737 3319 Arbeiten
1770 3258 1915 3318 rauben.
1943 3258 1985 3318 So
2013 3258 2125 3318 fehlen

834 3312 919 3372 denn
952 3311 1006 3371 bei
1029 3312 1224 3372 Schnitzler
1251 3310 1305 3370 die
1333 3309 1460 3369 grofen
1492 3311 1587 3371 Ideen
1624 3309 1682 3369 und
1719 3309 1882 3369 Themate
1914 3306 1973 3366 von
2010 3306 2132 3366 Vater-

837 3363 933 3423 land,
953 3361 1130 3421 Religion,
1145 3360 1370 3420 Ceschichte,
1390 3360 1559 3420 Jenseits.
1588 3359 1688 3419 Seine
1718 3357 1900 3417 Menschen
1929 3356 1996 3416 sind
2030 3357 2126 3417 keine

842 3412 1019 3472 Kämpfer,
1037 3411 1087 3471 die
1119 3411 1187 3471 sich
1215 3411 1319 3471 durch
1351 3410 1410 3470 das
1438 3410 1733 3470 Problematische
1761 3408 1820 3468 des
1848 3406 1979 3466 Lebens
2007 3405 2134 3465 durch-

834 3461 973 3521 ringen,
992 3460 1044 3520 die
1068 3458 1184 3518 Triebe
1213 3460 1240 3520 in
1269 3458 1329 3518 der
1353 3458 1563 3518 Herrschaft
1587 3458 1765 3518 behalten,
1784 3456 1807 3516 in
1840 3456 2124 3516 Gelehrtenstube

841 3509 901 3569 und
929 3509 1036 3569 Bûro,
1050 3509 1078 3569 in
1101 3509 1222 3569 Schlof
1255 3509 1310 3569 und
1339 3509 1455 3569 Fabrik
1488 3509 1659 3569 wertvolle
1683 3506 1804 3566 Arbeit
1823 3503 1962 3563 leisten,
1981 3503 2120 3563 sondern

841 3560 877 3620 es
900 3563 967 3623 sind
995 3561 1090 3621 mehr
1113 3560 1249 3620 Spieler
1272 3560 1330 3620 und
1363 3559 1548 3619 Geniefer,
1567 3557 1743 3617 Gestalten
1771 3555 1829 3615 der
1852 3552 2038 3612 Dekadenz
2061 3553 2119 3613 und

841 3612 1052 3672 Morbiditât.
1082 3611 1250 3671 Verliebte
1284 3609 1341 3669 und
1380 3608 1616 3668 Verträumte,
1641 3607 1799 3667 Hamlets
1824 3604 1909 3664 ohne
1939 3603 2001 3663 den
2035 3603 2136 3663 Geist

842 3661 1014 3721 Ilamlets;
1033 3659 1070 3719 es
1099 3659 1169 3719 sind
1202 3659 1379 3719 l'uppen-,
1398 3658 1724 3718 Schmetterlings-,
1748 3653 2136 3713 Mistkäfermenschen,

842 3712 864 3772 in
892 3709 991 3769 deren
1024 3706 1141 3766 Dasein
1169 3709 1233 3769 das
1256 3707 1373 3767 meiste
1402 3707 1437 3767 um
1479 3708 1579 3768 Eros,
1598 3703 1766 3763 Liebelei,
1780 3703 1815 3763 um
1861 3701 2029 3761 lntreue,
2048 3699 2134 3759 lhe-

837 3761 1015 3821 scheidung
1048 3760 1147 3820 geht.
1175 3758 1217 3818 Es
1241 3758 1311 3818 sind
1345 3757 1542 3817 Menschen,
1561 3756 1589 3816 in
1617 3754 1720 3814 denen
1754 3752 1824 3812 viel
1843 3749 2021 3809 Tändelei,
2036 3750 2134 3810 Zärt-

841 3811 999 3871 lichkeit.
1018 3808 1195 3868 Wehmut.
1214 3808 1456 3868 Melancholie,
1470 3807 1698 3867 Verliebtheit
1717 3803 1740 3863 in
1764 3801 1885 3861 schône
1913 3801 2132 3861 Naturbilder

841 3861 898 3921 und
934 3858 1150 3918 dergleichen
1181 3859 1243 3919 ist.
1265 3859 1349 3919 aber
1376 3857 1424 3917 nie
1455 3856 1503 3916 ein
1539 3854 1662 3914 grofer
1694 3854 1781 3914 Zug.
1800 3851 1870 3911 eine
1901 3848 2007 3908 große
2038 3848 2135 3908 Idee,

846 3909 892 3969 cin
921 3908 1060 3968 starker
1093 3906 1209 3966 Wille.
1233 3906 1326 3966 Weil
1345 3905 1555 3965 Schnitzlers
1583 3900 1764 3960 Menschen
1797 3899 1857 3959 der
1886 3900 2039 3960 Ausblick
2077 3900 2132 3960 auf

839 3957 884 4017 ein
912 3957 1066 4017 Jenseits
1090 3957 1148 4017 und
1181 3955 1230 4015 die
1263 3955 1518 4015 Verpflichtung
1550 3952 1728 4012 absoluter
1751 3945 2006 4005 Sittengesetze
2034 3948 2138 4008 fehlt,

857 4007 910 4067 -ind
942 4005 987 4065 sie
1015 4005 1092 4065 auch
1124 4006 1223 4066 schon
1251 4006 1305 4066 fûr
1328 4005 1441 4065 dieses
1464 4002 1572 4062 Leben
1600 4001 1799 4061 untûchtig,
1818 3998 1935 4058 immer
1958 3996 2125 4056 ängstlich

846 4061 881 4121 an
904 4059 963 4119 den
990 4056 1181 4116 schwarzen
1208 4056 1367 4116 Abgrund
1394 4056 1426 4116 am
1467 4053 1552 4113 Ende
1580 4053 1671 4113 ibrer
1689 4050 1775 4110 Tage
1798 4048 1974 4108 denkend,
1989 4047 2124 4107 deshall

842 4107 966 4167 infolge
1000 4103 1062 4163 der
1091 4103 1335 4163 begreiflichen
1374 4100 1676 4160 Entläuschungen
1710 4098 1767 4158 und
1802 4095 2008 4155 Bitternisse
2042 4094 2137 4154 nicht

850 4155 952 4215 selten
979 4156 1071 4216 ibrem
1113 4157 1231 4217 Dasein
1258 4156 1319 4216 auf
1341 4153 1572 4213 unnatûrliche
1604 4151 1732 4211 Weise,
1749 4151 1784 4211 d.
1805 4150 1841 4210 h.
1857 4148 1918 4208 mit
1940 4148 2032 4208 einem
2074 4141 2141 4201 Re-
