3344 4256
164 252 181 312 2

542 255 900 315 itzlers
972 260 1209 320 Death

323 254 488 314 Schn

402 900 1118 960 DOBSERVER

484 968 510 1028 I.
524 968 644 1028 österr.
658 971 805 1031 behördl.
819 974 1118 1034 konzessioniertes

436 1008 670 1068 Unternehmen
702 1012 750 1072 für
773 1015 1163 1075 Zeitungs-Ausschnitte

497 1067 636 1127 WIEN,
664 1073 710 1133 I.,
738 1076 1025 1136 WOLLZEILE
1073 1082 1112 1142 11

585 1122 802 1182 TELEPHON
834 1126 1010 1186 R-23-0-43

383 1261 605 1321 Ausschnitt
633 1265 720 1325 aus:

555 1412 804 1472 (nnsbracker
839 1442 1104 1502 Nachrichtar.

377 1485 494 1545 vom:

752 1577 849 1637 22.
869 1570 997 1630 OKT.
1028 1564 1125 1624 1937

544 1985 700 2045 Arthur
735 1989 950 2049 Schnitzler
984 1992 1032 2052 F.

238 2052 348 2112 Wien,
367 2057 422 2117 22.
441 2058 509 2118 Okt.
534 2061 656 2121 (Priv.)
682 2063 811 2123 Gestern
842 2067 965 2127 abends
991 2068 1137 2128 verschied
1170 2069 1218 2129 der
1243 2070 1366 2130 Dichter

191 2101 312 2161 Arthur
341 2105 590 2165 Schnitzler
629 2111 762 2171 plötzlich
807 2114 929 2174 infolge
963 2114 1051 2174 eines
1085 2120 1367 2180 Schlaganfalles.

190 2154 253 2214 Für
286 2153 375 2213 weite
403 2156 508 2216 Kreise
536 2156 583 2216 kam
632 2159 679 2219 die
706 2161 870 2221 Nachricht
898 2162 950 2222 vom
999 2165 1142 2225 Ableben
1174 2168 1365 2228 Schnitzlers

192 2202 440 2262 überraschend,
457 2204 535 2264 seine
563 2208 747 2268 Bekannten
781 2210 907 2270 wußten
934 2213 1055 2273 jedoch,
1077 2216 1134 2276 daß
1167 2216 1220 2276 der
1241 2218 1368 2278 Dichter

197 2251 249 2311 seit
276 2252 440 2312 mehreren
477 2255 598 2315 Jahren
636 2256 673 2316 an
705 2261 1006 2321 Herzbeschwerden
1044 2263 1096 2323 litt
1123 2264 1186 2324 und
1224 2267 1276 2327 daß
1313 2267 1360 2327 sich

200 2296 248 2356 sein
281 2299 426 2359 Zustand
459 2302 512 2362 seit
540 2302 593 2362 dem
648 2307 820 2367 tragischen
858 2308 944 2368 Tode
982 2311 1084 2371 seiner
1117 2313 1251 2373 Tochter
1290 2312 1365 2372 ver¬

191 2347 375 2407 schlimmert
402 2350 502 2410 hatte.
535 2352 672 2412 Leichten
704 2356 921 2416 Besserungen
953 2359 1069 2419 folgten
1102 2362 1218 2422 immer
1245 2362 1360 2422 wieder

195 2395 368 2455 Rückfälle.

232 2496 353 2556 Arthur
381 2499 630 2559 Schnitzler
658 2502 768 2562 wurde
796 2504 834 2564 am
879 2505 934 2565 15.
957 2508 1034 2568 Mai
1062 2508 1139 2568 1862
1173 2510 1194 2570 in
1228 2512 1349 2572 Wien

190 2547 348 2607 geboren.
375 2547 432 2607 Als
459 2547 554 2607 Sohn
592 2550 649 2610 des
682 2552 798 2612 Arztes
830 2556 893 2616 Dr.
914 2557 1051 2617 Johann
1089 2561 1262 2621 Schnitzler
1295 2562 1363 2622 war

181 2595 217 2655 er
255 2595 313 2655 zum
366 2595 508 2655 Studium
567 2598 624 2658 der
657 2601 799 2661 Medizin
847 2604 1026 2664 bestimmt,
1058 2610 1264 2670 praktizierte
1312 2611 1359 2671 als

183 2643 298 2703 junger
326 2645 404 2705 Arzt
431 2646 494 2706 und
527 2646 637 2706 wurde
664 2651 817 2711 Assistent
844 2652 944 2712 seines
976 2655 1113 2715 Vaters.
1140 2658 1266 2718 Später
1294 2658 1362 2718 trat

188 2690 219 2750 er
242 2693 263 2753 in
290 2693 485 2753 militärische
513 2696 654 2756 Dienste,
676 2697 718 2757 die
741 2699 772 2759 er
795 2699 898 2759 später
920 2702 1119 2762 liquidierte,
1137 2703 1169 2763 um
1213 2706 1255 2766 sich
1283 2708 1363 2768 ganz

188 2742 283 2802 seinem
320 2741 527 2801 literarischen
554 2745 702 2805 Schaffen
735 2747 760 2807 zu
793 2750 946 2810 widmen.
968 2752 1042 2812 Sein
1074 2753 1169 2813 erstes
1196 2755 1365 2815 aufsehen¬

180 2789 375 2849 erregendes
402 2790 494 2850 Werk
515 2792 581 2852 war
613 2795 793 2855 „Anatol“,
809 2798 876 2858 eine
902 2801 1004 2861 Reihe
1031 2801 1257 2861 dramatischer
1278 2803 1360 2863 Dia¬

183 2837 270 2897 loge.
304 2838 370 2898 Das
403 2840 519 2900 nächste
547 2843 658 2903 Werk,
680 2845 768 2905 „Das
802 2846 995 2906 Märchen",
1018 2849 1144 2909 erschien
1178 2851 1277 2911 1893,
1300 2852 1349 2912 den

184 2885 275 2945 ersten
308 2887 427 2947 großen
460 2889 704 2949 Bühnenerfolg
737 2893 849 2953 errang
883 2896 1056 2956 Schnitzler
1084 2898 1142 2958 mit
1164 2899 1359 2959 „Liebelei“,

183 2932 230 2992 die
257 2933 330 2993 1895
363 2935 399 2995 am
443 2938 664 2998 Burgtheater
696 2941 749 3001 zur
776 2944 1018 3004 Uraufführung
1051 2946 1140 3006 kam.
1162 2947 1204 3007 Es
1231 2949 1346 3009 folgten

180 2983 264 3043 dann
297 2982 344 3042 die
376 2986 518 3046 Dramen
556 2989 772 3049 „Freiwild“,
799 2992 883 3052 „Der
910 2992 1057 3052 Schleier
1084 2992 1142 3052 der
1169 2997 1342 3057 Beatrice“

182 3032 485 3092 „Zwischenspiel",
508 3037 590 3097 „Der
612 3037 711 3097 junge
739 3040 970 3100 Medardus",
993 3043 1081 3103 „Das
1109 3043 1197 3103 weite
1231 3045 1362 3105 Land“.

183 3080 223 3140 Im
271 3081 497 3141 Burgtheater
539 3085 714 3145 gelangten
756 3087 937 3147 „Komödie
974 3090 1056 3150 ohne
1092 3090 1247 3150 Worte",
1294 3094 1355 3154 das

179 3129 487 3189 Journalistenstück
509 3132 606 3192 „Fink
628 3134 687 3194 und
709 3136 952 3196 Fliederbusch"
974 3138 1071 3198 sowie
1093 3138 1141 3198 die
1163 3141 1357 3201 Casanova¬

179 3177 337 3237 Komödie
369 3180 447 3240 „Die
474 3183 722 3243 Schwestern",
743 3183 790 3243 die
823 3187 1001 3247 „Komödie
1034 3186 1086 3246 der
1113 3189 1323 3249 Verführung

185 3225 243 3285 und
282 3225 362 3285 „Der
395 3229 492 3289 Gang
525 3231 579 3291 zum
628 3231 779 3291 Weiher“
812 3235 866 3295 zur
899 3237 1130 3297 Aufführung,
1180 3237 1238 3297 das
1272 3240 1352 3300 letzte

180 3275 514 3335 Schnitzler=Drama,
541 3278 597 3338 das
628 3278 664 3338 am
716 3281 937 3341 Burgtheater
968 3284 1158 3344 aufgeführt
1185 3286 1313 3346 wurde.

220 3318 281 3378 Von
308 3322 359 3382 den
390 3326 722 3386 Prosawerken
753 3331 939 3391 Schnitzlers
966 3332 1038 3392 seien
1070 3335 1220 3395 erwähnt
1241 3334 1354 3394 „Ster¬

176 3370 272 3430 ben",
294 3371 375 3431 seine
402 3374 558 3434 Novellen
597 3377 672 3437 „Die
700 3377 786 3437 Frau
819 3379 872 3439 des
905 3380 1073 3440 Weisen",
1095 3382 1186 3442 „Das
1219 3383 1348 3443 Bildnis

174 3416 226 3476 des
253 3422 464 3482 Romigno",
481 3425 586 3485 „Frau
613 3425 713 3485 Berta
740 3428 909 3488 Garlan“,
931 3428 988 3488 und
1021 3430 1211 3490 „Leutnant
1232 3431 1353 3491 Gustl“,

175 3466 262 3526 Diese
283 3469 505 3529 letzgenannte
526 3471 743 3531 novellistische
770 3475 888 3535 Studie
910 3478 1028 3538 erregte
1055 3478 1085 3538 am
1127 3478 1251 3538 meisten
1277 3477 1359 3537 Auf¬

176 3516 259 3576 sehen
292 3517 349 3577 und
377 3517 445 3577 war
472 3518 524 3578 der
545 3520 672 3580 Anlaß,
694 3522 751 3582 daß
779 3524 947 3584 Schnitzler
974 3526 1053 3586 seine
1080 3527 1349 3587 Offizierscharge

171 3563 294 3623 verlor.
336 3565 403 3625 Der
435 3568 553 3628 einzige
585 3571 714 3631 Roman
751 3573 942 3633 Schnitzlers
974 3574 1040 3634 war
1077 3574 1159 3634 „Der
1186 3576 1268 3636 Weg
1300 3577 1346 3637 ins

170 3613 302 3673 Freie".
318 3613 365 3673 Es
387 3616 508 3676 folgten
541 3619 658 3679 wieder
685 3619 838 3679 Novellen
876 3622 1014 3682 „Doktor
1041 3625 1242 3685 Graesler“,
1263 3628 1348 3688 „Der

169 3661 370 3721 Badearzt",
403 3665 615 3725 „Casanovas
654 3668 877 3728 Heimfahrt",
911 3672 1085 3732 „Fräulein
1123 3672 1242 3732 Elsa“.
1287 3673 1351 3733 Die

168 3711 249 3771 letzte
282 3711 433 3771 Novelle,
455 3711 503 3771 die
531 3714 557 3774 in
590 3714 752 3774 Buchform
797 3717 964 3777 erschienen
997 3718 1051 3778 ist,
1095 3720 1132 3780 ist
1160 3720 1278 3780 „Spiel
1301 3723 1327 3783 im

170 3759 483 3819 Morgengrauen",
499 3762 579 3822 seine
605 3763 772 3823 allerletzte
797 3765 913 3825 Arbeit
934 3765 1004 3825 war
1030 3767 1096 3827 eine
1121 3768 1353 3828 Neubearbei¬

170 3808 247 3868 tung
283 3810 381 3870 seines
412 3810 557 3870 Dramas
593 3813 685 3873 „Ruf
712 3813 763 3873 des
795 3814 965 3874 Lebens",
986 3815 1042 3875 das
1079 3816 1166 3876 einem
1213 3817 1342 3877 Wunsch

164 3854 223 3914 des
267 3857 414 3917 Dichters
464 3860 583 3920 gemäß
638 3860 664 3920 im
730 3863 871 3923 nächsten
905 3863 1008 3923 Jahre
1041 3863 1095 3923 zur
1122 3863 1220 3923 Feier
1248 3863 1345 3923 seines

170 3902 226 3962 70.
242 3908 484 3968 Geburtstages
515 3908 551 3968 am
593 3908 763 3968 Deutschen
795 3911 1021 3971 Volkstheater
1053 3911 1243 3971 aufgeführt
1269 3910 1346 3970 wer¬

177 3951 228 4011 den
264 3953 369 4013 sollte.

1426 258 1549 318 box
1629 261 1808 321 42/6

1852 1658 2570 1718 OBSERVER

1935 1702 1958 1762 I.
1972 1705 2092 1765 österr.
2102 1712 2254 1772 behördl.
2269 1721 2569 1781 konzessioniertes

1891 1745 2123 1805 Unternehmen
2152 1752 2198 1812 für
2227 1765 2612 1825 Zeltungs-Ausschnitte

1938 1801 2089 1861 WIEN,
2117 1811 2165 1871 I.,
2186 1820 2474 1880 WOLLZEILE
2517 1831 2557 1891 11

2030 1861 2248 1921 TELEPHON
2281 1874 2456 1934 R-23-0-43

1827 1996 2047 2056 Ausschnitt
2071 2000 2162 2060 aus:
2178 2003 2436 2063 BABZBURGEE
2467 2019 2649 2079 CHRONIN

2154 2143 2244 2203 22.
2273 2161 2389 2221 OKT.
2417 2180 2521 2240 1931

1821 2216 1933 2276 vom:

1756 2317 1886 2377 Arthur
1923 2317 2097 2377 Schnitzler
2128 2317 2323 2377 gestorben.
2360 2317 2490 2377 Arthur
2521 2320 2789 2380 Schnitzler
2819 2318 2876 2378 ist,

1685 2365 1746 2425 wie
1775 2365 1836 2425 aus
1865 2365 1994 2425 Wien
2035 2368 2187 2428 berichtet
2216 2368 2322 2428 wird,
2340 2371 2464 2431 gestern
2499 2371 2724 2431 nachmittags
2758 2369 2848 2429 einem

1685 2413 1872 2473 Herzschlag
1911 2414 2066 2474 erlegen.
2105 2416 2287 2476 Schnitzler
2321 2418 2381 2478 hat
2415 2416 2497 2476 viele
2531 2419 2713 2479 Erregung
2747 2419 2774 2479 in
2819 2417 2868 2477 die

1685 2463 1939 2523 österreichische
1967 2467 2160 2527 Geistigkeit
2189 2467 2369 2527 getragen.
2404 2467 2556 2527 Geboren
2591 2467 2675 2527 1862
2710 2467 2731 2527 in
2766 2467 2856 2527 Wien

1687 2511 1735 2571 als
1762 2511 1859 2571 Sohn
1893 2513 1984 2573 eines
2017 2514 2455 2574 Universitätsprofessors,
2477 2515 2585 2575 wuchs
2613 2514 2644 2574 er
2672 2515 2732 2575 von
2765 2514 2872 2574 Kind¬

1685 2562 1752 2622 heit
1775 2562 1803 2622 in
1837 2562 1888 2622 die
1917 2562 2035 2622 bessere
2064 2565 2278 2625 Gesellschaft
2302 2565 2437 2625 hinein,
2460 2565 2584 2625 erhielt
2608 2565 2675 2625 eine
2704 2565 2782 2625 gute
2806 2563 2873 2623 Er¬

1684 2611 1841 2671 ziehung,
1868 2610 2025 2670 studierte
2053 2613 2177 2673 sodann
2216 2613 2361 2673 Medizin
2400 2613 2465 2673 und
2498 2613 2573 2673 war
2600 2614 2687 2674 dann
2726 2615 2757 2675 an
2796 2612 2871 2672 ver¬

1685 2658 1865 2718 schiedenen
1900 2661 2046 2721 Kliniken
2075 2661 2177 2721 tätig.
2206 2664 2273 2724 Der
2296 2664 2375 2724 enge
2398 2664 2551 2724 Kontakt
2568 2664 2630 2724 mit
2647 2664 2703 2724 den
2732 2664 2861 2724 Spitzen

1682 2708 1733 2768 der
1769 2710 1982 2770 Gesellschaft
2012 2711 2215 2771 entwickelte
2250 2711 2331 2771 seine
2366 2711 2569 2771 literarische
2598 2711 2783 2771 Tätigkeit.
2818 2710 2864 2770 Es

1676 2759 1870 2819 entstanden
1910 2759 1937 2819 in
1971 2759 2099 2819 rascher
2127 2759 2238 2819 Folge
2267 2759 2495 2819 verschiedene
2529 2759 2812 2819 Bühnenwerke,
2835 2759 2862 2819 in

1681 2805 1780 2865 denen
1819 2807 1952 2867 vielfach
1980 2807 2041 2867 das
2069 2809 2291 2869 Wienerische
2319 2810 2440 2870 Milieu
2474 2810 2546 2870 eine
2575 2810 2707 2870 getreue
2730 2810 2873 2870 Abspie¬

1685 2856 1806 2916 gelung
1835 2858 1938 2918 fand.
1974 2857 2055 2917 Wir
2084 2858 2262 2918 erwähnen
2310 2858 2580 2918 „Liebelei"
2617 2861 2679 2921 und
2715 2861 2876 2921 „Frei¬

1685 2901 1820 2961 wild"
1849 2903 1910 2963 aus
1945 2905 1995 2965 der
2024 2905 2108 2965 alten
2143 2907 2239 2967 Zeit.
2268 2905 2443 2965 Stärkstem
2494 2908 2720 2968 Widerspruch
2755 2908 2873 2968 begeg¬

1685 2953 1758 3013 nete
1781 2953 1837 3013 sein
1866 2957 2120 3017 „Reigen",
2132 2956 2239 3016 dessen
2262 2956 2471 3016 Entstehung
2494 2956 2550 3016 ins
2574 2957 2670 3017 Ende
2693 2956 2743 3016 der
2766 2956 2873 3016 neun¬

1682 3004 1766 3064 ziger
1800 3001 1913 3061 Jahre
1942 3004 2037 3064 fällt;
2066 3004 2111 3064 die
2145 3007 2387 3067 Gerechtigkeit
2416 3006 2580 3066 gebietet,
2603 3007 2636 3067 zu
2671 3007 2873 3067 erwähnen,

1685 3049 1743 3109 daß
1779 3051 1837 3111 das
1868 3052 1968 3112 Werk
1992 3052 2056 3112 erst
2080 3054 2144 3114 viel
2169 3055 2280 3115 später
2304 3056 2457 3116 gedruckt
2481 3055 2545 3115 und
2576 3055 2681 3115 1920,
2700 3055 2864 3115 durchaus

1682 3097 1773 3157 nicht
1820 3101 1883 3161 dem
1953 3102 2080 3162 Willen
2138 3102 2287 3162 gemäß,
2334 3105 2541 3165 aufgeführt
2588 3105 2726 3165 wurde.
2790 3105 2864 3165 Daß

1682 3147 1864 3207 Schnitzler
1897 3150 1980 3210 über
2013 3153 2085 3213 eine
2113 3153 2218 3213 starke
2252 3153 2418 3213 Eigenart
2451 3153 2511 3213 und
2546 3153 2628 3213 über
2662 3153 2705 3213 ein
2745 3153 2866 3213 großes

1687 3197 1810 3257 Talent
1838 3198 2010 3258 verfügte,
2032 3201 2091 3261 soll
2113 3201 2177 3261 und
2205 3201 2285 3261 darf
2308 3202 2393 3262 nicht
2416 3201 2598 3261 geleugnet
2621 3202 2776 3262 werden.
2793 3202 2863 3262 Das

1687 3246 1780 3306 Alter
1803 3247 2008 3307 Schnitzlers
2041 3248 2180 3308 gewann
2219 3250 2290 3310 eine
2318 3250 2451 3310 düstere
2479 3251 2667 3311 Färbung,
2690 3250 2866 3310 besonders

1685 3295 1734 3355 als
1762 3294 1811 3354 sich
1845 3296 1927 3356 seine
1955 3296 2093 3356 Tochter
2115 3299 2175 3359 vor
2204 3299 2286 3359 zwei
2309 3299 2435 3359 Jahren
2469 3299 2645 3359 entleibte.
2662 3301 2772 3361 Dieses
2800 3299 2871 3359 Un¬

1684 3343 1769 3403 glück
1786 3344 1894 3404 zehrte
1921 3347 2131 3407 anscheinend
2159 3347 2196 3407 an
2229 3347 2326 3407 seinem
2369 3350 2498 3410 Leben.
2526 3350 2687 3410 Überdies
2715 3350 2801 3410 heißt
2823 3348 2876 3408 es,

1681 3390 1745 3450 daß
1772 3392 1804 3452 er
1826 3393 1853 3453 in
1886 3395 1939 3455 der
1961 3396 2064 3456 letzten
2092 3395 2167 3455 Zeit
2189 3395 2291 3455 starke
2314 3395 2507 3455 finanzielle
2530 3399 2708 3459 Einbußen
2735 3400 2864 3460 erlitten

1677 3442 1758 3502 hat,
1777 3441 1834 3501 zum
1885 3440 2035 3500 Veispiel
2055 3441 2130 3501 auch
2162 3441 2218 3501 bei
2238 3439 2293 3499 der
2320 3439 2539 3499 Amstelbank
