3392 4320
1403 336 1532 396 box
1606 337 1841 397 43/15

170 345 245 405 2.
303 347 783 407 Schnitzler
850 346 887 406 s
954 344 1180 404 Deatl

1126 1338 1221 1398 Ra

859 1338 878 1398 N

423 1348 779 1408 OBSE

512 1403 540 1463 I.
555 1401 674 1461 österr.
684 1400 831 1460 behördl.
846 1400 1137 1460 konzessioniertes

463 1444 704 1504 Unternehmen
735 1441 779 1501 für
805 1440 1187 1500 Zeitungs-Ausschnitte

519 1503 672 1563 WIEN,
695 1508 745 1568 I.,
768 1503 1053 1563 WOLLZEILE
1105 1500 1148 1560 11

620 1556 830 1616 TELEPHON
869 1554 1040 1614 R-23-0-43

418 1700 647 1760 Ausschnitt
670 1697 750 1757 aus:

449 1802 793 1862 Semmeringer
839 1802 1220 1862 Nachrichten,

411 1914 521 1974 .

867 1915 1198 1975 14.11.1931

1292 2193 1585 2253 Semmeringer
1615 2193 1857 2253 Nachrichten

2688 2196 2754 2256 Nr.
2776 2196 2806 2256 17

377 2196 468 2256 Seite
497 2196 510 2256 2

573 2330 638 2390 Zu
680 2324 1182 2384 Authur-Schnitzlor's
1216 2327 1338 2387 Iod.

434 2387 482 2447 Ein
522 2392 639 2452 großer
672 2390 881 2450 Zeitgenosse
918 2390 1027 2450 wurde
1064 2390 1120 2450 der
1149 2390 1310 2450 gesamten
1351 2390 1564 2450 literarischen

1705 2405 2691 2465 eunt

345 2437 426 2497 Welt
449 2440 548 2500 durch
580 2440 634 2500 den
666 2440 878 2500 plötzlichen,
897 2440 1146 2500 unerbittlichen
1182 2437 1245 2497 TTod
1278 2440 1404 2500 Arthur
1427 2439 1571 2499 Schnit=-

339 2488 401 2548 lers
430 2490 604 2550 entrissen.
634 2490 696 2550 Mit
725 2489 775 2549 ihr
804 2488 928 2548 trauert
958 2488 1057 2548 unser
1087 2488 1223 2548 Kurort,
1253 2487 1306 2547 der
1340 2486 1398 2546 sich
1435 2488 1564 2548 rühmen

1871 2494 2021 2554 ue
2093 2492 2442 2552 Guugen:

339 2538 463 2598 durfte,
480 2539 660 2599 Schnitzler
686 2538 720 2598 zu
750 2539 857 2599 seinem
900 2539 1063 2599 treuesten
1093 2538 1238 2598 Freunde
1269 2536 1324 2596 und
1359 2536 1572 2596 Bewunderer

340 2590 370 2650 zu
401 2590 529 2650 zählen.
552 2587 617 2647 Wie
644 2587 674 2647 so
702 2589 763 2649 oft,
781 2589 829 2649 sah
860 2587 927 2647 man
958 2588 1006 2648 ihn
1033 2587 1099 2647 erst
1126 2587 1284 2647 kürzlich,
1303 2587 1408 2647 diesen
1440 2586 1580 2646 kleinen,

344 2639 403 2699 fast
425 2637 700 2697 unscheinbaren,
718 2637 743 2697 in
769 2637 829 2697 sich
859 2637 1030 2697 gekehrten
1061 2637 1172 2697 Mann,
1194 2636 1246 2696 auf
1268 2634 1323 2694 den
1353 2634 1567 2694 Promenaden

1834 2642 1917 2702 einer
1942 2642 2005 2702 muß
2035 2643 2065 2703 es
2090 2643 2227 2703 machen,
2247 2640 2296 2700 der
2316 2640 2429 2700 andere
2449 2639 2551 2699 lösen.

338 2685 395 2745 des
425 2688 662 2748 Semmerings,
688 2687 741 2747 wie
775 2685 808 2745 er
841 2685 1129 2745 weltabgewandt,
1154 2683 1212 2743 von
1250 2683 1358 2743 harten
1396 2683 1578 2743 Schicksal¬

1835 2695 1882 2755 Zu
1909 2689 1956 2749 der
1983 2691 2067 2751 ersten
2099 2690 2151 2750 wie
2173 2689 2204 2749 zu
2231 2691 2278 2751 der
2305 2688 2420 2748 zweiten
2452 2691 2605 2751 Funktion

337 2739 478 2799 schlägen
510 2737 751 2797 heimgesucht,
770 2736 801 2796 an
834 2736 956 2796 Körper
980 2736 1070 2796 schon
1103 2733 1148 2793 ein
1180 2732 1275 2792 wenig
1308 2733 1467 2793 hinfällig.
1486 2731 1572 2791 Ruhe

1837 2738 1948 2798 gehört
1969 2738 2009 2798 ein
2035 2736 2432 2796 Konversationslexikon.

340 2787 396 2847 und
443 2787 605 2847 Erholung
643 2786 670 2846 im
727 2787 843 2847 ewigen
891 2787 978 2847 Griin
1021 2785 1081 2845 der
1119 2785 1296 2845 duftenden
1343 2781 1575 2841 Nadelwälder

1840 2787 1911 2847 Man
1945 2786 2036 2846 findet
2060 2787 2102 2847 die
2125 2784 2437 2844 allerverzwicktesten
2465 2784 2595 2844 Wörter

1843 2835 1864 2895 in
1892 2835 1940 2895 dem
1974 2838 2087 2898 guten,
2104 2838 2223 2898 billigen
2251 2835 2375 2895 Kleinen

337 2838 474 2898 suchte.

439 2893 464 2953 Im
516 2895 782 2955 Südbahnhotel,
808 2894 851 2954 wo
890 2893 923 2953 er
958 2891 992 2951 zu
1036 2893 1164 2953 wohnen
1208 2892 1344 2952 pflegte,
1375 2889 1477 2949 wußte
1516 2887 1576 2947 nur

2332 2910 2460 2970 n

337 2945 431 3005 selten
466 2944 521 3004 der
548 2944 651 3004 Gäste
681 2944 784 3004 einer,
806 2942 862 3002 daß
897 2942 991 3002 unter
1018 2942 1112 3002 ihnen
1142 2942 1340 3002 Schnitzler,
1362 2936 1413 2996 der
1444 2936 1577 2996 hervor¬

332 2994 473 3054 ragende
504 2993 636 3053 Dichter
667 2993 726 3053 und
761 2993 880 3053 seltene
911 2992 1043 3052 Mensch
1078 2990 1202 3050 weilte,
1224 2989 1301 3049 denn
1340 2988 1395 3048 nur
1426 2987 1472 3047 hin
1507 2986 1562 3046 und

1665 3038 1719 3098 Der
1744 3038 1843 3098 Kleine
1869 3038 1973 3098 Herdet
1999 3038 2035 3098 ist
2061 3038 2098 3098 ein
2120 3038 2245 3098 Lexikon
2274 3035 2299 3095 in
2324 3035 2424 3095 einem
2462 3035 2582 3095 Bande:
2600 3035 2645 3095 dus
2675 3033 2816 3093 vollkom¬

341 3043 457 3103 wieder
490 3044 590 3104 bekam
639 3041 687 3101 ihn
724 3041 772 3101 die
809 3040 909 3100 breite
946 3041 1051 3101 Masse
1088 3040 1119 3100 zu
1156 3040 1272 3100 schen,
1302 3037 1386 3097 wenn
1427 3035 1458 3095 er
1491 3035 1567 3095 etwa

1663 3077 1774 3137 menste
1809 3076 1860 3136 und
1890 3076 2112 3136 brauchbarste.
2143 3073 2219 3133 Über
2246 3072 2344 3132 50000
2374 3072 2502 3132 Artikel.
2533 3070 2601 3130 4000
2627 3070 2720 3130 Bilder
2755 3069 2806 3129 und

338 3091 526 3151 bescheiden
566 3091 586 3151 in
625 3091 848 3151 Gesellschaft
871 3088 956 3148 eines
986 3088 1196 3148 kongenialen
1236 3086 1394 3146 Freundes
1425 3085 1450 3145 in
1484 3085 1574 3145 einer

1668 3115 1788 3175 Karten.
1813 3115 1987 3175 Gründlich.
2017 3113 2187 3173 Praktisch.
2221 3112 2378 3172 Handlich.
2403 3110 2574 3170 Jedermann
2603 3109 2794 3169 verständlich

335 3142 420 3202 Ecke
451 3141 511 3201 der
541 3141 622 3201 Hall
649 3139 730 3199 oder
760 3139 794 3199 am
842 3139 1009 3199 äußersten
1048 3138 1134 3198 Ende
1169 3137 1224 3197 des
1254 3136 1473 3196 Speisesaales
1504 3136 1580 3196 saß.

1660 3154 1685 3214 30
1716 3154 1810 3214 Mark.
1841 3154 2082 3214 Teilzahlungen.
2113 3151 2286 3211 Probehefte
2312 3151 2363 3211 mit
2390 3150 2501 3210 Bildern
2532 3150 2662 3210 umsonst
2684 3148 2705 3208 in
2735 3147 2804 3207 allen

348 3192 410 3252 Und
448 3190 597 3250 trotzdem
648 3187 660 3247 —
722 3186 851 3246 wieviel
881 3187 1189 3247 Menschenwürde,
1219 3186 1347 3246 wieviel
1372 3185 1572 3245 urwüchsige

1667 3193 1925 3253 Buchhandlungen
1952 3193 2016 3253 oder
2042 3193 2097 3253 beim
2137 3192 2235 3252 Verlag
2262 3190 2365 3250 Herder
2391 3190 2412 3250 in
2443 3190 2580 3250 Freiburg
2607 3190 2628 3250 im
2662 3188 2813 3248 Breisgau.

338 3241 437 3301 Kraft
459 3241 518 3301 des
545 3240 678 3300 Gcistes
704 3238 837 3298 strômte
868 3238 954 3298 seine
984 3236 1074 3296 Nühe
1105 3235 1178 3295 aus!

434 3297 498 3357 Mit
528 3297 584 3357 dem
635 3296 832 3356 Heimgange
862 3294 990 3354 Arthur
1016 3294 1212 3354 Schnitzers
1243 3294 1375 3354 verliert
1401 3291 1456 3351 der
1482 3291 1572 3351 Sem¬

1631 3297 1686 3357 und
1717 3300 1776 3360 fast
1798 3300 1990 3360 symbolisch
2020 3299 2118 3359 mutet
2140 3298 2169 3358 es
2191 3299 2246 3359 an,
2264 3299 2319 3359 daß
2345 3298 2524 3358 Schnitzler
2546 3300 2567 3360 in
2593 3300 2695 3360 seinem
2734 3297 2849 3357 letzten

336 3348 452 3408 mering
486 3347 573 3407 einen
607 3347 715 3407 seiner
745 3345 903 3405 treuesten
941 3345 1057 3405 Gäste,
1083 3344 1137 3404 der
1166 3342 1245 3402 viele
1279 3342 1370 3402 Jahre
1405 3341 1579 3401 hindurch,

1630 3349 1740 3409 großen
1780 3348 1868 3408 Werk
1909 3348 1987 3408 „Die
2023 3348 2138 3408 Flucht
2169 3348 2195 3408 in
2236 3348 2284 3408 die
2320 3348 2514 3408 l'insternis“
2550 3345 2606 3405 des
2638 3348 2854 3408 Semmerings

339 3397 405 3457 fast
430 3398 500 3458 jede
526 3396 654 3456 Saison,
676 3396 746 3456 hier
768 3395 892 3455 Station
922 3394 1067 3454 machte,
1088 3392 1125 3452 um
1163 3391 1175 3451 —
1226 3393 1366 3453 inmitten
1401 3390 1454 3450 der
1480 3390 1570 3450 Berg-

1628 3398 1795 3458 gedachte.
1826 3396 1941 3456 Wollte
1971 3396 2027 3456 der
2058 3398 2208 3458 Dichter,
2230 3396 2479 3456 hellscherisch,
2505 3396 2556 3456 wie
2591 3396 2620 3456 er
2646 3396 2706 3456 nun
2741 3396 2861 3456 einmal

526 3447 630 3507 seinem
676 3444 939 3504 unermüdlichen
977 3442 1068 3502 Geist
1098 3441 1327 3501 Eatspannung
1361 3439 1552 3499 zuzuführen

1634 3448 1706 3508 war,
1737 3447 1796 3507 mit
1831 3447 1938 3507 dieser
1973 3447 2105 3507 Arbeit,
2136 3447 2230 3507 deren
2273 3447 2363 3507 Titel
2398 3446 2638 3506 vorbedeutend
2681 3444 2732 3504 für
2771 3444 2856 3504 seine

338 3447 442 3507 riesen
477 3447 488 3507 —

342 3494 389 3554 die
415 3497 624 3557 naturgemäß
660 3496 736 3556 neue
767 3494 924 3554 Belebung
960 3491 1015 3551 und
1054 3491 1224 3551 Anregung
1259 3491 1362 3551 seiner
1388 3490 1576 3550 Schaffens¬

1631 3497 1741 3557 „letzte
1777 3497 1984 3557 Schöpfung“
2020 3494 2077 3554 ist,
2104 3496 2214 3556 seinem
2268 3494 2426 3554 Liebling,
2457 3494 2514 3554 dem
2563 3494 2779 3554 Semmering,
2811 3492 2854 3552 ein

1633 3545 1825 3605 Monument
1842 3545 1867 3605 in
1894 3545 1949 3605 der
1975 3545 2022 3605 ihm
2061 3545 2189 3605 eigenen
2219 3545 2283 3605 Art
2305 3545 2318 3605 —
2365 3545 2527 3605 vielleicht
2554 3544 2643 3604 sogar
2669 3542 2801 3602 bewußt

339 3545 453 3605 freude
488 3544 567 3604 gab.

1627 3596 1747 3656 setzen,
1789 3596 1843 3656 zum
1906 3596 2043 3656 Zeichen
2093 3596 2201 3656 seiner
2248 3594 2560 3654 immerwährenden
2611 3593 2864 3653 Freundschaft,

433 3605 467 3665 So
506 3604 561 3664 hat
592 3603 665 3663 auch
704 3602 763 3662 der
794 3602 991 3662 Semmering
1026 3600 1167 3660 indirekt
1199 3598 1254 3658 zur
1284 3599 1482 3659 Entstehung
1521 3594 1576 3654 der

2721 3644 2766 3704 E.
2786 3644 2830 3704 L.

1634 3643 1693 3703 Chi
1714 3647 1738 3707 lo
1768 3647 1842 3707 sa?!

340 3658 626 3718 unvergänglichen
666 3653 780 3713 Werke
816 3653 1014 3713 Schnitzlers
1045 3650 1111 3710 sein
1147 3650 1323 3710 Scherflein
1363 3648 1561 3708 beigetragen
