3436 4352
2812 153 3044 213 Unternehmen
3071 158 3120 218 für
3143 167 3308 227 Zeitungs¬

2851 213 2999 273 WIEN,
3021 216 3067 276 I.,
3088 225 3298 285 WOLLZE

2950 267 3170 327 TELEPHON
3198 281 3325 341 R-23-0.

2582 356 2626 416 8.
2650 359 2845 419 November
2877 357 2966 417 1931

1500 365 1655 425 Neue
1700 365 1863 425 Freie
1900 365 2107 425 Presse

1383 794 1527 854 der
1609 799 1992 859 „Neuen
2099 795 2405 855 Vreien
2499 794 2962 854 Presse!

2198 950 2415 1010 A

582 1231 1571 1291 Frinnerungen
1706 1232 1837 1292 an
1973 1227 2468 1287 Arthur
2584 1219 3267 1279 Schnitzler

1653 1349 1720 1409 Von
1755 1354 1883 1414 Paul
1919 1355 2210 1415 Goldmann.

2544 1464 2666 1524 Ludwig
2695 1467 2897 1527 Speidel
2927 1467 2977 1527 hat
3007 1467 3063 1527 das
3093 1469 3187 1529 Werk
3216 1470 3244 1530 im
3288 1468 3302 1528 M

1370 1476 1410 1536 Er
1446 1474 1573 1534 glaubte
1609 1473 1644 1533 an
1685 1473 1777 1533 keine
1813 1472 1999 1532 unfehlbare
2035 1470 2268 1530 Wissenschaft,
2310 1470 2367 1530 ließ
2415 1469 2495 1529 keine

290 1485 359 1545 Aus
410 1485 461 1545 der
513 1485 646 1545 Zeitung
698 1485 799 1545 starrt
845 1483 908 1543 mir
953 1482 1003 1542 die
1043 1481 1215 1541 Nachricht
1260 1479 1316 1539 vom

2548 1512 2589 1572 Es
2614 1514 2729 1574 machte
2754 1515 2838 1575 tiefen
2869 1515 3021 1575 Eindruck
3058 1517 3113 1577 auf
3132 1516 3203 1576 ihn,
3223 1516 3283 1576 und
3314 1514 3325 1574 e

1374 1523 1666 1583 erbarmungslosen
1705 1521 1889 1581 Diagnosen
1934 1520 2025 1580 gelten
2074 1518 2134 1578 und
2172 1518 2296 1578 bestritt
2330 1516 2394 1576 sehr
2433 1515 2486 1575 ent

204 1534 284 1594 Tode
314 1533 436 1593 Arthur
466 1533 651 1593 Schnitzlers
687 1531 849 1591 entgegen.
873 1529 930 1589 Ist
955 1527 989 1587 es
1019 1527 1093 1587 denn
1129 1527 1256 1587 möglich
1286 1521 1297 1581 -

2549 1559 2687 1619 Freund,
2711 1562 2759 1622 daß
2796 1562 2819 1622 in
2850 1562 2946 1622 diesem
2989 1562 3109 1622 Drame
3140 1562 3193 1622 aus
3224 1560 3314 1620 engen

1374 1570 1501 1630 schieden
1542 1568 1594 1628 dem
1635 1565 1710 1625 Arzt
1740 1565 1797 1625 das
1827 1567 1936 1627 Recht,
1972 1566 2017 1626 dem
2065 1565 2209 1625 Kranken
2251 1565 2297 1625 die
2332 1565 2494 1625 Hoffnung

200 1577 241 1637 ist
271 1581 300 1641 es
330 1580 359 1640 zu
389 1580 524 1640 fassen?
554 1577 637 1637 Aber
667 1577 690 1637 in
726 1577 843 1637 meinem
886 1575 1080 1635 Bewußtsein
1116 1572 1175 1632 lebt
1205 1573 1234 1633 er
1258 1571 1322 1631 dodh

2552 1607 2634 1667 Liebe
2661 1606 2718 1666 wie
2744 1609 2808 1669 eine
2841 1609 2981 1669 Flanme
3014 1607 3238 1667 hervorbreche.

1375 1624 1407 1684 zu
1440 1616 1573 1676 rauben.

203 1623 263 1683 mit
292 1628 385 1688 seinem
430 1627 523 1687 vollen
557 1625 684 1685 Leben!
718 1625 784 1685 Und
812 1623 900 1683 saßen
928 1622 988 1682 wir
1011 1622 1071 1682 uns
1111 1619 1188 1679 nicht
1211 1619 1321 1679 gestern

2639 1665 2704 1725 Die
2730 1670 2853 1730 Frauen
2887 1673 2911 1733 im
2953 1673 3060 1733 Hause
3086 1671 3134 1731 des
3169 1673 3325 1733 Professor

204 1674 271 1734 noch
300 1676 322 1736 im
363 1673 487 1733 Wiener
517 1673 710 1733 Kaffeehaus
739 1670 927 1730 gegenüber,
945 1672 1018 1732 zwei
1042 1670 1132 1730 junge
1161 1666 1331 1726 Menschen,

1459 1679 1530 1739 Der
1578 1679 1643 1739 alte
1692 1679 1851 1739 Professor
1900 1679 2078 1739 Schnitzler
2127 1679 2197 1739 war
2252 1678 2311 1738 mit
2359 1677 2495 1737 Arthurs

2548 1715 2680 1775 Mutter,
2700 1718 2768 1778 klug
2801 1718 2857 1778 und
2883 1718 2965 1778 gütig
2997 1718 3009 1778 —
3060 1721 3305 1781 ausgezeichnete

200 1724 244 1784 die
274 1724 324 1784 sich
353 1721 472 1781 lebhaft
496 1722 546 1782 für
575 1721 734 1781 Literatur
763 1718 1019 1778 interessierten?
1042 1716 1099 1776 Ich
1128 1715 1230 1775 rechne
1259 1714 1326 1774 nach

1376 1727 1576 1787 literarischen
1609 1724 1794 1784 Neigungen
1838 1727 1891 1787 gar
1924 1727 2006 1787 nicht
2034 1727 2267 1787 einverstanden
2306 1726 2365 1786 und
2398 1725 2500 1785 wollte

2547 1760 2605 1820 eine
2634 1762 2774 1822 Freude,
2798 1762 2844 1822 die
2874 1765 2997 1825 Mutter
3027 1762 3084 1822 und
3114 1765 3166 1825 den
3202 1763 3289 1823 Sohn

269 1771 325 1831 das
357 1771 394 1831 ist
414 1768 470 1828 nun
502 1768 583 1828 mehr
609 1769 658 1829 als
684 1768 790 1828 vierzig
816 1767 910 1827 Jahre
936 1765 985 1825 her
1005 1762 1016 1822 —
1068 1763 1136 1823 doch
1162 1762 1187 1822 es
1213 1764 1268 1824 ist,
1288 1761 1331 1821 als

1379 1774 1424 1834 ihm
1470 1776 1543 1836 nicht
1567 1772 1730 1832 erlauben,
1754 1771 1799 1831 den
1833 1774 1986 1834 ärztlichen
2021 1771 2122 1831 Beruf
2146 1771 2350 1831 aufzugeben.
2373 1771 2412 1831 Es
2441 1771 2497 1831 gab

2555 1808 2653 1868 spielen
2690 1810 2712 1870 zu
2748 1810 2858 1870 hören.
2895 1810 2958 1870 Die
2982 1813 3174 1873 Schwester,
3204 1812 3251 1872 ein
3286 1809 3326 1869 we

210 1818 250 1878 sei
271 1816 304 1876 es
332 1816 440 1876 gestern
474 1813 623 1873 gewesen.

1370 1822 1542 1882 Konflikte
1561 1819 1693 1879 zwischen
1723 1819 1827 1879 Vater
1850 1819 1902 1879 und
1932 1821 2041 1881 Sohn.
2053 1819 2128 1879 Erst
2152 1819 2192 1879 die
2215 1819 2325 1879 großen
2355 1817 2498 1877 Bühnen¬

2552 1855 2672 1915 seltener
2690 1856 2847 1916 Feinheit,
2866 1858 3004 1918 verstand
3035 1858 3084 1918 sich
3114 1858 3168 1918 mit
3193 1856 3313 1916 ihrem?

1376 1868 1486 1928 erfolge
1520 1867 1569 1927 des
1603 1865 1714 1925 jungen
1753 1864 1896 1924 Dichters
1931 1866 2024 1926 haben
2064 1866 2113 1926 den
2152 1864 2252 1924 Vater
2280 1864 2374 1924 davon
2413 1861 2485 1921 über

296 1879 465 1939 Damals,
484 1879 572 1939 Ende
604 1879 653 1939 der
685 1880 830 1940 achtziger
862 1876 980 1936 Jahre,
1006 1876 1081 1936 lebte
1107 1875 1143 1935 ich
1176 1873 1200 1933 in
1238 1870 1325 1930 Wien

2548 1903 2708 1963 gezeichnet
2741 1904 2796 1964 und
2827 1903 2889 1963 war
2920 1904 3001 1964 seine
3026 1903 3212 1963 Vertraute.
3237 1903 3330 1963 Dann

1373 1914 1478 1974 zeugt,
1512 1916 1567 1976 daß
1612 1914 1757 1974 Arthurs
1796 1912 1941 1972 Dramen
1992 1912 2046 1972 und
2092 1912 2242 1972 Novellen
2287 1912 2353 1972 doch
2404 1912 2497 1972 etwas

209 1928 269 1988 und
297 1929 390 1989 lernte
430 1927 596 1987 redigieren
635 1924 690 1984 bei
719 1924 823 1984 Fedor
846 1922 1100 1982 Mamroth,
1129 1921 1178 1981 der
1212 1920 1239 1980 in
1284 1919 1333 1979 der

2555 1947 2737 2007 Julius,
2757 1950 2807 2010 der
2840 1949 2908 2009 trotz
2934 1950 2984 2010 des
3016 1950 3142 2010 eisernen
3181 1950 3325 2010 Fleißes,

1376 1960 1506 2020 anderes
1533 1959 1658 2019 waren,
1686 1959 1740 2019 als
1779 1958 1844 2018 mit
1877 1957 1931 2017 dem
1970 1959 2067 2019 Ernst
2095 1959 2144 2019 des
2177 1959 2335 2019 ärztlichen
2368 1957 2498 2017 Berufes

199 1977 371 2037 klassischen
411 1976 477 2036 Zeit
500 1973 550 2033 des
579 1971 706 2031 Wiener
735 1971 986 2031 Journalismus
1026 1968 1108 2028 einer
1149 1966 1198 2026 der
1221 1965 1326 2025 Besten

2554 1995 2767 2055 medizinischen
2803 1998 2940 2058 Studien
2970 1998 3106 2058 betrieb,
3136 1998 3248 2058 immer
3290 1996 3325 2056 n.

1373 2007 1456 2067 nicht
1490 2008 1523 2068 zu
1557 2006 1796 2066 vereinbarende
1830 2007 2091 2067 Schöngeisterei.
2125 2004 2303 2064 Uebrigens
2348 2004 2414 2064 war
2454 2004 2503 2064 der

199 2022 287 2082 war.
321 2022 481 2082 Mamroth
520 2021 576 2081 gab
621 2019 665 2079 ein
698 2019 914 2079 Wochenblatt
937 2017 1014 2077 „An
1048 2016 1120 2076 der
1142 2015 1324 2075 schönen

2555 2043 2678 2103 Violine
2703 2043 2777 2103 fand
2809 2039 2821 2099 —
2877 2042 2926 2102 für
2958 2043 3075 2103 Arthur
3107 2043 3187 2103 nicht
3212 2044 3267 2104 nur
3299 2044 3323 2104 ei

1378 2052 1437 2112 alte
1462 2055 1619 2115 Professor
1644 2052 1813 2112 Schnitzler
1838 2052 1928 2112 selbst
1954 2053 1996 2113 ein
2027 2052 2214 2112 geistreicher
2239 2052 2360 2112 Mann,
2385 2052 2438 2112 und
2469 2050 2499 2110 es

193 2072 367 2132 blauen
407 2069 598 2129 Donau"
642 2067 779 2127 heraus,
812 2064 872 2124 das
911 2064 960 2124 als
988 2064 1118 2124 Beilage
1158 2063 1212 2123 der
1250 2060 1326 2120 alter

2555 2089 2618 2149 auch
2650 2091 2687 2151 ein
2719 2088 2864 2148 Freund,
2884 2091 2940 2151 und
2972 2091 3073 2151 später
3099 2089 3148 2149 der
3174 2093 3312 2153 Schwieg

1377 2102 1417 2162 ist
1441 2103 1666 2163 anzunehmen,
1690 2100 1741 2160 daß
1778 2100 1823 2160 der
1853 2100 1939 2160 Geist
1957 2100 2096 2160 Arthurs
2126 2100 2172 2160 zum
2219 2100 2288 2160 Teil
2312 2100 2363 2160 vom
2405 2100 2502 2160 Vater

204 2119 354 2179 „Presse"
395 2117 541 2177 erschien,
570 2115 628 2175 und
657 2114 691 2174 ich
733 2112 797 2172 war
832 2112 889 2172 sein
919 2114 1058 2174 Gehilfe.
1088 2112 1151 2172 Die
1193 2109 1331 2169 „Schöne

2558 2136 2643 2196 heute
2666 2138 2730 2198 alle
2752 2136 2838 2196 beide
2867 2138 2960 2198 große
2990 2136 3112 2196 Wiener
3142 2138 3249 2198 Aerzte
3278 2138 3313 2198 un

1380 2147 1483 2207 geerbt
1507 2148 1587 2208 war,
1611 2147 1657 2207 der
1681 2147 1744 2207 also
1768 2144 1865 2204 wider
1889 2147 2005 2207 Willen
2034 2147 2103 2207 dazu
2133 2147 2323 2207 beigetragen
2359 2147 2421 2207 hat,
2440 2144 2497 2204 aus

207 2165 297 2225 blaue
326 2164 462 2224 Donau“
496 2163 547 2223 hat
576 2162 632 2222 nur
656 2162 758 2222 einige
781 2162 883 2222 Jahre
912 2159 1071 2219 existiert;
1095 2158 1145 2218 ihr
1168 2156 1338 2216 Verhäng¬

2557 2183 2815 2243 internationalem
2858 2184 2941 2244 Ruf.

1385 2195 1483 2255 seinem
1529 2195 1622 2255 Sohn
1669 2194 1749 2254 einen
1797 2193 2022 2253 Schriftsteller
2069 2193 2150 2253 statt
2196 2192 2277 2252 eines
2318 2194 2433 2254 Arztes
2474 2193 2503 2253 zu

204 2213 255 2273 nis
285 2213 366 2273 war,
384 2213 435 2273 daß
471 2213 506 2273 sie
530 2211 587 2271 mit
611 2210 691 2270 einem
744 2208 826 2268 nicht
861 2207 942 2267 mehr
983 2204 1215 2264 lebensfähigen
1245 2201 1320 2261 Blat

1380 2242 1518 2302 machen.
1537 2240 1647 2300 Manch
1670 2240 1711 2300 ein
1741 2240 1909 2300 treffendes
1933 2241 2026 2301 Wort
2050 2241 2124 2301 wird
2148 2240 2200 2300 vom
2242 2240 2322 2300 alten
2352 2240 2502 2300 Professor

2636 2249 2693 2309 In
2736 2246 2877 2306 derselben
2928 2249 3212 2309 Redaktionsstube
3255 2248 3304 2308 der

204 2260 477 2320 zusammenhing.
507 2258 571 2318 Die
606 2257 670 2317 alte
706 2256 851 2316 „Presse"
887 2255 968 2315 starb
1009 2256 1067 2316 ab,
1103 2252 1131 2312 je
1167 2252 1254 2312 mehr
1289 2251 1335 2311 die

1384 2288 1551 2348 Schnitzler
1574 2289 1707 2349 erzählt.
1730 2288 1863 2348 Einmal
1893 2288 1996 2348 wurde
2020 2289 2048 2349 er
2084 2289 2106 2349 zu
2142 2288 2222 2348 einer
2252 2288 2500 2348 Schauspielerin

2549 2294 2714 2354 Donau",
2741 2294 2824 2354 durch
2863 2296 2907 2356 die
2941 2295 3061 2355 Arthur
3088 2294 3273 2354 Schnitzlers

210 2310 316 2370 „Neue
352 2306 446 2366 Freie
476 2302 605 2362 Presse"
647 2303 823 2363 aufblühte,
865 2300 924 2360 und
966 2301 1024 2361 mit
1060 2300 1107 2360 ihr
1143 2299 1248 2359 mußte
1285 2295 1331 2355 die

1385 2335 1528 2395 gerufen,
1547 2335 1595 2395 die
1620 2335 1667 2395 sich
1692 2334 1776 2394 mehr
1807 2335 1885 2395 durch
1916 2335 2083 2395 Schönheit
2108 2333 2169 2393 und
2193 2334 2307 2394 Talent
2344 2333 2391 2393 als
2416 2334 2500 2394 durch

2558 2341 2677 2401 geführt
2709 2341 2809 2401 hatte,
2835 2341 2954 2401 erschien
2993 2341 3074 2401 nicht
3100 2341 3194 2401 lange
3226 2341 3319 2401 danad

206 2355 353 2415 „Schöne
376 2353 472 2413 blaue
495 2352 631 2412 Donau"
666 2350 869 2410 untergehen,
892 2350 937 2410 die
961 2348 989 2408 es
1018 2347 1159 2407 verdient
1182 2344 1277 2404 hätte,
1301 2344 1328 2404 zu

1379 2380 1429 2440 die
1464 2380 1690 2440 Sittenstrenge
1719 2380 1803 2440 ihres
1838 2380 2103 2440 Lebenswandels
2138 2380 2364 2440 auszeichnete.
2388 2380 2443 2440 Als
2478 2380 2505 2440 er

2561 2389 2602 2449 Er
2620 2386 2679 2446 kam
2721 2386 2828 2446 gerade
2852 2386 2905 2446 aus
2935 2389 2982 2449 der
3006 2386 3136 2446 Schule,
3155 2386 3220 2446 trug
3250 2386 3320 2446 seine

212 2401 316 2461 leben.
350 2401 437 2461 Denn
482 2399 520 2459 sie
548 2398 609 2458 war
648 2398 686 2458 ein
720 2397 969 2457 Familienblatt
1002 2395 1085 2455 eines
1124 2392 1201 2452 ganz
1240 2392 1328 2452 neuen

1381 2426 1434 2486 ihr
1465 2428 1506 2488 die
1537 2428 1627 2488 Bluse
1652 2428 1754 2488 öffnen
1791 2428 1910 2488 wollte,
1942 2428 1977 2488 um
2032 2430 2080 2490 ihr
2105 2430 2188 2490 Herz
2226 2430 2255 2490 zu
2298 2428 2508 2488 untersuchen,

2555 2434 2620 2494 Arm
2657 2434 2716 2494 und
2741 2434 2861 2494 brachte
2886 2434 3024 2494 Gedichte
3049 2431 3060 2491 —
3115 2433 3307 2493 hochbegabte

207 2450 299 2510 Typs
329 2449 386 2509 und
415 2449 572 2509 eigentlich
602 2446 670 2506 weit
694 2446 781 2506 mehr
805 2445 851 2505 als
880 2443 920 2503 ein
956 2440 1210 2500 Familienblatt.

1381 2475 1470 2535 hatte
1495 2476 1530 2536 sie
1555 2476 1615 2536 eine
1639 2476 1730 2536 Geste
1749 2476 1971 2536 abwehrender
1996 2475 2188 2535 Keuschheit,
2207 2474 2327 2534 worauf
2352 2476 2508 2536 Professor

2556 2482 2771 2542 erstaunlichen
2810 2480 2988 2540 Frühreife.
3008 2480 3077 2540 Der
3103 2482 3255 2542 dichtende
3282 2479 3300 2539 S

305 2521 402 2581 Eines
443 2521 546 2581 Tages
599 2519 709 2579 wurde
756 2518 807 2578 der
848 2517 1021 2577 Redaktion
1079 2517 1131 2577 der
1172 2513 1327 2573 „Schönen

1382 2524 1554 2584 Schnitzler
1575 2521 1687 2581 sagte:
1714 2523 1800 2583 „Tan
1834 2521 1893 2581 Sie
1920 2524 2007 2584 doch,
2027 2524 2113 2584 bitte,
2134 2524 2179 2584 als
2207 2524 2292 2584 wenn
2319 2522 2372 2582 ich
2393 2524 2498 2584 kein

2549 2527 2593 2587 v.
2612 2527 3007 2587 Hofmannsthal.
3040 2527 3129 2587 Weil
3168 2527 3199 2587 er
3238 2526 3327 2586 Unan

1375 2565 1467 2625 Arzt
1498 2567 1614 2627 wäre!

203 2571 314 2631 blauen
348 2571 487 2631 Donau“
527 2568 588 2628 eine
616 2565 795 2625 Novellette
829 2565 1035 2625 eingesendet,
1064 2565 1108 2625 die
1142 2561 1309 2621 „Amerika

2563 2574 2614 2634 der
2634 2574 2745 2634 Schule
2772 2574 2968 2634 befürchtete,
2988 2574 3040 2634 bat
3061 2574 3106 2634 er,
3126 2571 3171 2631 die
3192 2571 3315 2631 Poesien

213 2619 297 2679 hieß.
326 2616 518 2676 „Amerika“
547 2612 557 2672 —
615 2614 642 2674 so
671 2613 789 2673 nannte
818 2613 846 2673 in
880 2613 930 2673 der
954 2610 1139 2670 Erzählung
1168 2608 1218 2668 der
1247 2607 1314 2667 Lieb

2558 2620 2677 2680 Namen
2721 2621 2752 2681 zu
2797 2619 3059 2679 veröffentlichen.
3097 2620 3228 2680 „Gut",
3260 2621 3310 2681 sag

1476 2631 1607 2691 Wieder
1632 2631 1673 2691 ein
1704 2631 2028 2691 Erinnerungsbild:
2053 2631 2370 2691 Gesellschaftsabend
2401 2633 2425 2693 in
2455 2632 2509 2692 der

207 2667 303 2727 haber
326 2666 389 2726 eine
418 2664 520 2724 Stelle
555 2662 657 2722 hinter
681 2661 731 2721 dem
772 2662 840 2722 Ohr
875 2660 925 2720 der
949 2658 1131 2718 Geliebten,
1161 2657 1217 2717 auf
1241 2656 1285 2716 die
1309 2655 1337 2715 er

2559 2668 2676 2728 wählen
2716 2664 2773 2724 Sie
2800 2665 2845 2725 ein
2879 2667 3120 2727 Pseudonym!"
3153 2664 3198 2724 Er
3225 2664 3328 2724 wählt

1384 2677 1557 2737 Wohnung
1588 2679 1636 2739 des
1667 2679 1846 2739 Professors
1877 2679 2045 2739 Schnitzler
2076 2679 2105 2739 am
2154 2681 2334 2741 Burgring.
2365 2679 2503 2739 Eifriges

215 2717 252 2777 sie
281 2714 341 2774 mit
363 2712 506 2772 Vorliebe
529 2712 655 2772 küßte!
683 2707 755 2767 Für
794 2709 832 2769 ein
871 2706 1119 2766 Familienblatt
1152 2703 1196 2763 ein
1241 2703 1334 2763 etwas

2562 2714 2609 2774 ihm
2652 2712 2760 2772 gerade
2785 2712 2808 2772 in
2845 2713 2892 2773 den
2923 2712 3007 2772 Sinn
3038 2712 3091 2772 kam
3134 2710 3146 2770 —
3201 2712 3254 2772 den
3285 2712 3326 2772 Ne

1383 2725 1538 2785 Gespräch
1566 2727 1587 2787 in
1616 2724 1698 2784 einer
1721 2727 1870 2787 Gruppe,
1893 2727 1948 2787 aus
1976 2727 2025 2787 dem
2070 2727 2119 2787 der
2142 2727 2213 2787 tiefe
2236 2727 2418 2787 Glockenton
2447 2727 2501 2787 von

213 2762 372 2822 gewagter
401 2759 507 2819 Stoff,
531 2756 598 2816 aber
627 2756 672 2816 die
696 2756 797 2816 kleine
826 2753 989 2813 Geschichte
1013 2751 1081 2811 war
1109 2750 1239 2810 überaus
1274 2751 1330 2811 reiz

2562 2758 2711 2818 Generals
2748 2759 2838 2819 Loris
2869 2759 3037 2819 Melikow,
3061 2759 3116 2819 von
3152 2759 3200 2819 dem
3249 2758 3272 2818 in
3303 2754 3332 2814 je

1379 2771 1723 2831 Sonnenthals
1751 2774 1890 2834 Stimme
1918 2774 2168 2834 herauszuhören
2202 2773 2251 2833 ist.
2274 2774 2341 2834 Mit
2364 2774 2418 2834 den
2447 2774 2496 2834 ihm

209 2807 282 2867 voll
300 2807 435 2867 erzählt.
452 2807 520 2867 Der
544 2805 645 2865 Autor
668 2804 735 2864 war
764 2802 804 2862 ein
833 2801 923 2861 Arzt.
952 2800 1008 2860 Ich
1031 2798 1139 2858 schrieb
1179 2795 1224 2855 ihm
1275 2797 1337 2857 und

2564 2807 2605 2867 die
2636 2807 2798 2867 Zeitungen
2829 2807 2985 2867 sprachen.
3010 2807 3076 2867 Der
3100 2804 3281 2864 Redakteur
3300 2802 3317 2862 e

1385 2819 1633 2879 eigentümlichen
1689 2819 1827 2879 langen,
1866 2819 2031 2879 federnden
2082 2820 2242 2880 Schritten
2298 2821 2369 2881 geht
2414 2819 2513 2879 Ernst

214 2855 274 2915 bat
297 2855 329 2915 um
369 2855 462 2915 seinen
496 2853 622 2913 Besuch.
639 2852 732 2912 Eines
760 2849 865 2909 Tages
893 2849 953 2909 trat
976 2847 1019 2907 ein
1047 2846 1157 2906 junger
1180 2845 1279 2905 Mann
1307 2845 1334 2905 in

2558 2852 2611 2912 daß
2648 2852 2696 2912 der
2726 2852 2823 2912 Name
2854 2852 2931 2912 eines
2962 2853 3119 2913 russischen
3150 2852 3306 2912 Generals

1383 2864 1648 2924 Hartmann
1704 2867 1792 2927 durch
1848 2867 1892 2927 die
1943 2867 2075 2927 Räume
2131 2870 2197 2930 (der
2242 2867 2335 2927 junge
2386 2867 2507 2927 Arthur

214 2903 269 2963 das
308 2900 656 2960 Redaktionszimmer,
685 2897 745 2957 mit
774 2897 900 2957 blondem
950 2894 1039 2954 Haar
1078 2894 1133 2954 und
1167 2893 1349 2953 Spitzbart,

2561 2900 2703 2960 deutschen
2733 2900 2893 2960 Gedichten
2923 2900 3023 2960 passe.
3042 2899 3178 2959 Worauf
3196 2898 3308 2958 Hofma

1387 2912 1553 2972 Schnitzler
1589 2913 1727 2973 kopierte
1768 2914 1814 2974 ihn
1861 2915 2028 2975 glänzend,
2052 2912 2109 2972 wie
2133 2914 2167 2974 er
2191 2915 2312 2975 sprach,
2336 2915 2393 2975 und
2434 2915 2508 2975 seine

213 2951 265 3011 der
290 2950 348 3010 aus
378 2947 489 3007 hellen,
508 2947 613 3007 klaren
643 2945 748 3005 Augen
791 2944 814 3004 in
856 2944 902 3004 die
927 2944 1008 3004 Welt
1038 2942 1150 3002 blickte
1186 2939 1244 2999 und
1280 2941 1338 3001 mit

2561 2947 2671 3007 „Loris
2703 2944 2869 3004 Melikow"
2900 2947 2993 3007 unter
3018 2945 3091 3005 seine
3116 2944 3209 3004 Verse
3234 2944 3326 3004 geschr

1392 2959 1474 3019 Rede
1507 2959 1564 3019 mit
1584 2962 1660 3022 zwei
1686 2962 1852 3022 erhobenen
1885 2962 2019 3022 Fingern
2051 2962 2243 3022 begleitete).
2269 2962 2333 3022 Und
2365 2962 2435 3022 dort
2461 2962 2512 3022 auf

2561 2992 2610 3052 den
2647 2992 2844 3052 Nachnamen
2882 2992 3079 3052 durchstrich.
3104 2992 3171 3052 Auf
3203 2991 3276 3051 diese
3302 2989 3320 3049 Y

209 2998 299 3058 einer
328 2995 474 3055 weichen,
497 2994 745 3054 wohllautenden
780 2989 920 3049 Stimme
949 2991 1073 3051 sprach.
1096 2988 1141 3048 So
1170 2987 1265 3047 lernte
1300 2987 1333 3047 ich

2558 3039 2814 3099 geheimnisvolle
2859 3039 2915 3099 und
2960 3039 3191 3099 wohllautende
3236 3037 3310 3097 Pfeu

213 3046 336 3106 Arthur
372 3043 627 3103 Schnitzler
663 3040 804 3100 kennen.
846 3037 922 3097 Wir
971 3034 1183 3094 verabredeten
1243 3033 1342 3093 einige

2560 3082 2636 3142 über
2660 3082 2754 3142 dessen
2784 3084 2966 3144 Bedeutung
3002 3085 3025 3145 in
3061 3085 3107 3145 der
3138 3083 3313 3143 Literatur¬

209 3088 378 3148 Retuschen
407 3087 441 3147 en
475 3086 695 3146 „Amerika",
724 3085 798 3145 denn
844 3085 888 3145 die
917 3084 1058 3144 „Schöne
1081 3081 1177 3141 blaue
1201 3079 1313 3139 Donau

2553 3129 2737 3189 tiefsinnige
2765 3129 2998 3189 Vermutungen
3031 3129 3188 3189 geäußert
3211 3127 3324 3187 worden

212 3135 279 3195 war
314 3134 398 3194 zwar
433 3132 516 3192 mehr
551 3132 596 3192 als
636 3132 681 3192 ein
710 3130 970 3190 Familienblatt,
999 3128 1065 3188 aber
1100 3126 1139 3186 sie
1174 3126 1241 3186 war
1276 3126 1337 3186 doch

1487 3165 1678 3225 Wiener
1712 3166 2030 3226 Strickkunst
2057 3166 2156 3226 fürs
2191 3165 2307 3225 Kind

2554 3175 2689 3235 graphie
2720 3174 2769 3234 des
2801 3174 3034 3234 Gymnasiasten
3065 3174 3323 3234 Hofmannsthal

204 3180 313 3240 eines,
343 3181 406 3241 und
441 3180 487 3240 die
517 3177 690 3237 Novellette
725 3176 869 3236 erschien.
899 3177 939 3237 In
974 3174 1222 3234 Abhändlungen
1264 3171 1332 3231 über

2560 3221 2675 3281 „Loris
2710 3216 2721 3276 —
2785 3220 2878 3280 seinem
2925 3219 3139 3279 Entdecker",
3163 3220 3208 3280 die
3244 3222 3289 3282 sich

213 3229 339 3289 Arthur
363 3228 534 3288 Schnitzler
562 3228 600 3288 ist
628 3226 772 3286 mehrfach
806 3225 977 3285 angegeben
1011 3223 1154 3283 worden,
1177 3220 1337 3280 Hermann

1834 3243 2303 3303 Rodelgarnituren

2559 3267 2747 3327 ehemaligen
2787 3267 2983 3327 Redakteurs
3023 3266 3074 3326 der
3108 3267 3263 3327 „Schönen
3297 3262 3315 3322 b

213 3276 334 3336 Bahr
368 3276 440 3336 habe
468 3273 512 3333 ihn
545 3273 700 3333 entdeckt.
723 3273 877 3333 Hermann
912 3272 999 3332 Bahr
1028 3270 1082 3330 kam
1133 3270 1188 3330 erst
1211 3267 1343 3327 später;

2558 3315 2674 3375 findet,
2694 3315 2835 3375 erinnert
2855 3312 2891 3372 an
2916 3312 2996 3372 diese
3016 3312 3169 3372 Episode.

1940 3320 2312 3380 Westerin

203 3323 230 3383 er
259 3323 309 3383 hat
332 3323 426 3383 gewiß
460 3321 554 3381 sofort
578 3321 728 3381 erkannt,
746 3321 812 3381 was
840 3318 957 3378 Arthur
986 3318 1148 3378 Schnitzler
1171 3314 1343 3374 bedeutete,

209 3368 270 3428 und
298 3368 353 3428 hat
376 3368 426 3428 sich
454 3368 510 3428 mit
538 3368 632 3428 seinem
672 3368 783 3428 ganzen
817 3365 1135 3425 propagandistischen
1169 3362 1269 3422 Elan,
1286 3362 1341 3422 mit

2651 3374 2704 3434 So
2731 3375 2804 3435 fand
2831 3375 2883 3435 sich
2917 3375 3096 3435 allmählich
3123 3377 3176 3437 das
3210 3376 3289 3436 zusam

2024 3395 2320 3455 Pullover

209 3416 258 3476 all
292 3416 386 3476 seinem
443 3414 647 3474 literarischen
688 3414 820 3474 Einfluß
860 3413 915 3473 für
955 3413 998 3473 ihn
1043 3412 1215 3472 eingesetzt,
1249 3408 1337 3468 allein

2564 3422 2665 3482 nächst
2690 3422 2744 3482 mit
2769 3422 2846 3482 einem
2889 3422 3033 3482 Anklang
3058 3422 3112 3482 von
3143 3424 3257 3484 Spott,
3275 3425 3329 3485 „I.

210 3464 351 3524 entdeckt
375 3461 426 3521 hat
449 3461 483 3521 er
506 3463 552 3523 ihn
587 3460 665 3520 nicht
690 3457 700 3517 —
758 3460 803 3520 die
832 3463 900 3523 erste
929 3458 1209 3518 schriftstellerische
1232 3455 1345 3515 Arbeit

2561 3470 2632 3530 hat.
2657 3468 2722 3528 Der
2758 3467 2955 3527 Spottname
2991 3467 3033 3527 ist
3063 3468 3176 3528 längst
3206 3466 3254 3526 ein
3290 3464 3307 3524 E

216 3509 339 3569 Arthur
367 3506 550 3566 Schnitzlers
589 3507 696 3567 wurde
734 3506 761 3566 in
794 3508 842 3568 der
870 3507 1031 3567 „Schönen
1060 3505 1172 3565 blauen
1205 3503 1313 3563 Donau

2565 3515 2830 3575 „Jung=Wien".
2855 3515 2923 3575 Auf
2948 3515 3028 3575 einem
3072 3515 3189 3575 Urlaub
3221 3513 3251 3573 in
3283 3511 3325 3571 Pi

223 3559 356 3619 gedruchl

2563 3560 2604 3620 ein
2634 3560 2905 3620 hochgewachsener
2930 3562 3035 3622 junger
3054 3559 3147 3619 Mann
3178 3562 3301 3622 gezeigt,

2554 3607 2686 3667 uniform
2739 3610 2826 3670 trug,
2855 3607 2930 3667 weil
2965 3607 2993 3667 er
3029 3607 3139 3667 gerade
3168 3606 3197 3666 zu
3232 3604 3312 3664 einer

303 3624 351 3684 In
389 3622 475 3682 jenen
495 3621 612 3681 Juhren
656 3618 803 3678 arbeitete
823 3616 983 3676 Schnitzler
1014 3616 1064 3676 als
1083 3616 1299 3676 Assistenzarzt
1318 3613 1342 3673 in

2553 3655 2689 3715 gezogen
2724 3655 2803 3715 war.
2837 3654 2922 3714 „Den
2957 3652 3070 3712 müssen
3105 3652 3161 3712 Sie
3185 3651 3320 3711 hennenl

215 3670 269 3730 der
298 3669 402 3729 Klinik
441 3667 540 3727 seines
568 3667 701 3727 Vaters,
734 3664 784 3724 des
812 3664 983 3724 Professors
1028 3664 1083 3724 und
1122 3661 1343 3721 Regierungs¬

1689 3670 2019 3730 Leopold
2066 3664 2414 3724 Feldstein

2556 3703 2682 3763 gesagt,
2726 3702 2780 3762 „er
2811 3700 2853 3760 ist
2879 3700 2920 3760 ein
2957 3697 3170 3757 interessanter
3201 3697 3322 3757 Mensch

219 3716 301 3776 rates
340 3718 407 3778 Dr.
430 3715 618 3775 Johann
646 3712 918 3772 Schnitzler,
946 3712 1018 3772 der,
1047 3709 1107 3769 wie
1141 3709 1213 3769 man
1252 3708 1346 3768 weiß,

1684 3729 1731 3789 IX
1793 3731 2365 3791 Währingerstrasse
2420 3726 2438 3786 6

2560 3746 2695 3806 kennen,
2718 3746 2771 3806 und
2805 3744 2831 3804 er
2854 3744 2918 3804 war
2946 3744 2967 3804 in
3001 3744 3049 3804 der
3071 3744 3136 3804 Tat
3158 3742 3201 3802 ein
3229 3741 3310 3801 inter

219 3763 304 3823 einer
334 3762 384 3822 der
415 3760 707 3820 hervorragendsten
743 3756 869 3816 Wiener
900 3756 1136 3816 Laryngologen
1173 3753 1258 3813 war.
1283 3753 1338 3813 Ein

2567 3792 2625 3852 sehr
2651 3792 2866 3852 interessanter
2893 3789 3030 3849 Mensch,
3057 3790 3109 3850 und
3142 3790 3207 3850 hieß
3240 3786 3324 3846 Rich¬

219 3808 545 3868 Erinnerungsbild:
566 3804 843 3864 Wintermorgen,
868 3804 908 3864 die
939 3804 1074 3864 Lampen
1105 3803 1261 3863 brennen,
1287 3801 1341 3861 und

2554 3837 2719 3897 mann.

220 3858 343 3918 Arthur
371 3855 554 3915 Schnitzler,
576 3854 624 3914 den
663 3852 932 3912 Kehlkopfspiegel
960 3850 992 3910 an
1025 3849 1078 3909 der
1106 3849 1218 3909 Stirn,
1241 3849 1327 3909 unter

2662 3890 2926 3950 „Jung=Wien",
2947 3888 3055 3948 wuchs
3098 3888 3287 3948 allmählich,

1395 3892 1476 3952 einem
1521 3894 1596 3954 Sofa
1628 3895 1684 3955 sitzt
1710 3894 1754 3954 die
1780 3894 1975 3954 Wolter.
1995 3893 2158 3953 Professor
2184 3891 2348 3951 Schnitzler
2374 3889 2436 3949 war
2468 3891 2511 3951 der

221 3906 298 3966 sucht
326 3905 375 3965 den
409 3903 492 3963 Hals
521 3900 603 3960 eines
632 3900 820 3960 Patienten.
843 3897 910 3957 Dr.
927 3897 1048 3957 Arthur
1077 3897 1243 3957 Schnitzler
1272 3895 1343 3955 ging

2562 3936 2785 3996 Schriftsteller
2811 3935 2984 3995 erweiterte
3016 3935 3066 3995 sich
3097 3935 3183 3995 durch
3216 3935 3271 3995 das

1386 3939 1469 3999 Arzt
1497 3940 1546 4000 der
1580 3938 1890 3998 Burgschauspieler,
1912 3939 1973 3999 und
2012 3938 2045 3998 sie
2079 3938 2183 3998 kamen
2223 3938 2272 3998 als
2306 3935 2449 3995 Freunde
2477 3936 2504 3996 in

225 3953 309 4013 sanft
336 3950 388 4010 mit
415 3950 462 4010 den
500 3947 642 4007 Kranken
674 3946 742 4006 um,
764 3945 858 4005 flößte
885 3943 969 4003 ihnen
1001 3944 1175 4004 Vertrauen
1207 3941 1249 4001 ein
1286 3941 1338 4001 und

2563 3983 2712 4043 Talente.
2730 3983 2813 4043 Aber
2830 3981 2863 4041 es
2886 3981 2951 4041 war
2974 3982 3057 4042 keine
3086 3980 3301 4040 Gruppierung

1395 3986 1449 4046 sein
1478 3986 1587 4046 Haus.
1605 3986 1815 4046 Sonnenthal
1838 3986 1920 4046 hatte
1943 3986 2064 4046 Arthur
2092 3986 2258 4046 Schnitzler
2281 3983 2502 4043 heranwachsen

215 3998 305 4058 wäre
332 3998 469 4058 sicherlich
506 3995 553 4055 ein
596 3995 659 4055 sehr
697 3992 787 4052 guter
814 3991 887 4051 Arzt
920 3989 1099 4049 geworden.
1131 3989 1210 4049 Auch
1242 3989 1284 4049 als
1317 3986 1342 4046 er

2563 4029 2649 4089 einer
2678 4028 2897 4088 gemeinsamen
2933 4029 3013 4089 Idee
3043 4025 3181 4085 gebildet
3210 4027 3291 4087 hatte

1395 4032 1499 4092 sehen,
1522 4031 1632 4091 nannte
1660 4034 1704 4094 ihn
1738 4031 1898 4091 „Arthur“
1931 4034 1987 4094 und
2015 4032 2086 4092 ging
2114 4031 2258 4091 väterlich
2286 4031 2341 4091 mit
2364 4031 2413 4091 ihm
2453 4030 2485 4090 um

230 4046 307 4106 schon
335 4046 439 4106 längst
462 4043 505 4103 ein
533 4040 709 4100 berühmter
737 4040 957 4100 Schriftsteller
980 4037 1062 4097 war,
1085 4037 1172 4097 haben
1201 4035 1343 4095 Freund¬

2557 4076 2681 4136 deutete
2711 4076 2799 4136 keine
2829 4076 2899 4136 neue
2930 4076 3059 4136 Schule,
3083 4073 3165 4133 keine
3195 4072 3307 4132 neue!

1390 4079 1492 4139 Eines
1535 4079 1637 4139 Tages
1692 4079 1816 4139 brachte
1854 4078 1978 4138 Arthur
2027 4078 2080 4138 dem
2141 4077 2318 4137 väterlichen
2368 4076 2507 4136 Freunde

223 4091 272 4151 ihn
311 4091 383 4151 noch
423 4091 599 4151 manchmal
633 4086 838 4146 konsultiert.
883 4082 932 4142 Er
966 4085 1071 4145 wußte
1116 4082 1149 4142 so
1182 4082 1260 4142 schön
1316 4082 1343 4142 zu

2555 4123 2622 4183 wie
2653 4123 2813 4183 seinerzeit
2845 4123 2887 4183 die
2918 4120 3153 4180 Romantiker,
3178 4120 3282 4180 später

2034 4124 2075 4184 es
2106 4126 2170 4186 war
2201 4124 2397 4184 „Liebelei".
2428 4123 2510 4183 Auch

1386 4126 1602 4186 Sonnenthal
1641 4126 1684 4186 ein
1717 4127 1928 4187 Manuskript

221 4141 415 4201 beruhigen,
434 4141 462 4201 zu
493 4138 622 4198 trösten.
658 4135 704 4195 Am
758 4132 946 4192 tröstlichsten
988 4132 1058 4192 war
1094 4132 1170 4192 seine
1200 4129 1347 4189 Skepsis.
