3344 4384
412 381 836 441 chitzler
903 377 930 437 s
998 371 1232 431 Death

145 382 359 442 12..

465 758 820 818 OBSE

988 773 1182 833 VER

551 814 577 874 I.
591 817 711 877 österr.
720 820 872 880 behördl.
881 829 1184 889 konzessioniertes

501 856 736 916 Unternehmen
768 860 816 920 für
843 868 1230 928 Zeitungs-Ausschnitte

554 916 701 976 WIEN,
729 921 776 981 I.,
803 927 1086 987 WOLLZEILE
1127 933 1173 993 11

646 972 865 1032 TELEPHON
902 979 1074 1039 R-23-0-43

438 1106 663 1166 Ausschnitt
693 1112 782 1172 aus:

697 1180 818 1240 GRUXB
857 1169 1016 1229 WIEREE
1049 1157 1227 1217 TOUIIAS

775 1302 850 1362 27
899 1291 1023 1351 OKT.
1043 1280 1138 1340 1937

436 1330 551 1390 vom:

290 1418 359 1478 (Der
388 1420 562 1480 preußische
584 1423 843 1483 Kultusminister
872 1429 906 1489 an
942 1431 1123 1491 Schnitzlers
1152 1435 1277 1495 Sohn.)
1299 1435 1361 1495 Wie

168 1463 224 1523 der
253 1465 402 1525 Amtliche
431 1471 601 1531 preußische
631 1474 837 1534 Pressedienst
860 1477 1008 1537 mitkeilt,
1031 1480 1080 1540 hat
1109 1480 1158 1540 der
1187 1484 1357 1544 preußische

165 1512 436 1572 Kultusminister
466 1518 619 1578 Grimme
649 1518 684 1578 an
726 1521 779 1581 den
815 1523 903 1583 Sohn
945 1526 1044 1586 Artur
1081 1528 1269 1588 Schnitzlers
1305 1530 1357 1590 das

174 1560 311 1620 folgende
348 1566 674 1626 Peileidstelegramm
747 1572 910 1632 gerichtet:
965 1575 1152 1635 „Anläßlich
1195 1576 1242 1636 des
1279 1580 1363 1640 Hin¬

172 1610 319 1670 scheidens
344 1612 441 1672 Ihres
474 1616 571 1676 Herrn
609 1617 719 1677 Vaters
750 1620 861 1680 spreche
893 1623 996 1683 Ihnen
1028 1626 1212 1686 aufrichtige
1238 1627 1360 1687 Anteil¬

171 1659 280 1719 nahme
309 1661 380 1721 aus.
403 1662 501 1722 Artur
530 1665 695 1725 Schnitzler
723 1668 794 1728 wird
822 1668 971 1728 fortleben
1005 1671 1054 1731 als
1082 1674 1219 1734 Dichter,
1242 1674 1291 1734 der

175 1707 198 1767 in
234 1708 281 1768 der
317 1710 641 1770 Liebenswürdigkeit
672 1713 766 1773 seines
802 1715 890 1775 Stils
921 1719 1162 1779 unübertroffen
1199 1720 1216 1780 —
1276 1723 1357 1783 einer

169 1757 352 1817 sorgloseren
385 1760 445 1820 und
477 1761 544 1821 doch
576 1761 661 1821 ihrer
693 1765 970 1825 Fragwürdigkeit
995 1769 1154 1829 bewußten
1193 1772 1278 1832 Welt
1303 1773 1358 1833 mit

171 1805 264 1865 liefer
286 1811 536 1871 psychologischer
569 1813 756 1873 Erkenntnis
789 1817 944 1877 Ausdruck
967 1818 1123 1878 verlieh."

808 2155 1127 2215 RVER

402 2170 666 2230 OBS

491 2232 508 2292 I.
523 2228 645 2288 österr.
655 2222 801 2282 behördl.
815 2214 1116 2274 konzessioniertes

442 2270 679 2330 Unternehmen
706 2265 754 2325 für
777 2255 1169 2315 Zeitungs-Ausschnitte

502 2331 644 2391 WIEN,
672 2328 720 2388 I.,
748 2320 1034 2380 WOLLZEILE
1083 2312 1122 2372 11

597 2376 811 2436 TELEPHON
849 2368 1020 2428 R-23-0-43

400 2528 627 2588 Ausschnitt
650 2521 741 2581 aus:

638 2569 758 2629 EULS
792 2569 953 2629 WIENXE
988 2576 1202 2636 TAOMEATT

828 2723 920 2783 28.
941 2715 1075 2775 0KT.
1097 2702 1198 2762 1937

711 2859 877 2919 Artur
912 2856 1234 2916 Schnitzler.

778 2931 854 2991 Die
873 2928 1147 2988 Kondolenzen.

458 2997 509 3057 An
539 2999 585 3059 die
614 2997 840 3057 Angehörigen
875 2993 979 3053 Artur
1004 2988 1275 3048 Schnitzlers
1305 2985 1339 3045 ist
1363 2985 1432 3045 eine
1456 2985 1553 3045 große

371 3052 503 3112 Anzahl
535 3048 593 3108 von
636 3044 1044 3104 Beileidskundgebungen
1087 3037 1145 3097 von
1188 3035 1383 3095 Behörden,
1410 3032 1558 3092 Körper¬

371 3104 520 3164 schaften,
547 3100 712 3160 Freunden
753 3096 818 3156 und
849 3094 1029 3154 Verehrern
1071 3090 1120 3150 des
1156 3086 1377 3146 verstorbenen
1413 3083 1558 3143 Dichters

371 3150 567 3210 eingelangt.
599 3143 951 3203 Unterrichtsminister
983 3140 1055 3200 Dr.
1081 3137 1298 3197 Czermak
1330 3134 1387 3194 hat
1418 3133 1454 3193 an
1501 3128 1552 3188 den

376 3200 465 3260 Sohn
508 3196 554 3256 des
597 3194 818 3254 Verblichenen
861 3189 1076 3249 geschrieben:
1114 3185 1298 3245 „Anläßlich
1340 3182 1392 3242 des
1430 3180 1461 3240 so
1498 3174 1561 3234 un¬

368 3248 558 3308 erwarteten
600 3243 662 3303 und
693 3242 863 3302 plötzlichen
905 3236 1127 3296 Hinscheidens
1159 3233 1261 3293 Ihres
1298 3230 1401 3290 Herrn
1438 3224 1556 3284 Vaters

368 3294 440 3354 bitte
472 3292 513 3352 ich
550 3292 627 3352 Sie,
654 3289 706 3349 der
738 3286 971 3346 aufrichtigsten
1013 3280 1248 3340 Anteilnahme
1285 3277 1346 3337 und
1383 3274 1435 3334 des
1472 3271 1565 3331 herz¬

374 3340 492 3400 lichsten
534 3337 698 3397 Beileides
740 3335 796 3395 der
832 3332 1090 3392 österreichischen
1132 3324 1445 3384 Kunstverwaltung
1487 3319 1559 3379 ver¬

378 3389 477 3449 sichert
515 3387 541 3447 zu
584 3385 662 3445 sein.
689 3383 763 3443 Mit
795 3383 905 3443 Artur
937 3379 1117 3439 Schnitzler
1149 3377 1207 3437 hat
1239 3371 1428 3431 Oesterreich
1471 3367 1555 3427 einen

378 3436 477 3496 seiner
503 3430 739 3490 bedeutendsten
770 3430 830 3490 und
860 3424 1157 3484 repräsentativsten
1187 3421 1333 3481 Dichter,
1349 3415 1554 3475 Dramatiker

372 3482 436 3542 und
467 3481 698 3541 Schriftsteller
728 3477 894 3537 verloren,
919 3475 969 3535 der
1000 3471 1029 3531 es
1065 3472 1090 3532 in
1131 3468 1411 3528 hervorragendem
1457 3464 1562 3524 Maße

374 3531 553 3591 verstanden
591 3530 659 3590 hat,
681 3528 728 3588 die
750 3527 876 3587 geistige
903 3522 1024 3582 Kultur
1056 3520 1167 3580 unsrer
1194 3516 1352 3576 Heimat,,
1363 3513 1421 3573 wie
1448 3514 1484 3574 sie
1511 3514 1558 3574 sich

374 3582 405 3642 in
443 3579 543 3639 seiner
575 3575 808 3635 künstlerischen
851 3571 1046 3631 Auffassung
1084 3567 1232 3627 spiegelt,
1265 3565 1290 3625 in
1333 3561 1566 3621 meisterhafter

377 3630 472 3690 Weise
498 3629 528 3689 zu
564 3624 706 3684 schildern
742 3622 803 3682 und
834 3621 884 3681 den
915 3618 1102 3678 Gebildeten
1138 3614 1214 3674 aller
1240 3610 1407 3670 Nationen
1443 3610 1468 3670 zu
1504 3605 1574 3665 ver¬

379 3678 522 3738 mitteln.
544 3673 656 3733 Dieser
688 3670 878 3730 bedeutende
910 3666 1059 3726 Künstler
1090 3663 1151 3723 und
1183 3661 1312 3721 Mensch
1348 3657 1425 3717 wird
1462 3655 1559 3715 gewiß

380 3724 427 3784 für
460 3722 517 3782 alle
550 3722 682 3782 Zeiten,
709 3719 756 3779 die
784 3718 831 3778 sich
869 3715 916 3775 die
948 3713 1128 3773 Schätzung
1166 3708 1352 3768 kultureller
1385 3704 1495 3764 Werte
1528 3706 1559 3766 zu

374 3773 535 3833 bewahren
572 3769 698 3829 wissen,
740 3767 953 3827 unvergessen
989 3761 1131 3821 bleiben.
1178 3757 1254 3817 Mit
1290 3755 1340 3815 dem
1392 3751 1569 3811 Ausdrucke

377 3821 619 3881 vorzüglichster
646 3814 863 3874 Hochachtun/
899 3809 972 3869 Dr.
993 3809 1034 3869 E.
1050 3806 1277 3866 Czermak.

472 3865 731 3925 Bürgermeister
763 3860 887 3920 Seitz
913 3857 1048 3917 schrieb:
1075 3855 1157 3915 „Die
1189 3852 1292 3912 Stadt
1324 3848 1412 3908 Wien
1454 3845 1573 3905 nimmt

379 3917 456 3977 Teil
482 3916 517 3976 an
549 3914 651 3974 Ihrem
704 3910 760 3970 und
792 3907 899 3967 Ihrer
931 3905 1069 3965 Familie
1096 3902 1266 3962 Schmerz,
1308 3897 1369 3957 und
1421 3896 1492 3956 auch
1524 3894 1565 3954 ich

383 3964 547 4024 persönlich
580 3959 745 4019 empfinde
777 3956 835 4016 tief
863 3955 926 4015 mit
953 3952 1085 4012 Ihnen.
1129 3950 1176 4010 An
1235 3946 1288 4006 der
1326 3944 1437 4004 Bahre
1470 3941 1570 4001 Ihres

380 4011 534 4071 Bruders
565 4008 693 4068 trauert
725 4005 796 4065 aber
833 4002 915 4062 nicht
961 4000 1028 4060 nur
1080 3997 1126 4057 die
1157 3993 1290 4053 Heimat
1337 3991 1388 4051 des
1440 3990 1558 4050 großen

385 4060 544 4120 Menschen
581 4056 643 4116 und
674 4054 725 4114 des
751 4051 870 4111 großen
901 4048 1066 4108 Dichters,
1087 4045 1221 4105 sondern
1252 4042 1334 4102 ganz
1361 4039 1566 4099 Deutschland

383 4109 447 4169 und
480 4108 522 4168 die
550 4100 765 4160 Menschheit,
782 4099 830 4159 die
858 4098 890 4158 er
917 4095 1073 4155 beschenkt
1101 4093 1170 4153 hat.
1209 4092 1268 4152 Die
1311 4090 1403 4150 Welt
1452 4086 1489 4146 ist
1511 4084 1548 4144 um

388 4153 472 4213 einen
508 4150 709 4210 strahlenden
744 4146 834 4206 Geist
860 4143 970 4203 ärmer
1001 4140 1186 4200 geworden,
1217 4137 1267 4197 der
1302 4135 1352 4195 ins
1393 4135 1478 4195 Land
1513 4131 1568 4191 der

395 4202 643 4262 Unsterblichkeit
676 4197 825 4257 einzieht.
870 4194 941 4254 Wir
970 4192 1190 4252 Zeitgenossen
1229 4185 1345 4245 werden
1384 4184 1455 4244 aber
1489 4182 1571 4242 nicht

1453 360 1581 420 box
1651 356 1841 416 44/4

2174 645 2871 705 OBSERVER

2257 703 2278 763 I.
2292 703 2408 763 österr.
2422 706 2573 766 behördl.
2587 712 2881 772 konzessioniertes

2210 742 2442 802 Unternehmen
2469 747 2518 807 für
2545 754 2933 814 Zeitungs-Ausschnitte

2265 803 2403 863 WIEN,
2431 808 2483 868 I.,
2511 812 2790 872 WOLLZEILE
2837 817 2876 877 11

2357 858 2570 918 TELEPHON
2608 864 2779 924 R-23-0-43

2154 995 2372 1055 Ausschnitt
2395 999 2484 1059 aus:

2394 1208 2694 1268 Arbelterzeitous
2729 1214 2805 1274 Wien

2477 1306 2565 1366 28.
2576 1306 2704 1366 OKI.
2725 1302 2833 1362 137

2154 1405 2410 1465 Bürgermeister
2443 1412 2538 1472 Seitz
2564 1416 2622 1476 und
2655 1425 3013 1485 Reichstagspräsident

2211 1447 2309 1507 eue
2331 1453 2403 1513 Aver
2425 1456 2523 1516 wrnue
2544 1462 2726 1522 Tamiier.

2215 1507 2280 1567 Die
2314 1515 2540 1575 Angehörigen
2587 1521 2693 1581 Artur
2727 1533 2999 1593 Schnitzlers

2152 1551 2243 1611 haben
2296 1554 2365 1614 eine
2412 1561 2515 1621 große
2556 1565 2688 1625 Anzahl
2735 1567 2792 1627 von
2845 1576 3005 1636 Beileids¬

2151 1595 2393 1655 kundgebungen
2437 1604 2599 1664 erhalten.
2627 1613 2886 1673 Bürgermeister
2924 1617 3005 1677 Karl

2148 1635 2271 1695 Seitz
2309 1641 2420 1701 schrieb
2474 1646 2527 1706 dem
2576 1650 2709 1710 Bruder
2758 1655 2811 1715 des
2844 1662 3014 1722 Dichters:

2150 1680 2229 1740 „Die
2256 1683 2361 1743 Stadt
2388 1685 2471 1745 Wien
2504 1692 2625 1752 nimmt
2647 1695 2704 1755 teil
2726 1697 2762 1757 an
2795 1701 2894 1761 Ihrem
2937 1704 3000 1764 und

2145 1721 2240 1781 Ihrer
2273 1727 2416 1787 Familie
2449 1733 2619 1793 Schmerz,
2651 1737 2715 1797 und
2752 1742 2821 1802 auch
2854 1745 2890 1805 ich
2928 1745 3002 1805 per¬

2142 1765 2247 1825 sönlich
2280 1770 2444 1830 empfinde
2492 1776 2550 1836 tief
2605 1778 2668 1838 mit
2690 1784 2822 1844 Ihnen.
2865 1787 2912 1847 An
2950 1790 3002 1850 der

2146 1808 2249 1868 Bahre
2281 1811 2379 1871 Ihres
2406 1816 2556 1876 Bruders
2588 1821 2712 1881 trauert
2738 1825 2811 1885 aber
2837 1829 2920 1889 nicht
2946 1833 3003 1893 nur

2137 1850 2182 1910 die
2208 1855 2344 1915 Heimat
2371 1857 2421 1917 des
2457 1862 2573 1922 großen
2610 1867 2772 1927 Menschen
2829 1872 2889 1932 und
2946 1875 2996 1935 des

2139 1898 2252 1958 großen
2289 1900 2450 1960 Dichters,
2492 1907 2627 1967 sondern
2679 1912 2761 1972 ganz
2793 1916 2995 1976 Deutschland

2138 1936 2198 1996 und
2225 1939 2274 1999 die
2302 1944 2515 2004 Menschheit,
2538 1948 2580 2008 die
2608 1950 2641 2010 er
2669 1953 2827 2013 beschenkt
2849 1958 2920 2018 hat.
2942 1963 3001 2023 Die

2136 1979 2215 2039 Welt
2248 1983 2290 2043 ist
2317 1984 2354 2044 um
2408 1987 2492 2047 einen
2530 1995 2733 2055 strahlenden
2771 1997 2861 2057 Geist
2888 2002 2994 2062 ärmer

2135 2023 2322 2083 geworden,
2353 2029 2405 2089 der
2441 2030 2499 2090 ins
2535 2035 2618 2095 Land
2655 2038 2712 2098 der
2749 2044 3003 2104 Unsterblichkeit

2134 2068 2288 2128 einzieht.
2309 2071 2378 2131 Wir
2405 2076 2628 2136 Zeitgenossen
2660 2083 2782 2143 werden
2820 2086 2888 2146 aber
2921 2089 3000 2149 nicht

2138 2110 2194 2170 nur
2226 2111 2271 2171 des
2308 2113 2452 2173 Dichters
2484 2118 2545 2178 mit
2572 2125 2762 2185 Verehrung
2794 2129 2855 2189 und
2887 2133 2995 2193 Dank¬

2134 2152 2249 2212 barkeit
2274 2157 2450 2217 gedenken,
2471 2162 2596 2222 sondern
2632 2166 2696 2226 auch
2727 2169 2777 2229 des
2808 2171 2893 2231 edlen
2928 2175 2983 2235 und

2136 2197 2361 2257 hochgesinnten
2402 2205 2588 2265 Menschen,
2619 2207 2668 2267 der
2709 2212 2804 2272 unter
2840 2214 2900 2274 uns
2941 2219 2990 2279 ge¬

2135 2237 2194 2297 lebt
2223 2240 2304 2300 hat."

2446 2247 2510 2307 Der
2537 2252 2718 2312 Präsident
2746 2258 2793 2318 des
2826 2262 2980 2322 deutschen

2129 2283 2351 2343 Reichstages,
2400 2289 2535 2349 Löbe,
2585 2295 2720 2355 schrieb:

2770 2303 2842 2363 „Zu
2910 2304 2970 2364 dem

2129 2323 2267 2383 schweren
2299 2329 2448 2389 Verlust,
2469 2334 2520 2394 den
2552 2337 2613 2397 Sie
2640 2340 2727 2400 durch
2753 2343 2804 2403 den
2836 2346 2902 2406 Tod
2929 2346 2980 2406 des

2125 2367 2179 2427 von
2230 2370 2296 2430 uns
2342 2372 2427 2432 allen
2478 2379 2716 2439 hochverehrten
2752 2387 2852 2447 Herrn
2884 2390 2984 2450 Artur

2121 2411 2290 2471 Schnitzler
2339 2414 2466 2474 erlitten
2499 2421 2620 2481 haben,
2658 2426 2791 2486 erlaube
2818 2430 2860 2490 ich
2908 2432 2988 2492 mir,

2121 2453 2224 2513 Ihnen
2261 2456 2364 2516 meine
2396 2462 2568 2522 herzlichste
2599 2467 2833 2527 Anteilnahme
2865 2475 2984 2535 auszu¬

2127 2496 2281 2556 sprechen.
2323 2501 2370 2561 Im
2417 2505 2530 2565 ganzen
2568 2510 2722 2570 deutschen
2759 2513 2852 2573 Volke
2900 2518 2982 2578 wird

2126 2537 2175 2597 das
2211 2541 2372 2601 Andenken
2414 2545 2464 2605 des
2499 2551 2645 2611 Mannes
2681 2554 2706 2614 in
2742 2556 2837 2616 hohen
2874 2561 2974 2621 Ehren

2121 2582 2260 2642 bleiben,
2302 2585 2358 2645 der
2385 2588 2436 2648 ihm
2483 2590 2509 2650 so
2535 2594 2669 2654 innige,
2711 2602 2980 2662 unvergängliche

2125 2624 2228 2684 Werke
2252 2629 2355 2689 seiner
2385 2632 2488 2692 Kunst
2519 2638 2674 2698 geschenkt
2697 2641 2770 2701 hat.

1579 2830 1635 2890 nur
1667 2829 1717 2889 des
1749 2833 1892 2893 Dichters
1931 2839 1987 2899 mit
2012 2841 2207 2901 Verehrung
2245 2847 2301 2907 und
2333 2852 2552 2912 Dankbarkeit
2584 2860 2753 2920 gedenken,

1578 2880 1708 2940 sondern
1736 2883 1809 2943 auch
1832 2884 1882 2944 des
1911 2889 1995 2949 edlen
2024 2890 2086 2950 und
2115 2896 2345 2956 hochgesinnten
2374 2903 2565 2963 Menschen,
2583 2908 2633 2968 der
2662 2910 2757 2970 unter

1581 2928 1639 2988 uns
1666 2931 1770 2991 gelebt
1797 2935 1861 2995 hat.
1882 2937 1953 2997 Mit
1980 2940 2024 3000 dem
2071 2943 2247 3003 Ausdrucke
2267 2951 2508 3011 vorzüglichster
2535 2957 2750 3017 Hochachtung

1590 2973 1719 3033 Seitz."
