3344 4352
89 310 165 370 112

1372 292 1507 352 box
1588 291 1834 351 43/21

282 306 871 366 Schnitzler's
941 300 1166 360 Death

2486 1389 2588 1449 stellig
2621 1384 2817 1444 honderden,
2839 1383 2911 1443 door
2943 1380 3046 1440 beiden
3078 1380 3139 1440 grif
3172 1380 3274 1440 toegeg

340 1428 522 1488 loodewaar
549 1422 731 1482 diamatisch
758 1420 896 1480 gedicht,
915 1416 992 1476 alsof
1011 1414 1072 1474 het
1090 1413 1142 1473 van
1178 1413 1220 1473 den
1256 1411 1368 1471 lateren
1422 1407 1569 1467 gevoelden
1605 1403 1858 1463 „Ehrenkodex",
1876 1398 1945 1458 met
1963 1396 2049 1456 duels
2068 1395 2093 1455 en
2120 1394 2171 1454 K.
2181 1394 2215 1454 u.
2225 1393 2276 1453 K.
2312 1391 2433 1451 es-

2481 1425 2538 1485 van
2565 1425 2728 1485 aanraking
2756 1423 2782 1483 en
2809 1422 2861 1482 het
2879 1420 2901 1480 is
2924 1419 2994 1479 zeifs
3012 1419 3131 1479 minder
3154 1417 3264 1477 bekend

339 1467 478 1527 Gerhart
502 1462 701 1522 Hauptmann
730 1458 762 1518 en
790 1457 855 1517 niet
878 1455 929 1515 van
957 1455 1008 1515 den
1036 1450 1194 1510 vroegeren
1222 1449 1366 1509 Schnitz-
1403 1446 1510 1506 frasen
1575 1443 1640 1503 toe.
1677 1443 1719 1503 Al
1756 1441 1811 1501 zijn
1845 1437 1988 1497 manlijke
2016 1435 2127 1495 figuren
2160 1431 2295 1491 schijnen
2328 1428 2434 1488 welge¬

2474 1464 2523 1524 ler
2546 1464 2600 1524 zijn
2628 1463 2777 1523 medische
2801 1461 2950 1521 loopbaan
2978 1459 3068 1519 begon
3096 1457 3159 1517 met
3182 1455 3268 1515 dezel

1406 1485 1507 1545 steld,
1525 1483 1674 1543 zorgeloos
1698 1479 1728 1539 en
1759 1478 1869 1538 zonder
1896 1476 2081 1536 werkkring,
2099 1473 2152 1533 zijn
2179 1470 2315 1530 vrouwen
2346 1467 2434 1527 willen

336 1506 388 1566 ler
410 1504 524 1564 kwam,
543 1502 595 1562 en,
613 1498 749 1558 verleden
780 1496 864 1556 jaar,
877 1494 925 1554 een
957 1492 1031 1552 zwak
1062 1490 1088 1550 en
1120 1488 1278 1548 overbodig
1305 1488 1379 1548 spel,

106 1500 292 1560 neel¬

2482 1503 2538 1563 het
2566 1502 2664 1562 gebied
2697 1500 2748 1560 der
2772 1500 2907 1560 hypnose
2936 1497 2963 1557 en
2997 1494 3169 1554 suggestie,
3189 1494 3230 1554 die

1410 1524 1471 1584 nog
1498 1523 1528 1583 al
1547 1520 1617 1580 eens
1640 1518 1683 1578 bij
1701 1518 1851 1578 voorkeur
1874 1513 2094 1573 „Komtessen"
2116 1511 2191 1571 zijn,
2209 1509 2266 1569 wat
2297 1507 2363 1567 veer
2385 1506 2433 1566 een

331 1546 396 1606 dat
419 1543 533 1603 alreeds
555 1542 577 1602 in
604 1541 656 1601 den
683 1536 749 1596 titel
767 1536 819 1596 het
837 1533 1022 1593 dramatisch
1045 1527 1300 1587 divertissement,
1309 1524 1370 1584 niet

2483 1542 2630 1602 proefde,
2650 1540 2719 1600 voor
2744 1539 2792 1599 hij
2812 1536 2856 1596 dit
2882 1536 2989 1596 terrein
3019 1533 3063 1593 als
3088 1533 3117 1593 te
3142 1533 3275 1593 onvruch

1407 1559 1619 1619 aesthetische
1647 1556 1764 1616 luance
1791 1552 1936 1612 verschilt
1964 1550 2013 1610 van
2045 1547 2207 1607 „Gräfin".
2226 1545 2325 1605 Neen,
2344 1542 2438 1602 waar¬

339 1583 381 1643 de
420 1580 625 1640 dramatische
664 1575 818 1635 noodzaak
857 1571 1049 1631 medevoert:
1080 1567 1127 1627 „Im
1178 1566 1264 1626 Spiel
1324 1563 1379 1623 der

2486 1577 2576 1637 Maar
2603 1577 2671 1637 voor
2703 1574 2752 1634 den
2784 1571 3146 1631 niet-gepreoccupeerde
3169 1571 3245 1631 gaat

340 1621 601 1681 Sommerlüfte".
624 1616 695 1676 Wat
719 1613 890 1673 Schnitzler
917 1611 962 1671 „te
994 1607 1115 1667 zeggen"
1147 1604 1223 1664 had,
1247 1604 1305 1664 wat
1332 1603 1377 1663 hij
1409 1601 1593 1661 achtigheid
1621 1596 1648 1656 en
1675 1593 1837 1653 innerlijke
1860 1590 2058 1650 motiveering
2086 1586 2207 1646 behoeft
2230 1585 2293 1645 men
2321 1584 2343 1644 in
2375 1581 2442 1641 deze

2482 1616 2687 1676 Schnitzler's
2711 1613 2846 1673 drama's
2870 1613 2962 1673 boven
2991 1610 3047 1670 het
3071 1608 3280 1668 pathologisc!

1410 1637 1645 1697 egocentrische
1679 1634 1709 1694 en
1744 1629 2044 1689 individualistische
2079 1624 2288 1684 comedianten
2328 1621 2391 1681 niet
2422 1619 2447 1679 te

2489 1655 2642 1715 eindeloos
2669 1652 2857 1712 gevariéerde
2884 1649 3003 1709 schema
3033 1649 3085 1709 der
3111 1646 3273 1706 „ongeoor!

339 1661 389 1721 als
416 1658 681 1718 tooneelschrijver
707 1652 891 1712 beteekende
917 1649 942 1709 en
973 1649 1028 1709 nog
1059 1645 1122 1705 voor
1140 1643 1191 1703 ons
1208 1643 1379 1703 beteekent,

92 1658 138 1718 n
163 1653 225 1713 met
242 1652 288 1712 een

1411 1678 1546 1738 zoeken.
1565 1674 1642 1734 Juist
1665 1670 1746 1730 waar
1769 1670 1814 1730 hij
1833 1669 1869 1729 de
1892 1667 2064 1727 onthulling
2092 1664 2146 1724 van
2174 1662 2223 1722 zijn
2251 1660 2373 1720 masker
2397 1658 2450 1718 het

2490 1692 2622 1752 dingen"
2654 1691 2711 1751 uit.
2738 1691 2795 1751 Van
2831 1691 2861 1751 de
2893 1688 3057 1748 duizenden
3093 1685 3274 1745 nederlagen

348 1702 392 1762 lag
425 1697 496 1757 voór
524 1697 578 1757 zijn
615 1692 759 1752 vijftigste
791 1692 877 1752 jaar.
900 1689 1040 1749 Wellicht
1072 1685 1126 1745 dat
1154 1684 1189 1744 de
1217 1682 1366 1742 distantie

90 1694 223 1754 eater.
253 1691 302 1751 Nu

1418 1715 1550 1775 dichtste
1572 1712 1730 1772 benadert,
1744 1709 1820 1769 waar
1842 1706 1923 1766 breed
1950 1706 1979 1766 en
2001 1701 2237 1761 overweldigend
2263 1700 2293 1760 de
2315 1698 2447 1758 tragedie

351 1738 460 1798 waarin
488 1736 540 1796 wij
558 1734 668 1794 thans,
682 1733 716 1793 na
743 1730 791 1790 den
823 1730 941 1790 oorlog,
955 1727 1003 1787 tot
1021 1726 1065 1786 dit
1088 1723 1158 1783 werk
1185 1721 1290 1781 staan,
1304 1722 1378 1782 juist

94 1730 128 1790 t
148 1728 302 1788 komende

1411 1752 1471 1812 der
1499 1750 1718 1810 eenzaamheid
1751 1748 1778 1808 en
1816 1745 2034 1805 ontluistering
2067 1740 2173 1800 achter
2202 1739 2234 1799 de
2267 1739 2448 1799 maskerade
2495 1732 2620 1792 ringen,
2639 1731 2685 1791 die
2714 1730 2745 1790 de
2769 1727 2889 1787 mensch
2923 1725 3085 1785 tegenover
3109 1721 3238 1781 zichzelf
3262 1721 3275 1781 1

2487 1768 2664 1828 Schnitzler
2694 1768 2738 1828 ten
2773 1765 2862 1825 slotte
2892 1763 3005 1823 slechts
3035 1762 3083 1822 een
3119 1761 3192 1821 deel
3207 1758 3222 1818 -

343 1780 384 1840 de
411 1775 559 1835 blijvende
586 1772 759 1832 beteekenis
781 1768 912 1828 daarvan
945 1767 997 1827 kan
1030 1763 1134 1823 helpen
1162 1759 1351 1819 releveeren.

99 1773 150 1833 ou
170 1768 306 1828 hebben,

1411 1792 1504 1852 staat
1532 1789 1588 1849 (als
1612 1789 1639 1849 in
1672 1788 1746 1848 „Der
1770 1785 1914 1845 Einsame
1943 1781 2031 1841 Weg"
2059 1780 2147 1840 b.v.),
2166 1777 2268 1837 breekt
2292 1776 2338 1836 hij
2362 1774 2394 1834 af
2418 1774 2445 1834 in

2490 1807 2638 1867 zichzelf,
2655 1806 2737 1866 maar
2760 1804 2820 1864 niet
2843 1801 3074 1861 oppermachtig
3096 1799 3112 1859 —
3152 1798 3190 1858 de
3212 1802 3261 1862 „pe

98 1812 145 1872 ing
178 1807 300 1867 geslon¬

810 1813 870 1873 *.

1414 1828 1469 1888 een
1499 1828 1752 1888 dissoneerenden
1782 1822 2000 1882 anti-climax,
2018 1817 2064 1877 een
2091 1816 2300 1876 tooneeltruc,
2318 1813 2377 1873 dien
2412 1813 2458 1873 hij

2528 1847 2612 1907 ande
2639 1843 2856 1903 menschelike
2883 1840 3051 1900 gedachte.

98 1852 138 1912 st
162 1848 216 1908 van
248 1846 298 1906 een

1415 1867 1484 1927 met
1511 1867 1599 1927 Shaw
1635 1866 1754 1926 gemeen
1794 1860 1895 1920 heeft,
1918 1858 1948 1918 en
1988 1858 2059 1918 hult
2086 1857 2138 1917 het
2169 1851 2451 1911 scherp-bijeenge¬

382 1879 418 1939 In
443 1877 492 1937 een
518 1875 665 1935 biografie
691 1871 757 1931 over
777 1869 887 1929 Joseph
913 1867 1029 1927 Kainz,
1042 1863 1110 1923 voor
1129 1861 1301 1921 Schnitzler
1326 1857 1375 1917 den

2541 1883 2706 1943 Scnitzler
2727 1882 2859 1942 verried,
2880 1879 2939 1939 met
2960 1879 2999 1939 de
3019 1876 3192 1936 wreedheid
3219 1876 3272 1936 var

100 1891 129 1951 s
159 1887 212 1947 van
248 1885 306 1945 het

1424 1907 1533 1967 voegde
1567 1903 1734 1963 materiaal
1758 1901 1786 1961 in
1820 1898 1872 1958 het
1901 1897 2011 1957 frivole
2045 1895 2125 1955 kleed
2159 1893 2211 1953 der
2245 1891 2350 1951 mode:
2379 1890 2446 1950 men

339 1917 458 1977 acteur
484 1915 526 1975 bij
548 1910 820 1970 uitnemendheid,
838 1908 859 1968 is
885 1906 1012 1966 onlangs
1038 1903 1072 1963 de
1102 1900 1264 1960 Weensche
1294 1897 1371 1957 eigen

2493 1926 2518 1986 in
2551 1923 2603 1983 hem
2646 1921 2767 1981 woonde
2794 1921 2820 1981 en
2852 1918 2899 1978 die
2921 1918 3037 1978 slechts
3059 1915 3132 1975 door
3154 1915 3190 1975 de
3212 1915 3269 1975 aan

1414 1944 1633 2004 raisonneert,
1647 1941 1677 2001 de
1700 1941 1774 2001 duur
1797 1937 1942 1997 gekochte
1965 1935 2066 1995 leugen
2093 1933 2140 1993 van
2172 1933 2220 1993 het
2242 1931 2321 1991 geluk
2348 1930 2453 1990 maakt

347 1953 423 2013 aard
453 1953 508 2013 (die
535 1953 585 2013 van
611 1950 726 2010 Kainz,
744 1946 786 2006 die
812 1944 863 2004 van
889 1941 1081 2001 Schnitzler)
1098 1936 1375 1996 gekarakteriseere

2491 1962 2687 2022 moedigheid
2717 1959 2770 2019 van
2800 1956 2849 2016 den
2879 1956 2996 2016 dichter
3021 1953 3055 2013 na
3085 1953 3118 2013 de
3144 1953 3275 2013 vlijmscl

105 1965 165 2025 lexe
186 1962 309 2022 gecom¬

1422 1980 1479 2040 het
1497 1980 1576 2040 leven
1603 1979 1699 2039 zwaar
1726 1977 1752 2037 en
1784 1976 1911 2036 treurig,
1929 1974 1964 2034 de
1986 1971 2092 2031 aldoor
2110 1970 2273 2030 dreigende
2295 1967 2449 2027 nabijheid

338 1995 398 2055 als
420 1993 466 2053 een
492 1991 663 2051 mengeling
689 1986 745 2046 van
771 1983 929 2043 overmoed
955 1981 985 2041 en
1011 1978 1259 2038 verslagenheid,
1277 1972 1379 2032 gevoec

2499 2000 2632 2060 verlamd
2656 2000 2689 2060 en
2713 1998 2746 2058 op
2771 1995 2947 2055 non-actief
2967 1994 3076 2054 gesteld
3105 1992 3195 2052 werd,
3210 1992 3257 2052 zoo

103 2004 189 2064 einen
219 2001 306 2061 krine

1419 2019 1479 2079 van
1517 2020 1571 2080 den
1610 2017 1682 2077 dood
1714 2016 1824 2076 maakt
1856 2013 1904 2073 het
1936 2010 2132 2070 onheimelijk
2170 2010 2200 2070 en
2231 2008 2317 2068 zoet.
2342 2005 2445 2065 Samen

339 2032 426 2092 door
457 2031 510 2091 den
550 2027 788 2087 voortdurenden
828 2022 938 2082 twijfel
969 2019 1022 2079 aan
1062 2016 1203 2076 zichzelf.
1225 2013 1379 2073 Twijfeler

2487 2037 2521 2097 in
2556 2037 2649 2097 daden
2679 2037 2708 2097 en
2744 2034 2930 2094 gedachten,
2951 2034 3004 2094 dat
3025 2033 3074 2093 hij
3094 2031 3147 2091 het
3173 2031 3280 2091 perspe

103 2044 223 2104 ouding
253 2040 305 2100 van

1422 2061 1533 2121 noemt
1556 2058 1619 2118 men
1647 2056 1700 2116 dat
1721 2055 1833 2115 liefde.

344 2070 406 2130 aan
439 2069 570 2129 zichzelf
597 2067 665 2127 deed
693 2063 869 2123 Schnitzler
893 2061 919 2121 in
951 2061 1046 2121 hooge
1074 2057 1151 2117 mate
1183 2053 1209 2113 en
1247 2052 1300 2112 aan
1333 2051 1386 2111 het

2482 2076 2732 2136 menschelijken
2761 2073 2843 2133 geest
2862 2073 2987 2133 blijvend
3012 2070 3204 2130 verruimde.
3214 2067 3276 2127 Het

98 2085 132 2145 n
168 2082 192 2142 in
222 2079 310 2139 zich¬

1457 2106 1501 2166 Er
1530 2106 1586 2166 was
1615 2106 1665 2166 nog
1694 2102 1756 2162 iets
1779 2100 1908 2160 anders,
1926 2100 1982 2160 dat
2006 2097 2180 2157 Schnitzler
2209 2094 2367 2154 bedreigde
2396 2091 2446 2151 dan

355 2110 521 2170 veelvuldig
556 2109 590 2169 en
624 2106 834 2166 geraffineerd
869 2097 1126 2157 onderscheiden,
1152 2093 1237 2153 maar
1272 2092 1301 2152 op
1340 2089 1391 2149 het

2488 2120 2519 2180 in
2550 2118 2601 2178 hem
2643 2115 2756 2175 slechts
2783 2115 2828 2175 den
2860 2112 3004 2172 schriver
3030 2109 3081 2169 van
3113 2109 3159 2169 een
3191 2109 3283 2169 bitter

98 2121 152 2181 nd
188 2116 306 2176 behan¬

1418 2141 1463 2201 de
1486 2143 1558 2203 voor
1581 2141 1630 2201 hem
1667 2139 1716 2199 zoo
1744 2136 2073 2196 werelds-vertrouwde
2097 2133 2254 2193 mysteriën
2282 2131 2336 2191 van
2363 2130 2449 2190 liefde

351 2149 483 2209 eendere
505 2144 686 2204 velfportret
708 2143 915 2203 teruggaande
942 2138 1007 2198 type
1034 2136 1087 2196 van
1114 2134 1162 2194 den
1193 2130 1378 2190 vermoeiden

2491 2156 2540 2216 als
2570 2156 2716 2216 „Reigen"
2742 2152 2775 2212 of
2800 2151 2849 2211 een
2879 2150 3021 2210 galanten
3056 2147 3232 2207 verdediger
3258 2144 3291 2204 vo

98 2156 159 2216 urs
183 2157 320 2217 gekend,

1419 2183 1459 2243 en
1482 2181 1577 2241 dood,
1592 2181 1614 2241 en
1642 2180 1691 2240 dat
1715 2177 1769 2237 was
1792 2176 1860 2236 voor
1879 2176 1964 2236 hem,
1978 2176 2028 2236 den
2052 2171 2260 2231 schrijver
2279 2168 2433 2228 Schnitzle

351 2189 386 2249 en
439 2185 606 2245 verfinden
655 2182 902 2242 levensgenieter
942 2176 1034 2236 voegt
1065 2173 1113 2233 hij
1145 2172 1175 2232 de
1207 2168 1387 2228 schampere

2496 2192 2624 2252 Mädel"
2646 2192 2671 2252 te
2697 2192 2753 2252 zien
2790 2189 2857 2249 (dat
2878 2187 3027 2247 trouwens
3049 2184 3172 2244 overal,
3188 2183 3280 2243 behal

99 2198 196 2258 Atzler
222 2195 309 2255 groot

1426 2219 1464 2279 de
1494 2218 1622 2278 donkere
1648 2216 1849 2276 achtergrond
1884 2213 1935 2273 van
1970 2213 2021 2273 het
2047 2210 2265 2270 naturalisme,
2283 2206 2449 2266 waartegen

116 2235 315 2295 Bernhardi,
359 2229 502 2289 diagnose
536 2225 602 2285 toe,
626 2221 678 2281 dat
707 2220 755 2280 dit
784 2219 851 2279 type
885 2215 1032 2275 overleefd
1066 2212 1099 2272 en
1133 2209 1318 2269 uitstervend
1352 2207 1395 2267 is.

2503 2232 2555 2292 een
2598 2228 2843 2288 antiquarische,
2877 2225 3001 2285 althans
3035 2222 3289 2282 vooroorlogsche

1422 2261 1483 2321 hij
1497 2258 1690 2318 feestvierde.
1708 2255 1770 2315 Zijn
1797 2252 1928 2312 houding
1951 2252 1977 2312 is
2000 2251 2043 2311 die
2065 2249 2113 2309 van
2141 2248 2189 2308 een
2215 2246 2453 2306 voortdurenden

347 2267 446 2327 Maar
474 2266 523 2326 hij
547 2263 619 2323 mist
647 2261 700 2321 den
733 2258 819 2318 moed
851 2257 896 2317 tot
923 2253 1091 2313 ingrijpen,
1114 2249 1141 2309 er
1168 2249 1196 2309 is
1219 2247 1245 2307 in
1278 2246 1395 2306 vrijwel

2499 2270 2656 2330 geworden
2686 2269 2743 2329 is).
2758 2265 2786 2325 In
2810 2264 3006 2324 Schnitzler's
3026 2261 3213 2321 levenswerk
3237 2260 3275 2320 lig

95 2279 149 2339 den
183 2271 308 2331 buiten¬

1423 2297 1626 2357 antagonist,
1667 2294 1717 2354 een
1749 2291 1817 2351 man
1849 2291 1881 2351 op
1913 2291 1948 2351 de
1976 2288 2094 2348 vlucht.
2112 2288 2167 2348 Hij
2190 2285 2280 2345 redde
2303 2284 2366 2344 zich
2417 2281 2461 2341 als

347 2307 426 2367 geen
457 2304 505 2364 van
541 2303 593 2363 ziln
620 2300 747 2360 stukken
783 2297 897 2357 (buiten
924 2294 977 2354 het
999 2292 1034 2352 op
1061 2290 1171 2350 andere
1198 2286 1378 2346 praemissen

2504 2306 2740 2366 ontwikkeling,
2761 2306 2805 2366 die
2836 2303 2916 2363 bijna
2947 2303 3012 2363 met
3043 2300 3078 2360 de
3109 2300 3194 2360 titels
3225 2299 3274 2359 van

157 2315 216 2375 als
250 2312 314 2372 het

1423 2337 1576 2397 Proteus,
1594 2335 1639 2395 hij
1658 2333 1820 2393 ontleende
1848 2330 1902 2390 aan
1934 2329 1969 2389 de
1997 2327 2186 2387 romantiek,
2205 2324 2281 2384 waar
2309 2321 2363 2381 hem
2404 2318 2458 2378 dat

354 2343 521 2403 gebouwde
551 2338 778 2398 „Bernhardi")
804 2334 851 2394 een
886 2332 1022 2392 ethische
1049 2327 1331 2387 verantwoording.
1353 2321 1391 2381 De

2500 2347 2727 2407 chronologisch
2773 2344 2801 2404 te
2841 2344 2943 2404 volgen
2989 2341 3028 2401 is.
3057 2341 3102 2401 De
3142 2338 3255 2398 liefde,

113 2353 214 2413 estern
241 2349 315 2409 oder

1434 2374 1465 2434 te
1492 2375 1544 2435 pas
1567 2373 1645 2433 kwam
1694 2371 1734 2431 (in
1765 2368 1809 2428 die
1831 2367 1919 2427 reeds
1946 2365 2011 2425 niet
2034 2365 2113 2425 meer
2140 2362 2267 2422 gesloten
2299 2359 2461 2419 gecompo¬

347 2383 569 2443 dramatische
596 2377 755 2437 structuur
778 2374 950 2434 ondergaat
978 2368 1145 2428 daardoor,
1159 2363 1331 2423 noodlottig
1359 2360 1385 2420 en

99 2390 302 2450 schensplel

1426 2414 1541 2474 neerde
1594 2409 1889 2469 „Oesterreichische
1942 2403 2152 2463 Rhapsodie",
2190 2401 2236 2461 die
2284 2400 2336 2460 hij
2380 2396 2458 2456 „Der
2501 2386 2584 2446 looze
2638 2384 2727 2444 jacht
2780 2383 2817 2443 om
2875 2381 2932 2441 het
2975 2380 3069 2440 bezit,
3107 2378 3217 2438 maakt
3260 2377 3280 2437 1

360 2421 522 2481 toevallig,
545 2418 596 2478 den
629 2415 744 2475 invloed
777 2411 832 2471 van
865 2410 916 2470 het
944 2407 1065 2467 geringe
1093 2404 1245 2464 incident,
1269 2401 1319 2461 van
1357 2398 1389 2458 de

2500 2425 2608 2485 plaats
2634 2422 2701 2482 voor
2727 2421 2763 2481 de
2789 2419 3036 2479 verwikkelingen
3068 2416 3119 2476 van
3151 2415 3207 2475 het
3228 2413 3263 2473 hu

98 2428 315 2488 Beckmann,

1435 2452 1534 2512 Junge
1561 2449 1743 2509 Medardus"
1775 2446 1938 2506 noemde),
1957 2443 2011 2503 aan
2048 2442 2101 2502 het
2125 2439 2288 2499 onstuimig
2320 2434 2460 2494 geschre¬

102 2468 254 2528 mosdia,
279 2467 302 2527 in
355 2459 526 2519 stemming
560 2455 650 2515 vaak,
675 2455 717 2515 die
747 2452 818 2512 over
842 2447 923 2507 leven
957 2448 985 2508 en
1019 2446 1095 2506 dood
1129 2443 1243 2503 beslist,
1267 2439 1314 2499 een
1343 2437 1371 2497 to

2503 2463 2635 2523 subtiele
2660 2458 2846 2518 verhouding
2875 2456 2924 2516 van
2954 2455 3199 2515 man-en-vrouw
3229 2452 3263 2512 al

1435 2489 1481 2549 ven
1514 2491 1695 2551 melodrama
1728 2489 1820 2549 („Der
1839 2486 1904 2546 Ruf
1927 2485 1979 2545 des
1998 2482 2164 2542 Lebens"),
2184 2479 2234 2539 aan
2263 2478 2313 2538 het
2332 2476 2457 2536 symbo¬

347 2500 414 2560 het
451 2496 578 2556 uiterste
615 2491 845 2551 genuanceerde
883 2486 1131 2546 psychologische
1159 2481 1281 2541 analyse
1313 2479 1394 2539 mcet

2499 2502 2616 2562 schen.
2642 2497 2768 2557 Anatol,
2793 2495 2828 2555 de
2863 2494 3093 2554 „leichtsinnige
3123 2491 3265 2551 Melanch

125 2506 319 2566 Schnitzler

1434 2530 1521 2590 lisme
1575 2527 1609 2587 (in
1641 2527 1671 2587 al
1693 2527 1746 2587 zijn
1777 2524 1838 2584 met
1860 2523 1926 2583 zulk
1957 2521 2005 2581 een
2036 2518 2207 2578 volmaakte
2234 2512 2453 2572 meesterschar

351 2538 407 2598 dit
434 2536 526 2596 gemis
558 2532 606 2592 van
642 2530 778 2590 ethische
805 2525 1069 2585 verantwoording
1100 2523 1130 2583 en
1162 2518 1377 2578 realiteitsbese

2507 2538 2728 2598 burgermeisje
2753 2535 2797 2595 uit
2817 2531 2974 2591 „Liebelei"
2999 2532 3047 2592 zin
3073 2531 3097 2591 in
3127 2530 3259 2590 drama's

137 2546 254 2606 Weg",
281 2544 312 2604 bi

1432 2567 1622 2627 doordachte
1656 2564 1795 2624 poppen-
1824 2561 1852 2621 en
1891 2556 2216 2616 marionetten-spelen
2250 2553 2283 2613 en
2317 2550 2465 2610 boudeert

355 2577 388 2637 in
419 2575 469 2635 ziin
500 2572 645 2632 personen
676 2568 868 2628 maskeeren.
890 2562 1053 2622 Verwende
1074 2559 1104 2619 en
1134 2558 1288 2618 sensueele
1310 2553 1395 2613 fata¬

2508 2576 2612 2636 Land"
2640 2575 2673 2635 en
2707 2574 2783 2634 meer
2811 2573 2866 2633 nog
2894 2571 2921 2631 in
2955 2571 2987 2631 do
3016 2568 3224 2628 dramatische
3247 2567 3280 2627 sc

99 2586 148 2646 Set
169 2583 314 2643 Schouw-

1431 2607 1494 2667 dan
1521 2607 1585 2667 met
1608 2602 1753 2662 zichzelf:
1772 2599 1849 2659 „Der
1873 2598 1991 2658 Tapfre
2014 2594 2182 2654 Kassian"!

353 2616 414 2676 list
439 2613 481 2673 die
511 2613 558 2673 hij
573 2612 616 2672 is,
630 2610 683 2670 kan
712 2607 788 2667 noch
823 2607 870 2667 wil
890 2606 937 2666 hij
957 2601 1101 2661 tenslotte
1125 2599 1192 2659 halt
1216 2597 1331 2657 houden
1360 2595 1393 2655 op

2508 2616 2638 2676 bedrijf,
2669 2612 2774 2672 waarin
2815 2609 3011 2669 Schnitzler's
3047 2607 3162 2667 talent,
3189 2605 3273 2665 steed

99 2624 210 2684 hals
241 2621 322 2681 Herr

1474 2643 1567 2703 Maar
1589 2643 1638 2703 het
1662 2640 1777 2700 veiligst
1800 2637 1927 2697 bevindt
1949 2637 1998 2697 hij
2016 2634 2071 2694 zich
2099 2632 2165 2692 toch
2193 2631 2220 2691 in
2248 2631 2298 2691 den
2326 2627 2458 2687 dooltuin

364 2652 401 2712 de
425 2652 546 2712 wegen,
565 2649 606 2709 die
635 2649 685 2709 ziin
719 2645 905 2705 verbeelding
933 2643 1021 2703 gaat.
1040 2640 1096 2700 Ook
1129 2639 1152 2699 in
1181 2637 1213 2697 de
1237 2634 1381 2694 personen

2510 2655 2686 2715 pointeerde
2721 2647 2843 2707 „geval"
2878 2646 2907 2706 en
2942 2646 2980 2706 de
3010 2643 3211 2703 verrassende
3241 2643 3279 2703 ni

98 2661 138 2721 te
168 2661 318 2721 Johanna

1431 2685 1534 2745 zijner
1558 2680 1834 2740 schijngestalten:
1857 2675 1911 2735 het
1939 2673 2038 2733 zuilijk
2075 2670 2152 2730 leven
2189 2669 2215 2729 en
2252 2668 2283 2728 de
2316 2665 2465 2725 doellocze

351 2691 414 2751 die
442 2691 491 2751 hij
514 2691 632 2751 bewust
660 2685 850 2745 veroordeelt
882 2682 945 2742 (von
982 2679 1072 2739 Sala,
1095 2678 1168 2738 zelfs
1195 2676 1249 2736 den
1282 2673 1381 2733 armen

2507 2691 2568 2751 zich
2602 2691 2655 2751 het
2675 2688 2808 2748 zuiverst
2833 2685 2991 2745 uitleefde,
3006 2685 3077 2745 riipe
3102 2682 3250 2742 gestalten

98 2703 131 2763 e
156 2700 319 2760 vlijmende

1439 2721 1653 2781 verpoozingen
1687 2718 1737 2778 van
1766 2716 1966 2776 zijnsgelijken
2004 2712 2045 2772 En
2074 2712 2120 2772 het
2144 2709 2166 2769 is
2186 2708 2251 2768 geen
2279 2704 2414 2764 paradox
2442 2701 2465 2761 te

368 2732 440 2792 door
463 2729 517 2789 ziin
545 2729 626 2789 zielig
654 2728 758 2788 begrip
786 2722 835 2782 van
867 2721 912 2781 eer
935 2720 966 2780 en
999 2718 1175 2778 voldoening
1204 2715 1393 2775 opgehitsten

2510 2731 2768 2791 gecompliceerde
2792 2725 2919 2785 naturen
2951 2724 2987 2784 de
3010 2721 3260 2781 overschatting,

160 2738 218 2798 van
264 2738 318 2798 den

1431 2760 1570 2820 zeggen,
1589 2757 1645 2817 dat
1688 2755 1836 2815 daarom
1902 2750 1981 2810 juist
2004 2750 2027 2810 in
2065 2747 2130 2807 deze
2158 2744 2284 2804 stukken
2317 2743 2363 2803 een
2400 2740 2470 2800 blij¬

367 2769 556 2829 „Leut'nant
579 2765 702 2825 Gustl",
720 2764 768 2824 een
795 2760 914 2820 novelle
936 2758 980 2818 die
1007 2756 1059 2816 hem
1099 2755 1249 2815 trouwens
1276 2753 1311 2813 de
1333 2750 1399 2810 zeer

2506 2768 2617 2828 lijking
2656 2767 2706 2827 der
2740 2765 2823 2825 jeugd
2861 2761 2992 2821 verloren
3035 2759 3146 2819 hebben
3189 2756 3258 2816 voor

103 2782 224 2842 rspel
250 2777 318 2837 toch

1442 2798 1539 2858 vende
1577 2795 1693 2855 waarde
1716 2792 1846 2852 schuilt.
1879 2789 1971 2849 Want
1991 2786 2171 2846 uiteindelijk
2200 2785 2301 2845 mogen
2330 2782 2371 2842 zij
2385 2780 2459 2840 allen

363 2807 512 2867 begeerde
539 2801 826 2861 officiers-carrière
853 2799 984 2859 kostte),
1002 2798 1082 2858 voelt
1100 2795 1165 2855 men
1192 2793 1253 2853 toch
1285 2792 1337 2852 nog
1364 2792 1399 2852 de

2506 2806 2715 2866 droefgeestig
2744 2801 2851 2861 gevoel
2870 2801 2921 2861 van
2954 2800 3033 2860 eigen
3062 2795 3280 2855 ontoereikend

107 2819 217 2879 oorbij
238 2819 308 2879 ging

1426 2837 1518 2897 zwak
1545 2836 1650 2896 staan,
1664 2832 1813 2892 vermooid
1840 2830 1910 2890 door
1933 2828 1981 2888 een
2008 2825 2179 2885 idealisme,
2193 2824 2245 2884 dat
2263 2819 2399 2879 cynisme
2422 2816 2470 2876 wil

2510 2843 2771 2903 kwetsbaarheid,
2796 2838 2840 2898 die
2875 2837 2899 2897 in
2939 2838 2993 2898 het
3023 2837 3096 2897 licht
3131 2834 3180 2894 van
3220 2834 3274 2894 doo

363 2848 680 2908 aanhankelijkheid,
703 2844 733 2904 de
760 2838 1011 2898 verwantschap,
1029 2837 1085 2897 het
1109 2831 1403 2891 mededaderschap.

103 2860 235 2920 „Der
260 2855 331 2915 Ruf

1438 2875 1626 2935 ontloopen,
1648 2871 1724 2931 juist
1750 2870 1861 2930 daarom
1909 2865 1986 2925 werd
2016 2864 2187 2924 Schnitzler
2218 2861 2294 2921 bijna
2329 2857 2470 2917 gedwon¬

2515 2882 2686 2942 zelfbedrog
2744 2881 2792 2941 een
2835 2876 3150 2936 bovenmenschelijke
3189 2873 3274 2933 innig

364 2888 413 2948 De
440 2887 540 2947 hand,
559 2885 603 2945 die
631 2882 758 2942 geeselt,
776 2881 835 2941 kan
867 2878 930 2938 niet
953 2876 1066 2936 aflaten
1103 2875 1130 2935 te
1158 2870 1339 2930 liefkoozen,
1362 2870 1407 2930 hij

99 2900 154 2960 ng
184 2896 239 2956 van
270 2893 325 2953 ons

1442 2916 1518 2976 gen,
1540 2912 1599 2972 hun
1629 2912 1672 2972 die
1702 2908 1936 2968 motiveeringen
1971 2905 1996 2965 in
2031 2903 2077 2963 den
2107 2900 2196 2960 mond
2227 2900 2252 2960 te
2278 2897 2401 2957 leggen,
2423 2893 2465 2953 die

2514 2920 2729 2980 Vandaar-uit
2762 2918 2809 2978 tot
2842 2915 2893 2975 een
2931 2915 3113 2975 „demasqué
3151 2910 3267 2970 ders

98 2934 223 2994 hoezeer
265 2932 315 2992 ook
372 2927 427 2987 kan
464 2925 529 2985 niet
557 2923 608 2983 van
641 2921 701 2981 zich
734 2918 887 2978 afstooten
920 2915 980 2975 wat
1008 2917 1054 2977 nij
1078 2912 1295 2972 terzelfdertijd
1328 2909 1393 2969 toch

1438 2951 1621 3011 ongekende
1643 2947 1789 3007 roerselen
1819 2947 1840 3007 in
1870 2945 1904 3005 de
1926 2941 2140 3001 menschelijke
2166 2938 2226 2998 ziel
2243 2933 2478 2993 verhelderden,

2517 2958 2626 3018 komen
2652 2957 2677 3017 en
2709 2956 2740 3016 de
2761 2953 2906 3013 rekening
2932 2953 2978 3013 van
3010 2952 3056 3012 een
3083 2950 3212 3010 verloren
3243 2949 3269 3009 sp

371 2965 485 3025 hoont,
512 2962 542 3022 en
586 2962 612 3022 in
652 2960 683 3020 al
714 2959 766 3019 zijn
806 2956 933 3016 stukken
978 2953 1118 3013 ontmoet
1149 2950 1214 3010 men
1255 2947 1395 3007 tenslotte

99 2977 172 3037 en,
194 2973 224 3033 op
257 2971 330 3031 wier

1442 2990 1508 3050 die,
1530 2989 1556 3049 in
1587 2987 1640 3047 het
1667 2986 1816 3046 verfijnde
1843 2983 1957 3043 detail,
1976 2980 2023 3040 een
2059 2976 2297 3036 onaantastbare
2328 2971 2473 3031 hernieu¬

2510 2997 2645 3057 daartoe
2678 2996 2701 3056 is
2734 2995 2766 3055 de
2804 2992 2968 3052 daadlooze
3001 2989 3173 3049 Schnitzler
3207 2986 3271 3046 niet

367 3004 548 3064 nauweliiks
585 3000 634 3060 één
680 2995 816 3055 rechtuit
853 2994 1066 3054 antipathieke
1103 2990 1225 3050 figuur.
1253 2988 1393 3048 ofschoon

132 3011 320 3071 generante

1445 3028 1519 3088 wing
1549 3025 1594 3085 der
1615 3024 1931 3084 tooneelpsychologie
1956 3016 2176 3076 beteekenden.
2193 3013 2321 3073 Heiligen
2351 3010 2400 3070 zijn
2430 3010 2467 3070 wi

112 3052 126 3112 d
157 3051 237 3111 had,
257 3049 318 3109 zich
373 3043 413 3103 zij
439 3042 503 3102 stuk
540 3040 605 3100 voor
630 3037 695 3097 stuk
731 3037 761 3097 bi
797 3034 998 3094 eenvoudiger
1023 3030 1189 3090 schrijvers
1215 3028 1249 3088 de
1275 3027 1325 3087 rol
1346 3025 1400 3085 van

1447 3071 1517 3131 geen
1557 3066 1606 3126 van
1645 3063 1716 3123 allen
1755 3062 1782 3122 en
1822 3059 1965 3119 hosvelen
1998 3055 2091 3115 zullen
2125 3054 2191 3114 niet
2219 3052 2241 3112 in
2274 3049 2478 3109 Schnitzler's
2517 3037 2600 3097 bleef
2622 3037 2748 3097 zichzelf
2766 3032 2947 3092 verstrikken
2976 3031 3003 3091 in
3031 3031 3173 3091 uitwegen
3202 3028 3228 3088 en
3262 3030 3295 3090 pe

2510 3076 2572 3136 liet
2596 3076 2649 3136 ons
2668 3073 2807 3133 gelooven
2831 3070 2862 3130 en
2889 3067 3088 3127 wantrouwen
3116 3066 3256 3126 tegelijk.

371 3082 426 3142 den
456 3081 580 3141 marqué
606 3077 636 3137 of
658 3076 708 3136 den
739 3075 884 3135 verleider
911 3072 1026 3132 hadden
1056 3069 1175 3129 kunnen
1206 3067 1411 3127 belichamen.

1447 3107 1600 3167 „helden"
1624 3103 1656 3163 de
1684 3103 1800 3163 figuren
1833 3098 1963 3158 dekt
1987 3094 2121 3154 hebben,
2140 3091 2186 3151 die
2215 3091 2307 3151 waren
2340 3088 2400 3148 wat
2424 3088 2456 3148 zi

2522 3112 2770 3172 compliceerdste
2798 3109 2943 3169 schrijver
2970 3106 3020 3166 van
3052 3106 3106 3166 zijn
3138 3103 3210 3163 tijd:
3233 3103 3264 3163 or

375 3121 445 3181 Wat
467 3119 554 3179 Ibsen
586 3116 647 3176 met
670 3117 722 3177 zijn
748 3114 941 3174 principieele
968 3112 999 3172 en
1030 3109 1183 3169 vierkante
1210 3106 1306 3166 ethiek
1333 3103 1403 3163 zoo-

133 3129 228 3189 oorlog
261 3127 324 3187 dien

1443 3144 1528 3204 zelve
1560 3142 1677 3202 hadden
1709 3138 1799 3198 willen
1836 3139 1908 3199 zijn,
1931 3135 2026 3195 willen
2062 3132 2130 3192 doen
2162 3128 2193 3188 en
2230 3126 2320 3186 willen
2356 3124 2482 3184 zeggen,

2520 3152 2554 3212 en
2579 3150 2657 3210 soms
2677 3147 2922 3207 onaantastbaar
2937 3144 3045 3204 niveau
3070 3144 3094 3204 en
3124 3141 3197 3201 juist
3217 3141 3290 3201 daar

376 3163 452 3223 juist
493 3158 538 3218 als
579 3156 692 3216 schade
724 3152 778 3212 der
810 3150 1036 3210 maatschappi
1069 3147 1122 3207 had
1155 3146 1294 3206 ontdekt,
1317 3141 1403 3201 dekte

103 3168 162 3228 en
198 3165 333 3225 hebben,

1442 3183 1520 3243 voor
1560 3180 1618 3240 zij,
1631 3179 1701 3239 door
1729 3177 1759 3237 de
1782 3174 1984 3234 meesterlijke
2011 3168 2192 3228 ontrafeling
2223 3167 2271 3227 van
2307 3165 2373 3225 deze
2395 3162 2474 3222 figu¬

2518 3189 2657 3249 stelling.
2681 3189 2810 3249 „Arthur
2839 3183 3034 3243 Schnitzler's
3062 3181 3131 3241 Fall
3160 3180 3234 3240 wäre
3257 3179 3275 3239 e

363 3199 552 3259 Schnitzler
583 3195 803 3255 vergoelijkend
843 3189 918 3249 weer
953 3187 1015 3247 toe.
1046 3186 1160 3246 Ibsen's
1196 3183 1345 3243 waarheid
1381 3181 1407 3241 is

107 3207 175 3267 erk
207 3207 233 3267 is
296 3203 332 3263 de

1446 3222 1520 3282 ren,
1534 3220 1613 3280 tegen
1644 3219 1675 3279 de
1697 3216 1891 3276 bedoelingen
1917 3213 1970 3273 van
1997 3211 2045 3271 den
2072 3208 2230 3268 schrijver,
2244 3206 2314 3266 doch
2341 3202 2402 3262 met
2425 3204 2472 3264 zijn

2519 3228 2553 3288 er
2584 3225 2755 3285 schlechter
2786 3220 2886 3280 läge",
2907 3222 3027 3282 schreef
3058 3219 3158 3279 Alfred
3194 3217 3269 3277 Kerr

376 3237 579 3297 Schnitzler's
607 3234 728 3294 leugen,
756 3230 878 3290 schreef
905 3228 964 3288 Top
996 3225 1095 3285 Naeff
1123 3225 1222 3285 reeds.
1245 3222 1403 3282 Daardoor

107 3247 188 3307 had,
205 3243 331 3303 feitelik

1449 3258 1503 3318 voo
1524 3258 1648 3318 kennis,
1670 3255 1857 3315 dcorzagen,
1878 3252 1932 3312 dat
1962 3251 1995 3311 de
2025 3246 2262 3306 natuurlijkheid
2296 3241 2345 3301 des
2375 3240 2474 3300 levens

2522 3264 2803 3324 langzamerhand,
2821 3261 2862 3321 bij
2880 3261 2948 3321 deze
2976 3261 3080 3321 rijpere
3108 3256 3253 3316 stukken,

363 3279 402 3339 is
433 3278 464 3338 de
495 3276 574 3336 ware
601 3274 737 3334 tragedie
768 3270 812 3330 bij
834 3268 1006 3328 Schnitzler
1037 3264 1178 3324 tenslotte
1209 3263 1244 3323 de
1271 3261 1407 3321 tragedie

102 3285 138 3345 n
171 3282 327 3342 „stervend

1447 3299 1642 3359 diametraal
1669 3294 1910 3354 daartegenover
1942 3291 2005 3351 lag.
2028 3288 2227 3348 Schnitzler's
2255 3281 2386 3341 egoisten
2428 3279 2477 3339 zijn

2522 3303 2639 3363 invloed
2672 3302 2840 3362 losmaakte
2868 3299 2901 3359 en
2934 3297 2948 3357 —
2995 3297 3159 3357 tegenover
3187 3294 3266 3354 Juliu

379 3318 436 3378 van
472 3315 519 3375 den
555 3312 748 3372 comediant.
770 3309 848 3369 „Wir
875 3308 985 3368 spielen
1020 3306 1090 3366 alle,
1112 3304 1169 3364 wer
1200 3303 1226 3363 es
1257 3301 1340 3361 weiss
1367 3300 1406 3360 ist

102 3323 244 3383 stukken
283 3320 335 3380 at-

1438 3338 1516 3398 even
1552 3335 1670 3395 zoovele
1702 3335 1825 3395 levende
1856 3330 2019 3390 menschen
2055 3326 2226 3386 geworden.
2249 3323 2314 3383 Dat
2341 3321 2385 3381 hij
2412 3321 2468 3381 hun

2523 3341 2557 3401 en
2587 3340 2715 3400 Polgar,
2735 3340 2779 3400 die
2809 3338 2892 3398 mede
2922 3336 3089 3396 behoorden
3129 3332 3173 3392 tot
3199 3334 3232 3394 de
3262 3333 3291 3393 z0

374 3357 469 3417 klug"
503 3353 618 3413 dichtte
652 3347 1042 3407 Paracelsus-Schnitzler,
1071 3342 1100 3402 en
1142 3338 1274 3398 terstond
1316 3339 1411 3399 denkt

102 3364 161 3424 iin
196 3362 328 3422 tweeden

1448 3376 1562 3436 vergaf
1586 3374 1614 3434 en
1648 3371 1715 3431 met
1739 3371 1791 3431 hen
1825 3368 1954 3428 heulde,
1978 3365 2078 3425 neemt
2108 3364 2169 3424 niet
2198 3362 2270 3422 weg,
2294 3358 2346 3418 dat
2371 3356 2399 3416 in
2433 3356 2485 3416 het

2523 3379 2589 3439 zeer
2619 3380 2758 3440 innerlijk
2792 3377 3066 3437 samenhangende
3101 3372 3240 3432 „school"

371 3396 445 3456 men
481 3393 608 3453 daarbij
635 3389 688 3449 aan
728 3389 758 3449 de
794 3386 838 3446 tot
873 3383 1027 3443 vervelens
1058 3383 1106 3443 toe
1138 3380 1304 3440 geciteerde
1340 3377 1415 3437 „op¬

151 3402 230 3462 „Der
260 3401 330 3461 Weg

379 3430 511 3490 dracht“
542 3430 589 3490 van
625 3430 673 3490 den
709 3425 879 3485 verwanten
910 3424 962 3484 von
994 3421 1257 3481 Hofmannsthal,
1275 3417 1318 3477 die
1345 3416 1402 3476 zich
1459 3414 1533 3474 feit,
1556 3413 1608 3473 dat
1639 3412 1665 3472 zi
1705 3410 1748 3470 bij
1775 3408 1828 3468 hem
1872 3407 1902 3467 te
1938 3406 2038 3466 biecht
2070 3402 2192 3462 gingen,
2241 3394 2477 3454 motiveeringen

2525 3419 2680 3479 uiteraard
2710 3419 2784 3479 juist
2808 3416 2900 3476 onder
2924 3413 2958 3473 de
2988 3411 3282 3471 tooneelbeoordeele

142 3442 206 3502 het
234 3437 339 3497 sinds¬

1449 3452 1573 3512 bewust
1599 3449 1735 3509 werden,
1760 3449 1806 3509 die
1831 3446 1906 3506 noch
1942 3443 2012 3503 voor
2038 3443 2092 3503 hem
2133 3440 2208 3500 noch
2239 3439 2279 3499 na
2310 3436 2365 3496 hem
2411 3434 2480 3494 door

2519 3461 2581 3521 zijn
2610 3458 2768 3518 scherpste
2793 3455 2918 3515 criticus
2942 3452 3038 3512 werd.

375 3473 529 3533 daartoe,
547 3470 749 3530 geaffecteerd
780 3467 802 3527 in
833 3465 886 3525 zijn
917 3461 1199 3521 aesthetiseerende
1226 3458 1415 3518 jongelings¬

99 3481 146 3541 t.
163 3479 221 3539 Het
248 3476 338 3536 vifde

1459 3493 1511 3553 een
1542 3488 1811 3548 tooneelschrijver
1838 3485 1930 3545 waren
1966 3482 2094 3542 onthuld

2566 3497 2635 3557 Wat
2657 3497 2720 3557 men
2749 3494 2853 3554 echter
2875 3492 3044 3552 Schnitzier
3065 3491 3148 3551 laten
3178 3490 3254 3550 moet

375 3517 498 3577 extase,
516 3513 622 3573 achter
649 3510 699 3570 den
726 3508 914 3568 bucolischen
949 3506 1025 3566 naam
1064 3503 1146 3563 Loris
1172 3501 1312 3561 verborg:
1334 3498 1407 3558 „a'sc

106 3520 150 3580 at
175 3520 219 3580 ten
255 3518 343 3578 decle

1492 3529 1616 3589 Daarom
1653 3526 1757 3586 echter
1783 3523 1868 3583 hoeft
1889 3523 1954 3583 men
1985 3520 2035 3580 nog
2065 3519 2125 3579 niet
2146 3518 2176 3578 al
2196 3516 2246 3576 zijn
2277 3513 2462 3573 tooneelstuk

2525 3541 2634 3601 gingen
2662 3537 2703 3597 ten
2730 3532 2866 3592 opzichte
2888 3532 2941 3592 van
2973 3530 3019 3590 den
3047 3529 3157 3589 inhoud
3189 3527 3236 3587 van
3268 3529 3294 3589 zi

382 3553 496 3613 spielen
532 3550 584 3610 wir
611 3548 760 3608 Theater.
782 3544 887 3604 spielen
923 3543 1019 3603 uns're
1050 3538 1164 3598 eig'nen
1195 3536 1304 3596 Stücke
1340 3533 1406 3593 früh

104 3559 217 3619 zin
258 3555 342 3615 soort

1442 3571 1510 3631 ken
1542 3568 1582 3628 als
1606 3565 1888 3625 gedramatiseerde
1916 3559 2071 3619 bijdragen
2098 3557 2143 3617 tot
2167 3555 2198 3615 de
2226 3551 2485 3611 psycho-analyse

2522 3577 2792 3637 onvergankelijke
2830 3573 2947 3633 waarde
2980 3568 3049 3628 voor
3078 3568 3133 3628 den
3171 3566 3278 3626 drama

380 3592 497 3652 gereift
520 3589 579 3649 und
606 3587 670 3647 zart
693 3586 751 3646 und
779 3584 911 3644 traurig,
929 3583 974 3643 die
997 3580 1146 3640 Komödie
1170 3576 1287 3636 uns'rer
1311 3574 1410 3634 Seele"

106 3597 339 3657 tencomedie¬

1454 3607 1487 3667 te
1518 3604 1735 3664 beschouwen,
1757 3604 1854 3664 zooals
1880 3600 1931 3660 een
1966 3598 2059 3658 zijner
2090 3593 2388 3653 wetenschappelijke
2418 3584 2482 3644 bio¬

2527 3619 2588 3679 Nog
2617 3617 2674 3677 kan
2708 3616 2789 3676 men,
2813 3613 2856 3673 als
2881 3610 2942 3670 men
2976 3610 3029 3670 den
3058 3607 3292 3667 Anatol-cyclu¬

417 3631 479 3691 Fen
509 3629 579 3689 pose
608 3625 637 3685 en
671 3625 716 3685 een
746 3622 937 3682 zelfbedrog.
954 3619 1008 3679 Een
1041 3618 1120 3678 hang
1149 3616 1224 3676 naar
1250 3613 1415 3673 aristocra¬

174 3634 335 3694 sindsdien

1459 3646 1562 3706 grafen
1599 3644 1639 3704 uit
1662 3643 1693 3703 de
1721 3640 1829 3700 school
1848 3639 1902 3699 van
1934 3634 2028 3694 Freud
2056 3633 2141 3693 deed.
2160 3628 2309 3688 Tusschen
2341 3625 2485 3685 Schnitz¬

382 3670 479 3730 tische
505 3664 766 3724 levenshouding,
783 3661 872 3721 bijns,
891 3658 933 3718 tot
959 3658 1009 3718 den
1040 3658 1112 3718 door
1134 3655 1189 3715 hem
1232 3652 1403 3712 versmader

113 3673 178 3733 een
209 3674 344 3734 variazi-

120 3716 259 3776 Welher"
286 3713 332 3773 een
379 3710 418 3770 en
445 3708 510 3768 toch
544 3706 616 3766 door
637 3704 722 3764 hem,
744 3702 796 3762 den
823 3701 915 3761 Jood,
929 3699 975 3759 als
996 3694 1313 3754 smartelijk-onberei
1327 3690 1406 3750 baar
1440 3689 1506 3749 ler
1533 3688 1565 3748 en
1606 3684 1711 3744 reud,
1732 3680 1877 3740 ge'ofs-,
1904 3677 1969 3737 at
2017 3675 2050 3735 en
2077 3670 2275 3730 arbtenoot
2296 3668 2328 3728 n,
2349 3667 2474 3727 bestaan
2614 3659 2667 3719 zin
2694 3658 2746 3718 tid
2767 3658 2845 3718 legt,
2859 3655 2905 3715 die
2926 3650 3183 3710 overweldigende
3204 3646 3289 3706 verrs
