3344 4352
1423 285 1550 345 box
1624 288 1809 348 42/6

317 290 898 350 Schnitzler's
969 286 1194 346 Death

140 288 253 348 12.

226 1046 236 1106 E

131 1113 306 1173 sioniertes

138 1153 356 1213 Ausschnitte

130 1216 214 1276 EILE
262 1216 308 1276 11

132 1264 206 1324 P-43

140 1685 226 1745 K.
244 1669 301 1729 3

736 1798 979 1858 Melancholie
1006 1795 1022 1855 —
1082 1798 1130 1858 sie
1158 1798 1234 1858 trat
1256 1798 1288 1858 in
1321 1798 1434 1858 seinem
1489 1796 1602 1856 Leben
1635 1795 1765 1855 ebenso
1798 1793 1862 1853 wic

1443 1844 1520 1904 eine
1569 1843 1712 1903 düstere
1772 1843 1843 1903 Fär

736 1846 769 1906 in
830 1846 951 1906 seiner
1013 1846 1135 1906 Kunst
1185 1846 1312 1906 zutage

139 1849 379 1909 leton.

734 1893 852 1953 bung.
875 1894 917 1954 Es
945 1894 987 1954 ist
1015 1892 1074 1952 das
1101 1894 1171 1954 Los
1198 1894 1268 1954 fast
1290 1894 1376 1954 aller
1404 1893 1673 1953 überragenden
1706 1892 1835 1952 Persön

737 1941 953 2001 lichkeiten,
980 1939 1046 1999 daß
1083 1941 1191 2001 ihnen
1228 1941 1263 2001 zu
1300 1941 1397 2001 ihren
1434 1941 1619 2001 Lebzeiten
1662 1941 1764 2001 nicht
1806 1939 1862 1999 die

136 1983 288 2043 itzlers
336 1986 459 2046 Tod.

735 1989 867 2049 ganze,
889 1989 1179 2049 allumfassende
1211 1989 1417 2049 Verehrung
1455 1990 1565 2050 zuteil
1593 1989 1698 2049 wird,
1725 1989 1777 2049 die
1815 1989 1857 2049 sie

737 2035 952 2095 verdienen.

208 2043 254 2103 vr

834 2082 931 2142 Jetzt
963 2085 1087 2145 dürfte
1123 2085 1221 2145 wohl
1252 2085 1339 2145 auch
1376 2085 1448 2145 mit
1480 2085 1536 2145 dem
1593 2085 1763 2145 Schmerz
1800 2085 1840 2145 um

133 2124 216 2184 Zeit
242 2124 312 2184 hat
339 2127 402 2187 den
448 2127 518 2187 Tod
557 2127 627 2187 mit
653 2129 684 2189 so

735 2128 793 2188 den
830 2133 999 2193 Hingang
1026 2133 1249 2193 Schnitzlers
1276 2133 1349 2193 eine
1376 2133 1598 2193 objektivere
1625 2134 1857 2194 Beurteilung

120 2171 271 2231 fachtet,
303 2174 491 2234 erforscht
527 2174 597 2234 und
639 2174 699 2234 ge¬

739 2178 857 2238 seines
894 2180 1063 2240 Wirkens
1100 2180 1167 2240 und
1203 2180 1399 2240 Schaffens
1435 2180 1533 2240 Platz
1565 2180 1719 2240 greifen.
1750 2180 1858 2240 Keine

126 2221 250 2281 itzler,
285 2222 352 2282 und
398 2223 540 2283 Freund
597 2225 681 2285 Hein

739 2228 935 2288 nörgelnde
965 2228 1116 2288 Stimme
1177 2228 1257 2288 wird
1309 2229 1408 2289 mehr
1449 2230 1525 2290 laut
1566 2230 1732 2290 werden,
1767 2231 1852 2291 denn

118 2270 216 2330 teine
265 2270 385 2330 Angst
419 2271 506 2331 oder
545 2271 697 2331 Furcht,

741 2276 1025 2336 Eifersüchtelei
1073 2277 1141 2337 und
1178 2276 1494 2336 Kritikasterwut,
1526 2276 1589 2336 wie
1621 2278 1668 2338 sie
1711 2279 1736 2339 im
1795 2279 1836 2339 be

118 2320 151 2380 he
191 2318 474 2378 Überraschung
514 2321 697 2381 bereiten,

735 2324 905 2384 rühmten
939 2324 1132 2384 deutschen
1171 2326 1414 2386 Dichterwald
1459 2327 1525 2387 nur
1564 2327 1602 2387 zu
1647 2330 1757 2390 üppig
1796 2329 1834 2389 ge

120 2366 186 2426 pne
236 2368 327 2428 Heim
377 2368 406 2428 in
450 2368 510 2428 der
548 2371 694 2431 Wiener

738 2371 890 2431 deihen,
905 2373 1047 2433 müssen
1082 2374 1283 2434 angesichts
1313 2372 1425 2432 dieses
1450 2374 1617 2434 Dichters
1647 2374 1710 2434 und
1745 2374 1857 2434 dieses

145 2414 209 2474 der
247 2416 364 2476 kalten
407 2419 690 2479 Knochenhand

750 2419 889 2479 Werkes
920 2422 1185 2482 verstummen,
1206 2423 1446 2483 verstummen
1482 2423 1541 2483 für
1567 2424 1632 2484 alle
1662 2425 1752 2485 Zeit.
1773 2425 1847 2485 Und

140 2464 316 2524 berührte
344 2467 410 2527 und
449 2467 526 2527 bald
554 2467 686 2527 darauf

743 2470 837 2530 lange
868 2470 998 2530 Jahre,
1019 2471 1240 2531 Jahrzehnte
1276 2471 1376 2531 wohl
1406 2471 1486 2531 (und
1522 2473 1582 2533 das
1607 2473 1783 2533 bedeutet
1819 2473 1843 2533 ir

124 2515 409 2575 sauslöschte.
421 2515 495 2575 Alle
526 2516 687 2576 Freunde

733 2518 885 2578 unserer
915 2518 993 2578 wild
1033 2521 1380 2581 dahinstürmenden
1420 2521 1498 2581 Zeit
1523 2521 1596 2581 fast
1626 2521 1699 2581 eine
1734 2521 1851 2581 kleine

187 2562 262 2622 und
302 2562 402 2622 jeder
438 2562 582 2622 Kenner
628 2565 692 2625 der

739 2566 935 2626 Ewigkeit)
965 2565 1045 2625 wird
1081 2568 1156 2628 man
1187 2565 1257 2625 sich
1288 2566 1328 2626 an
1364 2568 1419 2628 dem
1469 2568 1605 2628 Oeuvre
1636 2568 1857 2628 Schnitzlers

123 2610 152 2670 te
193 2610 228 2670 zu
274 2610 335 2670 den
382 2613 579 2673 Schätzern
620 2612 690 2672 die¬

733 2613 914 2673 erbauen.
934 2613 1052 2673 Schon
1087 2615 1180 2675 seine
1210 2616 1322 2676 ersten
1362 2616 1489 2676 Werke
1519 2618 1745 2678 bekundeten
1780 2619 1852 2679 eine

139 2658 208 2718 sich
240 2661 304 2721 zur
331 2660 431 2720 Feier
459 2661 575 2721 seines
602 2660 692 2720 sieb¬

734 2664 1039 2724 ungewöhnliche
1077 2664 1293 2724 Begabung.
1320 2664 1367 2724 Da
1409 2664 1483 2724 war
1515 2667 1710 2727 „Anatol“,
1758 2667 1852 2727 diese

161 2706 227 2766 der
267 2709 327 2769 ihm
406 2709 545 2769 endlich
595 2709 690 2769 volle

739 2711 844 2771 Reihe
871 2712 1067 2772 köstlicher
1094 2712 1237 2772 Skizzen
1269 2712 1332 2772 aus
1359 2712 1417 2772 der
1439 2713 1581 2773 Wiener
1608 2713 1846 2773 Gesellschaft

111 2756 146 2816 hd
194 2756 260 2816 den
309 2756 451 2816 Beweis
488 2759 678 2819 erbringen

732 2756 763 2816 in
801 2758 906 2818 denen
948 2759 995 2819 die
1028 2759 1201 2819 sinnigste
1228 2760 1465 2820 Psychologie
1497 2762 1560 2822 mit
1587 2762 1644 2822 dem
1692 2762 1839 2822 feinsten

118 2804 255 2864 Freich,
283 2806 436 2866 sondern
473 2807 558 2867 auch
595 2807 685 2867 ganz

726 2805 855 2865 Esprit
883 2807 953 2867 sich
997 2807 1208 2867 vereinigten
1252 2807 1317 2867 und
1355 2810 1652 2870 Kabinettstücke
1691 2811 1837 2871 schufen

114 2852 236 2912 schen
274 2856 305 2916 in
343 2855 400 2915 der
433 2854 554 2914 weiten
598 2855 693 2915 Welt

737 2853 801 2913 wie
832 2855 881 2915 sie
912 2855 1083 2915 Lavedan
1118 2858 1188 2918 und
1229 2857 1379 2917 Donnay
1415 2858 1520 2918 nicht
1550 2861 1851 2921 wirkungsvollen

114 2901 177 2961 ler“
215 2901 246 2961 in
284 2902 341 2962 die
379 2903 687 2963 zeitgenössische

732 2903 903 2963 zustande
933 2903 1129 2963 brachten.
1149 2905 1222 2965 Und
1253 2903 1292 2963 da
1327 2905 1395 2965 war
1420 2906 1483 2966 der
1508 2907 1694 2967 berühmte
1724 2909 1837 2969 „Leut

116 2950 365 3010 schachtelten
433 2950 573 3010 Helden
631 2950 687 3010 der

735 2951 824 3011 nant
845 2950 991 3010 Gustl“,
1006 2950 1102 3010 diese
1127 2952 1373 3012 lebenswahre
1399 2953 1635 3013 Schilderung
1666 2956 1726 3016 des
1741 2956 1851 3016 öster¬

118 2998 361 3058 wunderung
404 3001 690 3061 entgegenbrin¬

733 2998 955 3058 reichischen
992 2998 1379 3058 Offizierleichtsinns,
1405 3002 1477 3062 eine
1509 3004 1736 3064 Erzählung,
1758 3007 1860 3067 nein.

129 3046 237 3106 frei
265 3049 416 3109 heraus,
450 3047 526 3107 eine
564 3049 683 3109 solche

728 3046 817 3106 eher
848 3046 893 3106 ein
929 3047 1139 3107 Sittenbild,
1160 3049 1235 3109 eine
1266 3050 1426 3110 Novelle,
1447 3052 1547 3112 nein,
1567 3052 1647 3112 eher
1678 3052 1753 3112 eine
1783 3055 1853 3115 An¬

123 3094 286 3154 rquickt,
329 3094 376 3154 sie
430 3094 525 3154 wäre
589 3097 683 3157 seine

728 3094 988 3154 klageschrift!
1023 3097 1067 3157 Es
1102 3097 1248 3157 gehörte
1288 3097 1333 3157 ein
1379 3100 1440 3160 gut
1475 3100 1582 3160 Stück
1622 3103 1853 3163 Tapferkeit.

123 3144 220 3204 esen,
242 3142 334 3202 denn
366 3144 401 3204 er
433 3144 525 3204 hatte
557 3146 582 3206 in
619 3144 675 3204 den

727 3141 809 3201 aber
840 3141 928 3201 auch
965 3144 1336 3204 unerschütterlicher
1368 3147 1620 3207 Patriotismus
1652 3148 1760 3208 dazu,
1787 3150 1843 3210 den

123 3192 166 3252 fig
199 3192 384 3252 Ursache,
407 3192 499 3252 über
527 3192 581 3252 die
614 3192 690 3252 Un¬

733 3189 939 3249 „Leutnant
965 3192 1088 3252 Gustl“
1120 3192 1155 3252 zu
1187 3192 1393 3252 schreiben,
1419 3195 1506 3255 denn
1538 3197 1743 3257 Schnitzler
1775 3198 1847 3258 war

143 3240 180 3300 zu
223 3240 376 3300 klagen.
403 3240 503 3300 Wir,
530 3240 582 3300 die
620 3240 683 3300 wir

727 3237 840 3297 selbst
861 3240 1011 3300 Offizier
1032 3240 1098 3300 und
1130 3241 1248 3301 mußte
1280 3242 1336 3302 den
1368 3243 1698 3303 militärärztlichen
1730 3246 1853 3306 Dienst

125 3285 130 3345 t
160 3287 219 3347 ihm
273 3288 307 3348 zu
348 3288 549 3348 sprechen,
584 3290 682 3350 seine

733 3285 933 3345 verlassen,
959 3288 1041 3348 weil
1068 3288 1211 3348 gewisse
1248 3289 1387 3349 Wiener
1418 3291 1536 3351 Kreise
1573 3292 1623 3352 die
1660 3295 1850 3355 Wahrheit

118 3335 236 3395 chrift
268 3335 304 3395 zu
346 3336 588 3396 vernehmen,
620 3337 681 3397 wir

727 3334 835 3394 nicht
856 3335 990 3395 hören,
1011 3337 1062 3397 ja,
1083 3335 1145 3395 den
1182 3335 1326 3395 Künder
1358 3338 1414 3398 der
1445 3338 1636 3398 Wahrheit
1662 3341 1698 3401 um
1751 3344 1843 3404 Rang

118 3384 219 3444 mmt,
246 3384 352 3444 nicht
380 3386 561 3446 erbitteri,
583 3386 689 3446 nicht

733 3381 797 3441 und
828 3383 958 3443 Namen
989 3385 1135 3445 bringen
1170 3386 1331 3446 wollten.
1352 3387 1401 3447 Ihr
1427 3389 1698 3449 jämmerliches
1719 3392 1849 3452 Begia¬

115 3430 219 3490 riffe
253 3432 314 3492 der
343 3434 492 3494 dreisten
532 3434 658 3494 jugend

722 3431 787 3491 nen
825 3431 922 3491 erlitt
950 3434 1074 3494 jedoch
1107 3434 1155 3494 ein
1189 3434 1459 3494 jämmerliches
1487 3437 1638 3497 Fiasko.

192 3482 521 3542 Gleichgültigkeit
561 3482 680 3542 seiner

812 3488 912 3548 Denn
971 3491 1087 3551 durch
1125 3492 1178 3552 die
1237 3494 1592 3554 Verfolgungssucht
1625 3494 1682 3554 der
1736 3497 1847 3557 rück¬

117 3526 208 3586 pssen

500 3531 674 3591 letzteren

323 3529 398 3589 (den

726 3535 907 3595 ständigen
938 3538 1150 3598 Soldateska
1176 3537 1190 3597 —
1246 3537 1291 3597 sie
1317 3541 1443 3601 bildete
1469 3541 1534 3601 nur
1560 3541 1655 3601 einen
1691 3544 1822 3604 kleinen

216 3577 273 3637 die
347 3581 493 3641 Jugend
561 3580 686 3640 offen¬

726 3584 833 3644 leider
860 3583 977 3643 jedoch
1009 3586 1292 3646 einflußreichen
1328 3589 1400 3649 Teil
1421 3589 1477 3649 der
1498 3589 1667 3649 einstigen
1699 3592 1740 3652 k.
1756 3592 1791 3652 u.
1812 3595 1848 3655 k.

239 3627 501 3687 Verteidigung
584 3629 681 3689 eines

722 3631 847 3691 Armee
877 3629 892 3689 —
958 3634 1104 3694 wurde.
1115 3634 1316 3694 Schnitzler
1346 3637 1512 3697 förmlich
1553 3637 1582 3697 in
1618 3638 1673 3698 die
1709 3640 1849 3700 Litera¬

191 3676 393 3736 deutschen
473 3679 686 3739 Dichtung)

722 3679 778 3739 tur
804 3679 994 3739 gedrängt.
1016 3682 1056 3742 So
1088 3682 1164 3742 muß
1196 3685 1273 3745 man
1309 3685 1489 3745 eigentlich
1521 3685 1633 3745 seinen
1665 3688 1829 3748 einstigen

125 3725 286 3785 hervor
317 3730 382 3790 und
419 3731 527 3791 gaben
564 3734 708 3794 seiner!
720 3730 883 3790 Gegnern
920 3732 1003 3792 noch
1040 3732 1141 3792 Dank
1173 3733 1274 3793 sagen
1305 3734 1364 3794 für
1389 3736 1442 3796 die
1473 3736 1618 3796 Werkc,
1642 3738 1708 3798 mit
1727 3738 1834 3798 denen

1902 1593 1971 1653 und
2014 1595 2077 1655 zur
2115 1595 2407 1655 Alimentierung
2450 1598 2508 1658 der
2546 1600 2727 1660 Industrie
2770 1602 3019 1662 notwendigen

1909 1641 2118 1701 Quantität.
2179 1643 2411 1703 Desgleichen
2456 1645 2550 1705 fehlt
2583 1646 2621 1706 es
2655 1647 2743 1707 auch
2788 1649 2826 1709 an
2871 1652 3014 1712 Arbeits

1903 1688 2019 1748 kraft;
2053 1688 2108 1748 die
2148 1691 2404 1751 entsetzlichen
2455 1693 2699 1753 Verhältnisse
2739 1697 2766 1757 im
2829 1700 3011 1760 Dongebie

1908 1792 1961 1852 der
1992 1794 2136 1854 Dichter
2167 1792 2220 1852 die
2251 1795 2347 1855 Welt
2366 1795 2540 1855 erfreute.
2565 1796 2649 1856 Eine
2680 1798 2787 1858 ganze
2818 1801 3011 1861 Bibliothel

1903 1840 2012 1900 füllen
2052 1840 2106 1900 die
2140 1842 2283 1902 Bücher
2317 1843 2554 1903 Schnitzlers,
2582 1846 2681 1906 wenn
2720 1849 2797 1909 man
2836 1849 2891 1909 die
2924 1848 3029 1908 zahl¬

1909 1888 2041 1948 reichen
2091 1889 2383 1949 Übersetzungen
2439 1894 2720 1954 hinzurechnet,
2749 1895 2803 1955 die
2843 1896 2875 1956 in
2925 1898 3013 1958 allen

1908 1936 2216 1996 Kultursprachen
2260 1938 2459 1998 vorliegen.
2492 1938 2562 1998 Von
2600 1941 2718 2001 seinen
2763 1944 3016 2004 Schauspieler

1898 1980 1991 2040 seien
2030 1982 2096 2042 nur
2152 1983 2317 2043 genann'
2357 1986 2411 2046 die
2467 1986 2643 2046 köstliche
2683 1989 2898 2049 „Liebelei“,
2926 1992 3014 2052 danx

1905 2028 2140 2088 „Freiwild“,
2170 2031 2229 2091 die
2265 2031 2464 2091 klassische
2506 2035 2700 2095 Tragödie:
2736 2037 2824 2097 „Der
2860 2040 3018 2100 Schleier

1903 2074 1964 2134 der
1993 2077 2201 2137 Beatrice",
2219 2079 2281 2139 das
2310 2079 2512 2139 tiefsinnige
2541 2083 2773 2143 Schauspiel:
2796 2088 2885 2148 „Der
2914 2089 3015 2149 junge

1911 2123 2119 2183 Medardus“
2159 2127 2226 2187 und
2272 2127 2328 2187 der
2368 2127 2436 2187 mit
2464 2129 2582 2189 seiner
2617 2130 2741 2190 heißen
2787 2133 2893 2193 Kraft
2922 2136 3012 2196 hoch

1902 2169 1988 2229 über
2026 2170 2080 2230 die
2119 2174 2291 2234 moderne
2335 2176 2671 2236 Bühnendichtung
2709 2180 3022 2240 emporsteigende

1896 2219 2093 2279 Einakter:
2122 2220 2212 2280 „Der
2241 2222 2348 2282 grüne
2383 2222 2581 2282 Kakadu",
2604 2225 2649 2285 ein
2683 2228 2949 2288 ergreifendes,
2966 2231 3022 2291 er¬

1896 2264 2154 2324 schütterndes
2192 2268 2323 2328 Drama
2371 2270 2434 2330 aus
2482 2273 2724 2333 Frankreichs
2767 2277 3025 2337 Revolutions¬

1894 2312 1980 2372 zeit,
2015 2313 2124 2373 worin
2177 2315 2246 2375 alle
2299 2318 2622 2378 weltbewegenden
2675 2322 2888 2382 politischen
2935 2327 3021 2387 Pro¬

1891 2359 2010 2419 bleme
2060 2359 2124 2419 wie
2173 2362 2434 2422 vernichtende
2467 2365 2640 2425 Gewitter
2684 2368 2792 2428 unter
2825 2369 2912 2429 Blitz
2950 2374 3015 2434 und

1895 2406 2046 2466 Donner
2079 2407 2294 2467 verheerend
2328 2412 2392 2472 und
2425 2413 2629 2473 zerstörend
2663 2419 2954 2479 niederstürzen.

1986 2455 2065 2515 Und
2098 2455 2231 2515 ebenso
2264 2458 2344 2518 groß
2382 2458 2445 2518 wie
2477 2461 2536 2521 der
2569 2464 2803 2524 Dramatiker
2830 2465 2905 2525 war
2932 2470 3017 2530 auch

1903 2503 1961 2563 der
1997 2505 2197 2565 Erzähler.
2245 2506 2327 2566 Nur
2363 2508 2498 2568 wenige
2534 2511 2627 2571 Tage
2669 2512 2739 2572 sind
2788 2515 3022 2575 verstrichen,

1895 2550 2030 2610 seitdem
2112 2550 2182 2610 wir
2237 2552 2279 2612 an
2334 2553 2447 2613 dieser
2481 2556 2589 2616 Stelle
2638 2557 2697 2617 der
2736 2562 3017 2622 Meisternovelle

1901 2598 2142 2658 Schnitzlers:
2178 2601 2337 2661 „Flucht
2367 2602 2396 2662 in
2438 2604 2490 2664 die
2526 2604 2767 2664 Finsternis“,
2797 2610 2920 2670 Worte
2956 2613 3014 2673 den

1904 2645 2132 2705 Würdigung
2162 2649 2372 2709 widmeten.
2421 2650 2469 2710 Es
2500 2651 2565 2711 war
2596 2652 2667 2712 die.
2680 2654 2782 2714 letzte
2807 2658 2932 2718 Arbeit
2957 2657 3017 2717 des

1898 2694 2085 2754 Dichters,
2119 2695 2207 2755 aber
2246 2696 2317 2756 eine
2357 2697 2473 2757 seiner
2512 2700 2728 2760 schönsten,
2756 2703 2828 2763 und
2867 2705 2927 2765 das
2961 2705 3027 2765 be¬

1898 2740 2021 2800 deutet
2050 2741 2112 2801 bei
2135 2743 2338 2803 Schnitzler
2373 2746 2588 2806 wahrhaftig
2622 2747 2723 2807 nicht
2752 2750 2887 2810 wenig.
2911 2753 3023 2813 Über¬

1896 2788 2014 2848 blickt
2037 2789 2110 2849 man
2145 2789 2172 2849 im
2218 2791 2330 2851 Geiste
2354 2792 2449 2852 seine
2473 2795 2704 2855 erzählenden
2739 2795 2885 2855 Werke,
2903 2798 2936 2858 so
2965 2799 3021 2859 ge¬

1897 2836 2021 2896 wahrt
2065 2838 2146 2898 man
2189 2837 2271 2897 hier
2315 2840 2428 2900 neben
2471 2843 2715 2903 prachtvollen
2764 2846 3013 2906 Erzählungen

1896 2882 1988 2942 wie:
2017 2885 2109 2945 „Ein
2151 2886 2375 2946 Abschied“,
2411 2891 2497 2951 „Die
2538 2891 2763 2951 griechische
2804 2894 3000 2954 Tänzerin“

1904 2929 1987 2989 „Der
2012 2932 2137 2992 blinde
2162 2935 2378 2995 Geronimo“
2409 2935 2474 2995 und
2505 2935 2601 2995 „Der
2626 2938 2811 2998 Mörder“,
2830 2941 2884 3001 die
2908 2942 3010 3002 kurze

1892 2977 2067 3037 Novelle:
2096 2980 2186 3040 „Die
2227 2982 2334 3042 Toten
2380 2984 2629 3044 schweigen“,
2669 2986 2749 3046 eine
2800 2987 2862 3047 der
2914 2989 3021 3049 groß¬

1893 3026 2066 3086 artigsten
2110 3029 2368 3089 Schöpfungen
2412 3031 2731 3091 zeitgenössischer
2775 3037 3023 3097 Erzählungs¬

1894 3074 2023 3134 kunst,
2046 3076 2103 3136 die
2137 3076 2233 3136 jedem
2285 3079 2539 3139 unvergeßlich
2574 3079 2709 3139 bleiben
2750 3082 2857 3142 wird,
2880 3084 2942 3144 der
2971 3085 3015 3145 sie

1896 3121 2053 3181 gelesen.
2105 3124 2207 3184 Denn
2247 3124 2308 3184 das
2337 3125 2490 3185 heilige:
2519 3126 2626 3186 „Stirb
2667 3127 2734 3187 und
2774 3129 2921 3189 Werde“
2956 3132 3017 3192 hat

1895 3168 1970 3228 kein
2009 3170 2203 3230 moderner
2237 3171 2496 3231 Schriftsteller
2529 3171 2561 3231 so
2594 3171 2696 3231 weise
2730 3177 2853 3237 erfaßt
2882 3177 2946 3237 und
2984 3179 3011 3239 in

1886 3215 1985 3275 solch
2024 3219 2246 3279 klassischer
2274 3219 2435 3279 Sprache
2469 3222 2696 3282 dargestellt,
2719 3222 2779 3282 wie
2813 3225 3013 3285 Schnitzlen

1896 3263 1922 3323 in
1962 3263 2083 3323 dieser
2116 3267 2248 3327 kurzen
2294 3267 2459 3327 Novelle,
2504 3267 2558 3327 die
2603 3267 2791 3327 vielleicht
2819 3272 2857 3332 am
2913 3273 3017 3333 deut¬

1895 3312 2040 3372 lichsten
2079 3314 2191 3374 zeigt,
2214 3312 2272 3372 wie
2306 3315 2343 3375 er
2370 3315 2424 3375 die
2457 3315 2699 3375 Geheimnisse
2732 3317 2796 3377 des
2824 3321 2942 3381 Todes
2969 3322 3007 3382 zu

1892 3359 2093 3419 ergründen
2131 3361 2327 3421 verstand.
2376 3362 2471 3422 Paul
2498 3362 2657 3422 Verlaine
2689 3364 2758 3424 hat
2785 3366 2849 3426 auf
2881 3368 2997 3428 seinem

1893 3406 2099 3466 Sterbebett
2126 3410 2418 3470 unzähligemale
2457 3410 2516 3470 den
2549 3410 2629 3470 Satz
2663 3412 2901 3472 wiederholt:
2923 3418 3014 3478 „Den

1891 3452 2009 3512 Weise
2049 3455 2216 3515 fürchtet
2249 3458 2308 3518 nie
2346 3458 2416 3518 und
2460 3458 2617 3518 nimmer
2655 3458 2715 3518 den
2764 3460 2878 3520 Tod!“
2943 3464 3013 3524 Das

1893 3496 1961 3556 war
2009 3502 2089 3562 eine
2142 3503 2200 3563 für
2253 3503 2306 3563 die
2349 3506 2741 3566 Literaturgeschichte
2794 3510 3011 3570 berechnete

1885 3547 2044 3607 Phrase.
2091 3550 2297 3610 Schnitzler
2328 3550 2395 3610 hat
2426 3550 2544 3610 solche
2581 3553 2735 3613 Phrasen
2777 3555 2931 3615 niemals
2962 3559 2988 3619 im

1893 3595 2022 3655 Munde
2055 3595 2221 3655 geführt,
2238 3598 2459 3658 geschweige
2492 3598 2577 3658 denn
2610 3600 2637 3660 in
2675 3601 2734 3661 der
2761 3602 2890 3662 Feder,
2913 3606 2998 3666 denn

1888 3643 1925 3703 er
1953 3643 2130 3703 fürchtete
2163 3643 2195 3703 in
2228 3644 2288 3704 der
2321 3646 2390 3706 Tat
2418 3646 2477 3706 den
2515 3646 2585 3706 Tod
2618 3649 2726 3709 nicht
2754 3649 2818 3709 und
2856 3651 2888 3711 er
2921 3654 3002 3714 wird

1887 3691 1940 3751 ihn
1977 3691 2087 3751 wohl,
2115 3691 2177 3751 wie
2204 3691 2309 3751 schon
2342 3694 2484 3754 gesagt,
2501 3696 2595 3756 ohne
2622 3696 2738 3756 Angst
2760 3697 2828 3757 und
2860 3702 3013 3762 Furcht,

1886 3738 2075 3798 vielleicht
2107 3742 2174 3802 mit
2211 3745 2309 3805 jener
2346 3747 2395 3807 ein
2438 3745 2555 3805 wenig
2593 3747 2801 3807 ironischen
2838 3750 2911 3810 und
2949 3753 2997 3813 ein
