3392 4384
160 178 278 238 kwam,
312 178 345 238 na
386 176 425 236 do
466 175 718 235 pulcatvan

156 213 256 273 Gustl"
282 213 332 273 een
362 213 446 273 einde
472 213 501 273 en
531 213 644 273 weldra
675 213 780 273 wydde
805 213 847 273 hij
864 212 927 272 zich
953 208 1015 268 uit-

151 255 283 315 sluitend
315 252 373 312 aan
404 252 439 312 de
467 250 657 310 literatuur.

199 293 238 353 De
259 291 344 351 sfeer
365 291 417 351 van
445 291 498 351 het
515 291 664 351 ouderlijk
693 288 774 348 huis,
790 288 842 348 het
863 288 1004 348 geregeld

155 330 286 390 verkeer
309 330 375 390 met
393 330 525 390 mannen
555 327 606 387 van
636 327 833 387 wetenschap
860 327 889 387 en
918 327 1013 387 kunst

156 369 186 429 en
220 369 280 429 met
307 367 341 427 de
372 367 724 427 vertegenwoordigers
751 366 808 426 van
838 366 872 426 de
903 363 1012 423 Ween¬

148 407 215 467 sche
244 404 450 464 aristocratie
475 404 522 464 uit
547 407 582 467 de
606 405 693 465 jaren
726 404 873 464 tusschen
905 401 948 461 '80
976 401 1008 461 en

154 443 215 503 '90,
230 446 283 506 het
303 445 413 505 nauwe
436 444 566 504 contact
589 443 654 503 met
673 443 707 503 de
730 440 871 500 grootste
895 440 1012 500 spelers

156 482 208 542 van
245 482 297 542 het
321 482 601 542 „Burgtheater",
626 481 670 541 dit
699 480 771 540 alles
804 479 828 539 is
857 480 913 540 van
946 479 1014 539 veel

155 520 273 580 invloed
305 519 445 579 geweest
469 519 504 579 op
536 520 740 580 Schnitzler's
768 518 1015 578 ontwikkeling,

148 560 180 620 op
228 560 282 620 het
307 557 465 617 geestelijk
501 558 627 618 gehalte
655 557 687 617 en
719 557 750 617 de
778 557 1012 617 gevoels-sfeer

152 599 211 659 van
243 597 298 657 zijn
330 596 436 656 werk.
456 596 519 656 Zijn
551 596 653 656 eerste
685 596 756 656 roem
799 594 953 654 verwierf
981 596 1024 656 hij

150 634 214 694 met
237 633 271 693 de
298 632 389 692 reeks
416 633 632 693 dramatische
659 635 822 695 dialogen,
842 632 887 692 die
914 631 1008 691 onder

156 675 200 735 den
229 673 302 733 titel
323 672 478 732 „Anatol”
512 670 634 730 (1890)
655 672 846 732 verscheen,
880 672 1022 732 waaruit

156 712 362 772 onmiddellijk
395 709 602 769 Schnitzler's
635 709 796 769 speelsche
825 709 930 769 geest,
955 712 1007 772 zijn

150 748 279 808 scherpe
304 748 362 808 kijk
390 748 421 808 op
449 748 622 808 karakters
646 748 677 808 en
705 748 960 808 verhoudingen,
976 747 1007 807 en

152 792 204 852 zijn
237 787 289 847 fijn
331 787 436 847 begrip
477 787 530 847 van
571 787 624 847 het
656 787 823 847 elsleven
860 787 917 847 van
954 787 1006 847 den

152 826 317 886 modernen
349 824 482 884 Weener
506 826 612 886 bleek,
632 823 749 883 terwil
769 823 804 883 de
828 823 910 883 lezer
938 824 1012 884 door

153 864 182 924 de
212 864 314 924 gratie
348 864 402 924 van
442 864 521 924 stijl-
547 864 581 924 en
615 864 899 924 taalbehandeling
934 864 1014 924 werd

153 903 313 963 bekoord.

195 942 245 1002 Zijn
279 942 409 1002 volgend
443 939 522 999 werk
578 942 648 1002 was
699 942 783 1002 „Das
834 939 1006 999 Märchen"

159 981 288 1041 (1891).
327 979 356 1039 In
404 978 606 1038 „Liebelei",
641 981 696 1041 het
718 978 929 1038 tooneelwerk
959 978 1015 1038 dat

146 1019 240 1079 zeker
264 1017 323 1077 wel
339 1017 393 1077 het
410 1018 539 1078 grootst
559 1017 673 1077 aantal
689 1017 901 1077 opvoeringen
925 1017 1015 1077 heeft

150 1057 275 1117 behaald
309 1056 398 1116 keert
427 1057 480 1117 het
509 1056 761 1116 Anatol-motief
811 1056 921 1116 terug.
966 1055 1010 1115 De

155 1095 304 1155 première
345 1094 401 1154 van
446 1094 624 1154 „Liebelei"
669 1095 692 1155 in
721 1094 774 1154 het
794 1094 1012 1154 Burgtheater

160 1133 268 1193 (1894)
298 1133 322 1193 is
348 1133 518 1193 schrijvers
548 1133 652 1193 eerste
682 1133 790 1193 groote
820 1133 932 1193 triomf
957 1131 1011 1191 ge¬

152 1172 260 1232 weest.
285 1172 349 1232 Ook
386 1172 438 1232 het
467 1172 624 1232 volgende
677 1172 770 1232 stuk,
819 1171 1004 1231 „Freiwild'

153 1211 265 1271 (1896)
287 1211 391 1271 speelt
408 1211 433 1271 in
458 1211 629 1271 Weensche
655 1211 805 1271 kringen.
818 1208 1006 1268 Omstreeks

149 1250 237 1310 dezen
269 1252 318 1312 tijd
350 1250 444 1310 heeft
466 1250 510 1310 hij
534 1250 587 1310 ook
623 1250 676 1310 het
717 1249 806 1309 sterk
856 1248 1016 1308 erotische

150 1288 282 1348 „Reigen
327 1285 545 1345 geschreven,
561 1286 617 1346 dat
638 1285 747 1345 echter
767 1286 819 1346 pas
844 1285 912 1345 veel
929 1288 1009 1348 later

147 1325 220 1385 werd
253 1325 478 1385 gepubliceerd
511 1324 539 1384 en
576 1324 629 1384 dat
655 1326 683 1386 in
716 1324 814 1384 1920,
835 1324 924 1384 tegen
978 1325 1010 1385 de

146 1366 307 1426 bedoeling
339 1366 394 1426 van
429 1366 480 1426 den
512 1364 685 1424 schrijver,
709 1365 885 1425 opgevoerd
917 1363 1015 1423 werd.

149 1405 274 1465 Daarna
306 1403 434 1463 volgde,
458 1402 524 1462 met
576 1402 670 1462 korte
721 1402 1014 1462 tusschenpoozen,

150 1445 229 1505 „Das
265 1441 490 1501 Vermächtnis
534 1441 676 1501 (1897);
703 1443 782 1503 „Die
818 1441 1003 1501 Gefährtin'

157 1483 288 1543 (1898);
311 1481 397 1541 „Der
429 1481 529 1541 grüne
561 1480 697 1540 Kakadu
756 1480 897 1540 (2598);
947 1482 1001 1542 zjn

147 1520 254 1580 drama
280 1521 366 1581 „Der
388 1518 529 1578 Schleier
556 1518 607 1578 der
633 1518 796 1578 Beatrice"
831 1518 947 1578 (1899)
973 1518 1002 1578 en

147 1563 177 1623 de
203 1561 293 1621 recks
315 1560 418 1620 kleine
440 1561 569 1621 stukjes
591 1560 616 1620 in
643 1560 694 1620 een
721 1560 837 1620 bedrijf
859 1559 1005 1619 waarvan

363 2762 514 2822 ARTHUR
548 2761 804 2821 SCHNITZLER,

152 2841 262 2901 vooral
308 2840 508 2900 „Literatur"
574 2838 689 2898 (1901)
720 2838 911 2898 bekendheid
941 2835 1011 2895 ver¬

157 2880 270 2940 wierf.

196 2919 254 2979 Ook
291 2919 318 2979 te
350 2917 481 2977 onzent,
505 2916 536 2976 in
568 2916 622 2976 het
655 2916 804 2976 Duitsch,
832 2913 1009 2973 opgevoerd

153 2960 217 3020 met
235 2955 401 3015 Charlotte
423 2955 538 3015 Kohler
564 2953 586 3013 in
612 2954 646 3014 de
667 2953 718 3013 rol
736 2953 787 3013 van
813 2955 1014 3015 Margarete.

195 2995 282 3055 Twee
308 2997 378 3057 jaar
399 2997 482 3057 later
508 2996 621 3056 volgde
646 2994 729 3054 „Der
750 2994 888 3054 einsame
917 2993 988 3053 Weg

153 3040 177 3100 en
207 3032 349 3092 wederom
391 3032 441 3092 een
471 3032 541 3092 jaar
567 3032 684 3092 daarna
713 3029 1014 3089 „Zwischenspiel",

156 3075 235 3135 (hier
281 3074 381 3134 onder
411 3073 460 3133 den
494 3073 569 3133 titel
594 3071 828 3131 „Intermezzo”
862 3071 1003 3131 gespeeld

147 3115 225 3175 door
252 3113 304 3173 het
327 3110 527 3170 „Vereenigd
559 3108 755 3168 Tooneel").

195 3150 255 3210 Wij
279 3151 405 3211 kunnen
441 3149 510 3209 niet
539 3149 599 3209 alle
632 3146 757 3206 werken
794 3146 850 3206 van
888 3146 1008 3206 Arthur

149 3192 325 3252 Schnitzler
373 3188 572 3248 vermelden,
616 3187 670 3247 zijn
702 3185 815 3245 oeuvre
839 3185 862 3245 is
890 3185 917 3245 te
945 3187 1011 3247 om¬

150 3232 291 3292 vangrijk
325 3229 354 3289 en
384 3228 438 3288 wij
459 3228 579 3288 moeten
610 3225 755 3285 volstaan
780 3224 847 3284 met
869 3226 906 3286 de
927 3224 1014 3284 titels

152 3268 203 3328 van
238 3268 348 3328 enkele
384 3265 651 3325 tooneelstukken
690 3264 721 3324 en
757 3262 902 3322 romans.
954 3262 1008 3322 Wi

145 3307 336 3367 herinneren
365 3307 419 3367 aan
449 3304 640 3364 „Professor
666 3301 861 3361 Bernhardi"
895 3301 1011 3361 (1912)

156 3346 204 3406 dat
228 3347 252 3407 in
281 3343 430 3403 politieke
458 3345 587 3405 kringen
620 3341 688 3401 vecl
709 3340 773 3400 stof
797 3340 930 3400 opjoeg;
951 3340 1003 3400 aan

151 3386 227 3446 „Die
280 3382 481 3442 Schwestern
538 3380 615 3440 oder
668 3379 833 3439 Casanova
866 3379 889 3439 in
926 3379 982 3439 Spa

160 3424 289 3484 (1919),
315 3423 360 3483 (te
386 3421 503 3481 onzent
529 3420 675 3480 gespeeld
709 3418 784 3478 door
810 3418 864 3478 het
889 3418 1014 3478 Rotter¬

150 3462 278 3522 damsch
312 3460 621 3520 Hofstad-tooneel)
654 3457 683 3517 en
721 3457 774 3517 aan
813 3460 896 3520 „Der
925 3460 1004 3520 gang

154 3499 208 3559 zum
251 3498 393 3558 Weiher“

199 3538 255 3598 Ook
284 3537 490 3597 Schnitzler's
514 3534 728 3594 novellistisch
757 3533 870 3593 oeuvre
895 3534 915 3594 is
939 3534 1008 3594 zeer

156 3576 349 3636 uitgebreid.
390 3576 422 3636 In
475 3573 551 3633 1892
604 3571 769 3631 verscheen
822 3570 995 3630 „Sterben"

155 3615 265 3675 waarin
297 3613 328 3673 de
352 3612 469 3672 laatste
493 3609 704 3669 levensdagen
732 3609 787 3669 van
815 3611 865 3671 een
893 3612 1011 3672 tering¬

154 3654 241 3714 lijder
262 3652 375 3712 scherp
404 3653 433 3713 en
462 3651 574 3711 pijnlijk
609 3648 783 3708 realistisch
813 3649 1004 3709 geschilderd

839 3687 872 3747 en
931 3688 1009 3748 „Die

155 3691 297 3751 worden,
319 3691 345 3751 in
380 3689 457 3749 1897
483 3691 569 3751 „Der
618 3686 781 3746 Ehrentag

159 3731 246 3791 Toten
280 3731 501 3791 schweigen“.
547 3728 676 3788 Daarna
710 3729 785 3789 „Die
819 3725 1010 3785 griechische

153 3770 324 3830 Tänzerin"
369 3767 506 3827 (1902),
532 3767 742 3827 „Casanovas
804 3764 992 3824 Heimfahrt

161 3809 292 3869 (1918),
320 3806 488 3866 „Fraulein
525 3805 615 3865 Else“
652 3803 793 3863 (1924);
820 3804 897 3864 „Die
929 3803 1006 3863 Frat

156 3849 209 3909 des
227 3846 391 3906 Richters”
422 3845 555 3905 (1925),
573 3842 857 3902 „Traumnovelle"
884 3842 1003 3902 (1926)

158 3887 276 3947 Arthur
304 3884 480 3944 Schnitzler
508 3884 637 3944 schreef
665 3881 739 3941 over
767 3881 822 3941 het
846 3881 1007 3941 algemeer

156 3925 309 3985 bemopte
358 3922 520 3982 novellen,
545 3922 695 3982 verhalen
728 3919 752 3979 in
785 3919 926 3979 dialoog-
976 3919 1003 3979 er

153 3964 416 4024 monoloog-vorm
490 3961 522 4021 en
585 3961 702 4021 slechts
734 3958 843 4018 enkele
875 3958 1000 4018 romans

158 4003 239 4063 „Der
267 4003 339 4063 Weg
366 4002 416 4062 ins
439 4000 547 4060 Freie"
585 3997 702 4057 (1908)
725 3998 860 4058 behoort
884 3997 992 4057 daarto

156 4042 187 4102 en
218 4042 266 4102 de,
289 4042 435 4102 indertijd
466 4040 492 4100 in
524 4040 604 4100 onze
631 4037 803 4097 kronieken
839 4036 891 4096 der
918 4036 998 4096 Dult

155 4081 229 4141 pche
262 4081 449 4141 Literatuur
482 4081 635 4141 uitvoerig
673 4078 863 4138 behandelde
897 4078 1003 4138 romar

166 4120 333 4180 „Therese"
372 4121 502 4181 (1928).

2668 282 2733 342 a

1935 300 2555 360 DOBSERVE

2021 360 2042 420 I.
2055 357 2179 417 österr.
2188 354 2342 414 behördl.
2356 350 2656 410 konzessioniertes

1979 396 2212 456 Unternehmen
2243 396 2290 456 für
2316 390 2700 450 Zeitungs-Ausschnitte

2041 455 2181 515 WIEN,
2208 457 2252 517 I.,
2279 452 2560 512 WOLLZEILE
2606 449 2650 509 11

2131 507 2346 567 TELEPHON
2383 501 2557 561 R-23-0-43

1893 652 2162 712 Correspondants
2189 652 2267 712 dans
2293 652 2402 712 toutes
2424 652 2467 712 les
2494 651 2584 711 gran¬

2662 667 2684 727 2

1907 775 1959 835 ait
1986 775 2017 835 du
2055 772 2217 832 Journal:

2283 844 2345 904 De
2367 850 2441 910 Tid

2242 898 2456 958 Amsterdam

1939 1121 2241 1181 ARTHUR
2296 1131 2761 1191 SCHNITZLER

2133 1235 2579 1295 OVERLEDEN

1949 1384 2052 1444 Een
2083 1389 2351 1449 talentvol,
2371 1396 2504 1456 maar
2534 1396 2793 1456 gevaarlijk

2246 1499 2497 1559 Schrijver

1988 1620 2270 1680 Woensdagavond
2302 1623 2478 1683 omstrecks
2505 1626 2602 1686 zeven
2633 1626 2686 1686 uur
2713 1626 2734 1686 is
2766 1629 2800 1689 de

1943 1665 2080 1725 bekende
2115 1671 2417 1731 tooncelschrijver,
2448 1673 2546 1733 wiens
2586 1674 2707 1734 werken
2750 1675 2801 1735 ook

1944 1714 1984 1774 ten
2017 1715 2148 1775 onzent,
2167 1717 2230 1777 o.a.
2248 1718 2325 1778 door
2353 1721 2512 1781 Verkade,
2531 1721 2580 1781 zijn
2612 1722 2812 1782 opgevoerd,

1944 1763 1983 1823 ten
2019 1763 2152 1823 gevolge
2188 1766 2286 1826 cener
2317 1768 2463 1828 beroerte
2499 1769 2685 1829 overleden.

1980 1811 2030 1871 Hij
2054 1811 2119 1871 was
2158 1811 2185 1871 15
2223 1811 2288 1871 Mei
2317 1814 2387 1874 1862
2420 1817 2448 1877 te
2486 1817 2617 1877 Weenen
2655 1820 2814 1880 geboren,

1947 1857 2028 1917 waar
2056 1859 2110 1919 zijn
2143 1860 2260 1920 vader,
2279 1862 2365 1922 prof.
2393 1864 2442 1924 dr.
2466 1865 2588 1925 Johann
2620 1867 2811 1927 Schnitzler,

1938 1907 1986 1967 een
2018 1907 2138 1967 bekend
2165 1910 2375 1970 laryncolooz
2407 1910 2486 1970 was.
2509 1912 2572 1972 Ook
2608 1913 2719 1973 Arthur
2737 1916 2804 1976 glng

1942 1956 1959 2016 in
2000 1954 2034 2014 de
2075 1957 2256 2017 medicijnen
2292 1958 2459 2018 studeeren
2499 1959 2534 2019 en
2570 1960 2804 2020 promaveerde

1943 2005 1961 2065 in
1994 2002 2064 2062 1885
2093 2002 2120 2062 te
2153 2005 2307 2065 Weenen.
2327 2005 2382 2065 Hij
2406 2007 2471 2067 was
2500 2008 2808 2068 achtereenvolgens

1943 2051 2106 2111 werkzaam
2163 2053 2218 2113 aan
2266 2054 2499 2114 verschillende
2543 2058 2715 2118 klinieken,
2754 2058 2810 2118 be¬

1943 2098 2106 2158 studeerde
2134 2101 2160 2161 te
2189 2101 2316 2161 Londen
2344 2103 2375 2163 en
2407 2104 2507 2164 Parijs
2530 2104 2585 2164 het
2608 2107 2808 2167 ziekenhuis¬

1944 2148 2042 2208 wezen
2082 2148 2116 2208 en
2159 2148 2241 2208 werd
2284 2150 2310 2210 in
2353 2151 2422 2211 1893
2461 2152 2616 2212 assistent
2651 2153 2706 2213 van
2750 2155 2801 2215 ziin

1938 2196 2050 2256 vader.
2079 2196 2172 2256 Later
2211 2196 2294 2256 werd
2333 2199 2379 2259 hij
2408 2199 2534 2259 militair
2568 2201 2699 2261 dokter,
2728 2202 2802 2262 doch

1943 2244 2042 2304 moest
2065 2244 2110 2304 uit
2133 2245 2187 2305 den
2220 2247 2378 2307 militairen
2410 2247 2514 2307 dienst
2537 2250 2664 2310 treden,
2683 2250 2714 2310 na
2746 2251 2800 2311 zijn

1943 2292 2105 2352 publicatie
2144 2295 2201 2355 van
2240 2295 2417 2355 „Leutnant
2451 2296 2565 2356 Gusti."
2604 2298 2656 2358 Hij
2690 2300 2800 2360 wijdde

1936 2343 1998 2403 zich
2034 2343 2068 2403 nu
2105 2343 2184 2403 bijna
2215 2343 2330 2403 geheel
2357 2345 2410 2405 aan
2446 2344 2477 2404 de
2508 2346 2690 2406 literatuur.

1979 2390 2005 2450 In
2041 2392 2093 2452 zijn
2129 2390 2230 2450 latere
2261 2391 2460 2451 levensjaren
2509 2393 2561 2453 zou
2610 2393 2654 2453 hij
2690 2395 2808 2455 vooral

1937 2441 1990 2501 zijn
2027 2438 2337 2498 jeugdbevindingen
2378 2441 2432 2501 der
2470 2441 2551 2501 jaren
2602 2439 2729 2499 ’80—’90
2780 2445 2802 2505 in

1935 2489 2036 2549 roman
2073 2486 2108 2546 en
2144 2489 2344 2549 tooncelstuk
2384 2488 2589 2548 verwerken.
2625 2491 2682 2551 Een
2727 2494 2802 2554 zeer

1941 2534 2056 2594 bekend
2083 2534 2118 2594 en
2145 2536 2326 2596 omstreden
2357 2537 2507 2597 zoodanig
2539 2539 2618 2599 werk
2654 2540 2715 2600 was
2747 2542 2799 2602 zijn

1941 2585 2009 2645 spel
2032 2582 2222 2642 „Professor
2254 2585 2463 2645 Bernhardi“,
2490 2587 2544 2647 dat
2572 2588 2631 2648 ook
2668 2588 2712 2648 ten
2749 2588 2803 2648 on¬

1935 2632 2008 2692 zent
2035 2632 2062 2692 is
2095 2633 2300 2693 opgevoerd.
2323 2633 2487 2693 Uitvoerig
2524 2635 2546 2695 is
2583 2635 2651 2695 toen
2688 2635 2806 2695 onzer¬

1938 2680 2012 2740 zijds
2050 2683 2254 2743 uiteengczet
2292 2680 2417 2740 waarom
2474 2683 2519 2743 we
2567 2684 2613 2744 dit
2646 2686 2720 2746 spel
2757 2686 2803 2746 af¬

1940 2727 2044 2787 wezen

1983 2776 2035 2836 Hij
2064 2776 2131 2836 was
2165 2776 2198 2836 al
2228 2778 2256 2838 in
2295 2779 2361 2839 1886
2400 2779 2467 2839 met
2496 2779 2649 2839 schrijven
2688 2781 2711 2841 in
2750 2779 2807 2839 het

1946 2823 2117 2883 „Deutsche
2159 2824 2430 2884 Wochenschrift“
2467 2826 2648 2886 begonnen,
2680 2829 2798 2889 daarna

1948 2873 1966 2933 in
1994 2871 2054 2931 „An
2088 2871 2138 2931 der
2167 2873 2301 2933 schönen
2330 2874 2436 2934 blauen
2470 2874 2613 2934 Donau“,
2637 2874 2711 2934 Toen
2744 2877 2800 2937 zijn

1944 2919 2150 2979 verrassende
2182 2921 2323 2981 dialogen
2358 2923 2453 2983 onder
2484 2924 2539 2984 den
2574 2925 2811 2985 verzameltitel

1945 2968 2090 3028 „Anatol“
2122 2968 2144 3028 in
2176 2969 2249 3029 1889
2277 2972 2490 3032 verschenen,
2514 2973 2595 3033 werd
2627 2974 2741 3034 vooral
2764 2974 2800 3034 de

1939 3018 2102 3078 aandacht
2121 3018 2157 3078 op
2185 3020 2239 3080 hem
2281 3019 2463 3079 gevestigd.

1984 3065 2152 3125 Schnitzler
2184 3065 2256 3125 wist
2284 3067 2352 3127 wat
2375 3068 2507 3128 tooneel
2535 3069 2616 3129 was.
2639 3070 2698 3130 Zijn
2735 3071 2803 3131 dia-

1943 3116 2024 3176 logen
2066 3115 2120 3175 zijn
2157 3114 2302 3174 flitsend,
2330 3118 2385 3178 zijn
2421 3119 2740 3179 karakterteckening
2777 3122 2803 3182 is

1938 3163 2032 3223 raak,
2050 3164 2105 3224 zijn
2131 3164 2337 3224 behandeling
2367 3167 2422 3227 van
2453 3167 2504 3227 een
2534 3168 2671 3228 gegeven
2702 3169 2804 3229 vllim¬

1940 3212 2047 3272 scherp
2075 3212 2107 3272 en
2131 3212 2270 3272 geestig.
2290 3214 2336 3274 Hij
2355 3215 2429 3275 kent
2453 3215 2541 3275 liefde
2565 3217 2597 3277 en
2626 3217 2807 3277 weemoed.

1935 3259 1989 3319 Zijn
2017 3259 2085 3319 taal
2104 3261 2127 3321 is
2150 3262 2291 3322 speelsch
2319 3262 2351 3322 en
2379 3265 2566 3325 melodicus.
2580 3265 2639 3325 Zijn
2663 3266 2799 3326 fantasle

1937 3307 1959 3367 is
1996 3309 2063 3369 rijk,
2095 3308 2200 3368 schler
2232 3310 2477 3370 onuitputtelijk.
2510 3313 2591 3373 Lang
2632 3313 2655 3373 is
2692 3315 2727 3375 de
2764 3317 2804 3377 rij

1933 3355 2031 3415 zijner
2057 3355 2181 3415 romans
2212 3358 2340 3418 zoowel
2358 3360 2404 3420 als
2431 3360 2525 3420 zijner
2551 3361 2804 3421 tooneelspelen.

1941 3403 1998 3463 Van
2028 3406 2082 3466 zijn
2115 3406 2369 3466 tooneclwerken
2402 3409 2531 3469 noemen
2565 3409 2606 3469 we
2635 3410 2681 3470 los
2710 3414 2801 3474 weg:

1939 3454 2017 3514 „Das
2052 3457 2244 3517 Märchen",
2269 3457 2461 3517 „Liebelei“,
2486 3457 2687 3517 „Freiwild“,
2718 3460 2800 3520 „Pa¬

1935 3501 2107 3561 racelsus",
2132 3504 2208 3564 „Der
2238 3504 2333 3564 grüne
2362 3505 2525 3565 Kakadu“,
2545 3507 2626 3567 „Der
2650 3507 2794 3567 Schleier

1938 3549 1992 3609 der
2011 3552 2196 3612 Beatrice“,
2214 3552 2291 3612 „Der
2314 3552 2449 3612 einsame
2473 3555 2585 3615 Weg“,
2600 3555 2794 3615 „Zwischen¬

1937 3597 2044 3657 spiel“,
2072 3600 2156 3660 „Der
2190 3601 2278 3661 Gang
2316 3601 2372 3661 zum
2424 3603 2569 3663 Weiher“
2611 3606 2728 3666 (drama
2770 3608 2793 3668 in

1942 3645 2067 3705 verzen)
2102 3648 2173 3708 enz.
2203 3651 2285 3711 „Der
2339 3651 2415 3711 Weg
2470 3653 2517 3713 ins
2567 3654 2677 3714 Freie“
2736 3657 2803 3717 was

1928 3695 2135 3755 Schnitzler’s
2163 3698 2307 3758 grootste
2335 3698 2465 3758 roman.

1975 3743 2024 3803 Hij
2043 3743 2106 3803 was
2134 3745 2179 3805 een
2208 3747 2444 3807 bultengomeen
2477 3749 2586 3809 talent,
2600 3752 2686 3812 maar
2710 3753 2800 3813 daur-

1934 3791 1961 3851 om
2007 3791 2079 3851 juist
2103 3793 2184 3853 werd
2217 3795 2271 3855 zijn
2304 3797 2385 3857 werk
2418 3799 2449 3859 er
2472 3800 2550 3860 vaak
2582 3800 2609 3860 te
2637 3801 2796 3861 bedenke¬

1935 3842 2018 3902 lijker
2041 3842 2107 3902 om.
2130 3843 2169 3903 Er
2192 3847 2258 3907 ging
2289 3845 2342 3905 een
2369 3848 2573 3908 suggestieve
2600 3851 2710 3911 kracht
2737 3853 2789 3913 van

1939 3890 1988 3950 uit,
2011 3890 2056 3950 die
2093 3890 2161 3950 b.v.
2184 3891 2211 3951 in
2244 3894 2411 3954 professor
2439 3896 2621 3956 Bernhardi
2649 3899 2789 3959 talriken

1938 3940 1968 4000 op
2000 3940 2052 4000 een
2089 3940 2292 4000 dwaalspoor
2320 3943 2448 4003 bracht.
2471 3946 2599 4006 Rondom
2643 3948 2696 4008 zijn
2728 3949 2798 4009 ero¬

1938 3988 2009 4048 tisch
2044 3988 2196 4048 „Relgen“
2230 3987 2253 4047 is
2283 3990 2359 4050 vecl
2383 3993 2411 4053 te
2440 3994 2516 4054 doen
2546 3997 2708 4057 gewcest.
2727 3999 2789 4059 Een

1935 4036 2012 4096 storm
2058 4036 2117 4096 van
2149 4039 2458 4099 verontwaardiging
2490 4042 2517 4102 is
2545 4043 2581 4103 er
2609 4045 2685 4105 over
2713 4047 2790 4107 heen

1933 4084 2050 4144 gegaan
2081 4087 2109 4147 en
2139 4087 2173 4147 op
2203 4090 2433 4150 verschillende
2458 4093 2595 4153 plaatsen
2625 4096 2649 4156 is
2674 4096 2708 4156 de
2738 4098 2791 4158 op¬

1938 4131 2059 4191 voering
2095 4134 2273 4194 verboden.

1971 4179 2027 4239 Een
2059 4180 2116 4240 rijk
2148 4182 2252 4242 talent
2278 4185 2304 4245 Is
2335 4186 2403 4246 hier
2430 4188 2491 4248 aan
2523 4190 2601 4250 veel
2628 4193 2794 4253 ergerlijks

1940 4233 2094 4293 verspeeld
2127 4233 2163 4293 en
2195 4233 2263 4293 met
2291 4236 2400 4296 groote
2432 4239 2673 4299 omzichtigheld
2710 4239 2778 4299 moe
