3344 4384
683 205 744 265 niet
763 207 820 267 dat
843 207 896 267 het
916 207 1179 267 meedoogenloos
1202 207 1374 267 onderzoek
1405 205 1461 265 van
1489 206 1538 266 den

683 243 836 303 speurder
867 245 973 305 steeds
1004 246 1187 306 getemperd
1230 243 1306 303 werd
1371 243 1448 303 door
1509 244 1543 304 de

677 282 756 342 fine
781 282 907 342 intuitle
935 283 990 343 van
1019 285 1070 345 den
1102 284 1320 344 begrijpenden
1349 282 1380 342 en
1408 284 1559 344 sensitie¬

682 321 731 381 ven
766 324 983 384 kunstenaar,
1006 324 1105 384 wiens
1132 322 1227 382 liefde
1258 324 1288 384 en
1323 324 1444 384 deernis
1479 323 1543 383 ten¬

683 361 776 421 slotte
811 363 846 423 de
877 362 1036 422 overhand
1075 363 1257 423 behouden.

724 400 763 460 De
792 399 867 459 rike
895 401 1148 461 schakceringen
1176 401 1231 461 van
1263 401 1314 461 het
1334 400 1405 460 snel
1430 400 1552 460 voorbij

683 437 835 497 vlietende
863 440 946 500 leven
977 440 1031 500 van
1062 440 1096 500 de
1123 440 1306 500 wereldstad
1337 439 1383 499 die
1410 438 1539 498 Weenen

681 476 769 536 heet,
786 476 875 536 heeft
895 479 935 539 hij
952 479 976 539 in
1005 479 1057 539 zijn
1086 479 1207 539 werken
1236 478 1438 538 vastgelegd.
1470 479 1535 539 Men

680 515 772 575 vindt
798 515 831 575 er
861 516 894 576 de
920 517 1041 577 ellende
1071 516 1123 576 der
1153 515 1333 575 verlorenen
1363 518 1463 578 naast
1511 518 1544 578 de

679 555 947 615 onbekommerde
985 557 1253 617 levensvreugde,
1283 557 1349 617 men
1390 557 1481 617 vindt
1511 555 1540 615 er

678 593 711 653 de
746 596 844 656 bange
875 596 961 656 strijd
996 594 1045 654 der
1076 595 1230 655 benarden
1261 595 1355 655 naast
1382 595 1416 655 de
1469 595 1541 655 ont¬

674 632 830 692 spanning
866 632 921 692 der
949 631 1023 691 door
1055 633 1227 693 voorspoed
1259 634 1290 694 en
1321 634 1411 694 geluk
1447 634 1541 694 bege¬

677 670 857 730 nadigden.
901 670 939 730 En
975 672 1061 732 altijd
1092 671 1171 731 weer
1199 670 1225 730 is
1253 671 1304 731 het
1332 673 1535 733 Schnitzler's

677 709 917 769 meesterhand,
944 709 990 769 die
1025 709 1077 769 het
1108 712 1291 772 ontworpen
1330 709 1410 769 beeld
1448 710 1539 770 over¬

680 750 943 810 tulgingskracht
986 751 1147 811 verleent,
1187 751 1233 811 die
1281 750 1335 810 het
1379 750 1453 810 voor
1501 750 1535 810 de

671 787 758 847 lezer
786 790 821 850 of
849 790 900 850 den
936 790 1310 850 schouwburgbezocker
1338 790 1535 850 waarachtig

675 827 816 887 maakt.

720 864 838 924 Arthur
863 864 1042 924 Schnitzler
1071 865 1148 925 werd
1182 867 1234 927 den
1267 864 1336 924 15en
1370 865 1434 925 Mei
1459 867 1537 927 1862

673 906 699 966 te
732 901 864 961 Weenen
895 903 1049 963 geboren,
1076 906 1149 966 zoon
1183 903 1238 963 van
1268 903 1319 963 een
1353 903 1470 963 bekend
1504 904 1533 964 en

675 942 796 1002 bemind
832 942 1044 1002 geneesheer,
1072 942 1119 1002 die
1154 942 1248 1002 onder
1280 944 1331 1004 zijn
1370 943 1531 1003 patienten

677 978 738 1038 vele
765 979 932 1039 beroemde
963 981 1210 1041 tooneelspelers
1241 981 1271 1041 en
1302 984 1420 1044 musici
1443 984 1538 1044 telde.

672 1020 715 1080 De
743 1020 841 1080 jonge
869 1019 994 1079 Arthur
1022 1020 1073 1080 zou
1109 1020 1132 1080 in
1168 1020 1199 1080 de
1231 1020 1439 1080 voetstappen
1475 1021 1529 1081 van

665 1058 724 1118 zijn
756 1056 857 1116 vader
885 1056 1010 1116 treden,
1034 1058 1202 1118 studeerde
1234 1058 1433 1118 medicijnen,
1461 1059 1531 1119 pro¬

674 1097 835 1157 meveerde
867 1097 898 1157 op
926 1097 1319 1157 drie-en-twintigjarigen
1351 1097 1468 1157 leeftijd
1500 1100 1527 1160 en

674 1133 768 1193 werd,
788 1133 886 1193 nadat
906 1135 949 1195 hij
969 1136 1036 1196 vier
1060 1137 1126 1197 jaar
1150 1138 1216 1198 lang
1244 1136 1299 1196 aan
1327 1138 1535 1198 verschillen¬

664 1175 694 1235 de
722 1172 878 1232 klinicken
909 1174 1077 1234 werkzaam
1116 1175 1180 1235 was
1204 1175 1360 1235 geweest,
1376 1176 1532 1236 assistent

675 1211 727 1271 van
751 1214 803 1274 zijn
833 1211 945 1271 vader.
963 1214 1059 1274 Later
1084 1214 1161 1274 werd
1189 1214 1233 1274 hij
1251 1214 1371 1274 officier
1397 1212 1453 1272 van
1481 1215 1533 1275 ge¬

666 1250 816 1310 zondheld
856 1253 947 1313 maar
979 1253 1038 1313 aan
1074 1253 1129 1313 zijn
1165 1253 1335 1313 militairen
1371 1253 1529 1313 loopbaan

665 1288 790 1348 kwam,
826 1289 861 1349 na
905 1289 943 1349 de
983 1290 1155 1350 publicatie
1183 1291 1238 1351 van
1265 1291 1316 1351 zijn
1348 1291 1528 1351 „Leutnant

670 1327 778 1387 Gustl"
807 1327 855 1387 een
884 1329 968 1389 einde
993 1328 1024 1388 en
1053 1330 1162 1390 weldra
1191 1330 1299 1390 wyjdde
1320 1330 1364 1390 hij
1381 1330 1445 1390 zich
1473 1331 1529 1391 uit-

668 1366 802 1426 sluitend
837 1366 891 1426 aan
926 1366 960 1426 de
987 1366 1175 1426 literatuur.

711 1405 755 1465 De
775 1405 860 1465 sfeer
885 1405 933 1465 van
962 1405 1014 1465 het
1034 1405 1180 1465 ouderlijk
1209 1407 1289 1467 huis,
1306 1408 1358 1468 het
1379 1408 1524 1468 geregeld

668 1442 802 1502 verkeer
823 1443 887 1503 met
909 1444 1039 1504 mannen
1068 1444 1125 1504 van
1150 1444 1348 1504 wetenschap
1374 1447 1405 1507 en
1434 1447 1529 1507 kunst

669 1483 699 1543 en
733 1482 797 1542 met
824 1481 858 1541 de
889 1483 1242 1543 vertegenwoordigers
1269 1483 1321 1543 van
1356 1483 1390 1543 de
1421 1485 1530 1545 Ween¬

664 1521 732 1581 sche
760 1519 965 1579 aristocratle
993 1521 1038 1581 uit
1066 1521 1099 1581 de
1127 1521 1210 1581 jaren
1241 1521 1386 1581 tusschen
1417 1521 1462 1581 '80
1493 1523 1523 1583 en

668 1558 732 1618 '90,
748 1560 801 1620 het
820 1558 930 1618 nauwe
953 1559 1086 1619 contact
1106 1560 1170 1620 met
1189 1560 1223 1620 de
1246 1560 1387 1620 grootste
1410 1561 1527 1621 spelers

665 1594 721 1654 van
754 1599 806 1659 het
835 1597 1116 1657 „Burgtheater",
1141 1599 1185 1659 dit
1214 1599 1287 1659 alles
1315 1597 1339 1657 is
1372 1598 1425 1658 van
1462 1600 1530 1660 veel

659 1635 778 1695 invloed
814 1635 956 1695 geweest
981 1636 1016 1696 op
1048 1638 1254 1698 Schnitzler's
1282 1638 1536 1698 ontwikkeling,

663 1674 698 1734 op
750 1677 804 1737 het
828 1674 989 1734 geestelijk
1021 1677 1146 1737 gehalte
1174 1676 1205 1736 en
1237 1677 1269 1737 de
1296 1677 1528 1737 gevoels-sfeer

664 1713 719 1773 van
751 1713 806 1773 zijn
842 1713 944 1773 werk.
968 1713 1027 1773 Zijn
1063 1713 1161 1773 eerste
1193 1713 1263 1773 roem
1311 1713 1461 1773 verwierf
1489 1717 1532 1777 hij

657 1751 728 1811 met
752 1751 785 1811 do
812 1751 903 1811 reeks
930 1751 1146 1811 dramatische
1173 1753 1336 1813 dialogen,
1356 1753 1401 1813 die
1428 1754 1526 1814 onder

662 1790 714 1850 den
739 1790 815 1850 titel
832 1790 990 1850 „Anatol"
1023 1790 1141 1850 (1890)
1165 1790 1356 1850 verscheen,
1389 1793 1530 1853 waarult

663 1829 876 1889 onmiddellijk
910 1829 1119 1889 Schnitzler's
1149 1829 1312 1889 speelsche
1342 1830 1450 1890 geest,
1472 1832 1526 1892 zijn

657 1868 795 1928 scherpe
819 1868 877 1928 kijk
905 1868 936 1928 op
965 1868 1138 1928 karakters
1162 1868 1193 1928 en
1221 1868 1477 1928 verhoudingen,
1493 1872 1524 1932 en

656 1907 708 1967 zijn
746 1907 798 1967 fijn
840 1906 946 1966 begrip
987 1904 1040 1964 van
1082 1904 1134 1964 het
1168 1906 1331 1966 zlelsieven
1373 1907 1429 1967 van
1471 1910 1520 1970 den

659 1939 828 1999 modernen
860 1942 990 2002 Weener
1018 1945 1124 2005 bleek,
1144 1943 1262 2003 terwyl
1282 1945 1313 2005 de
1341 1945 1423 2005 lezer
1447 1948 1522 2008 door

660 1981 695 2041 de
728 1981 833 2041 gratie
862 1984 918 2044 van
951 1984 1031 2044 stijl-
1060 1984 1091 2044 en
1128 1984 1403 2044 taalbehandeling
1439 1987 1520 2047 werd

662 2021 830 2081 bekoord.

695 2062 753 2122 Zijn
788 2062 918 2122 volgend
952 2059 1033 2119 werk
1088 2062 1155 2122 was
1207 2062 1295 2122 „Das
1342 2064 1498 2124 Märchen

669 2099 798 2159 (1891).
836 2101 869 2161 In
916 2099 1117 2159 „Liebelei",
1151 2101 1205 2161 het
1230 2101 1439 2161 tooneelwerk
1473 2104 1527 2164 dat

659 2137 753 2197 zeker
777 2137 836 2197 wel
852 2139 906 2199 het
923 2138 1052 2198 grootst
1072 2137 1186 2197 aantal
1202 2141 1410 2201 opvoeringen
1438 2143 1528 2203 heeft

655 2178 787 2238 behaald
819 2178 910 2238 keert
938 2178 993 2238 het
1022 2178 1276 2238 Anatol-motief
1325 2179 1440 2239 terug.
1484 2181 1528 2241 De

656 2214 810 2274 première
851 2214 908 2274 van
953 2214 1133 2274 „Liebelel"
1178 2217 1202 2277 in
1231 2217 1283 2277 het
1304 2217 1524 2277 Burgtheater

666 2256 778 2316 (1894)
807 2255 835 2315 is
860 2254 1033 2314 schrijvers
1062 2256 1163 2316 eerste
1192 2256 1301 2316 groote
1330 2259 1443 2319 triomf
1471 2260 1523 2320 ge¬

654 2292 770 2352 weest.
795 2292 859 2352 Ook
896 2292 948 2352 het
977 2295 1134 2355 volgende
1183 2295 1280 2355 stuk,
1329 2295 1514 2355 „Freiwild"

666 2331 779 2391 (1896)
799 2331 900 2391 speelt
921 2332 945 2392 in
970 2332 1144 2392 Weensche
1169 2334 1314 2394 kringen.
1331 2334 1521 2394 Omstreeks

656 2370 745 2430 dezen
773 2372 826 2432 tyd
855 2370 945 2430 heeft
970 2372 1018 2432 hyj
1039 2372 1091 2432 ook
1124 2372 1177 2432 het
1222 2372 1307 2432 sterk
1361 2374 1519 2434 erotische

657 2411 794 2471 „Reigen
841 2408 1056 2468 geschreven,
1072 2411 1126 2471 dat
1146 2410 1255 2470 echter
1275 2408 1330 2468 pas
1354 2410 1420 2470 veel
1440 2413 1517 2473 later

657 2447 737 2507 werd
766 2447 993 2507 gepubliceerd
1021 2447 1053 2507 en
1086 2449 1143 2509 dat
1167 2450 1191 2510 in
1224 2450 1321 2510 1920,
1342 2450 1430 2510 tegen
1488 2451 1519 2511 de

655 2487 812 2547 bedoeling
848 2489 903 2549 van
935 2489 989 2549 den
1021 2489 1190 2549 schrijver,
1214 2489 1391 2549 opgevoerd
1423 2489 1525 2549 werd.

653 2525 781 2585 Daarna
816 2527 945 2587 volgde,
968 2526 1036 2586 met
1085 2528 1176 2588 korte
1229 2528 1521 2588 tusschenpoozen,

654 2568 741 2628 „Das
778 2564 1003 2624 Vermächtnis
1048 2567 1185 2627 (1897);
1212 2567 1291 2627 „Die
1327 2569 1512 2629 Gefährtin"

659 2603 795 2663 (1898);
823 2605 911 2665 „Der
938 2602 1040 2662 grüne
1071 2604 1208 2664 Kakadu
1271 2605 1408 2665 (1898);
1461 2608 1514 2668 zijn

653 2641 761 2701 drama
790 2644 873 2704 „Der
898 2641 1040 2701 Schleier
1065 2642 1115 2702 der
1140 2644 1302 2704 Beatrice"
1336 2643 1456 2703 (1899)
1482 2647 1510 2707 en

653 2686 684 2746 de
709 2685 801 2745 reeks
826 2683 927 2743 kleine
951 2686 1076 2746 stukjes
1101 2686 1125 2746 in
1154 2686 1202 2746 een
1230 2686 1339 2746 bedrijf
1363 2686 1508 2746 waarvan

859 3884 1008 3944 ARTHIUR
1045 3884 1303 3944 SCHNITZLER.

648 3958 760 4018 vooral
802 3961 1008 4021 „Literatur"
1069 3961 1186 4021 (1901)
1214 3961 1410 4021 bekendheid
1439 3962 1513 4022 ver¬

650 4000 762 4060 wierf.

692 4037 752 4097 Ook
790 4039 817 4099 te
851 4036 980 4096 onzent,
1004 4037 1031 4097 in
1069 4036 1120 4096 het
1148 4038 1296 4098 Duitsch,
1325 4039 1501 4099 opgevoerd

644 4080 710 4140 met
731 4076 898 4136 Charlotte
919 4077 1036 4137 Kohler
1061 4077 1081 4137 in
1107 4077 1140 4137 de
1161 4075 1211 4135 rol
1228 4075 1282 4135 van
1307 4078 1511 4138 Margarete.

693 4117 779 4177 Twee
805 4117 878 4177 jaar
900 4116 981 4176 later
1008 4117 1119 4177 volgde
1141 4117 1222 4177 „Der
1249 4117 1386 4177 einsame
1412 4119 1506 4179 Weg'

643 4155 674 4215 en
703 4155 848 4215 wederom
889 4153 937 4213 een
966 4152 1038 4212 jaar
1058 4152 1175 4212 daarna
1204 4155 1490 4215 „Zwischenspiel"

651 4194 734 4254 (hier
783 4194 880 4254 onder
907 4194 959 4254 den
990 4194 1065 4254 titel
1087 4193 1321 4253 „Intermezzo"
1352 4194 1497 4254 gespeeld

644 4233 721 4293 door
744 4233 798 4293 het
822 4234 1017 4294 „Vercenigd
1045 4233 1241 4293 Tooncel").
