3392 4320
1565 219 1694 279 box
1772 215 2001 275 43/26

270 235 394 295 12.
454 238 1054 298 Schuilzler's
1122 229 1354 289 Deatl

406 766 1128 826 OBSERVER

491 825 518 885 I.
533 825 652 885 österr.
671 822 819 882 behördl.
838 816 1133 876 konzessioniertes

462 870 693 930 Unternehmen
722 864 769 924 für
793 858 1166 918 Zeitungs-Ausschnitte

508 925 661 985 WIEN,
675 926 724 986 I.,
746 919 1031 979 WOLLZEILE
1081 918 1122 978 11

601 977 823 1037 TELEPHON
861 970 1031 1030 R-23-0-43

404 1126 629 1186 Ausschnitt
659 1121 722 1181 aus

1473 1226 1890 1286 Artur
2001 1228 2851 1288 Schnitzlers

777 1341 847 1401 22
885 1330 1014 1390 OKT.
1028 1323 1133 1383 1931

407 1351 526 1411 vom:

2418 1358 2989 1418 Nachlaß

1332 1363 2268 1423 literarischer

1327 1458 1454 1518 Der
1511 1458 1944 1518 literarische
2001 1455 2289 1515 Nachlaß
2330 1455 2754 1515 verwalter:
2787 1455 3051 1515 Doktor

1945 1524 2158 1584 Franz
2215 1524 2428 1584 Horch

735 1527 999 1587 Schnitzler

704 1577 766 1637 Von
799 1581 882 1641 Exon
909 1581 1060 1641 Friedell.

2221 1598 2271 1658 kam
2328 1598 2390 1658 man
2441 1600 2490 1660 mit
2529 1599 2628 1659 seiner
2666 1599 2879 1659 Zustimmung
2923 1597 2960 1657 zu
2999 1596 3054 1656 dem

1361 1599 1457 1659 Artur
1480 1599 1651 1659 Schnitzler
1674 1601 1730 1661 hat
1754 1602 1787 1662 zu
1810 1599 1912 1659 seinen
1942 1599 2100 1659 Lebzeiten

479 1640 574 1700 Artur
599 1639 767 1699 Schnitzler
792 1640 844 1700 hat
869 1643 921 1703 das
946 1640 1133 1700 Sittenstück
1163 1640 1220 1700 auf
1240 1640 1302 1700 eine

2212 1643 2354 1703 Elnfall,

1359 1649 1418 1709 Dr.
1443 1649 1541 1709 Franz
1577 1652 1700 1712 Horch,
1735 1650 1788 1710 den
1829 1652 2055 1712 Dramaturgen
2095 1650 2149 1710 der

434 1683 649 1743 menschliche
685 1683 742 1743 und
778 1685 1003 1745 künstlerische
1039 1684 1118 1744 Höhe
1153 1685 1290 1745 gehoben

2253 1694 2409 1754 „Präulein
2441 1692 2525 1752 Else“
2556 1691 2597 1751 als
2622 1691 2749 1751 Novelle
2780 1691 2834 1751 auf
2853 1691 2907 1751 der
2932 1691 3028 1751 Bühne

1358 1694 1675 1754 Reinhardt-Bühnen
1712 1696 1739 1756 In
1776 1695 1895 1755 Berlin,
1928 1693 1982 1753 mit
2015 1694 2070 1754 dem
2121 1695 2152 1755 er

440 1726 496 1786 wie
520 1729 562 1789 eie
585 1727 632 1787 die
655 1727 824 1787 Franzosen
853 1729 899 1789 nie
927 1727 1059 1787 erreicht
1083 1727 1199 1787 haben.
1219 1727 1302 1787 Seine

2525 1736 2758 1796 aufzuführen.

1363 1739 1432 1799 sehr
1461 1738 1648 1798 befreundet
1672 1739 1752 1799 war,
1767 1739 1818 1799 zum
1861 1737 2029 1797 Verwalter
2053 1739 2151 1799 seines

444 1769 551 1829 Wesen
586 1770 734 1830 bestehen
769 1771 852 1831 nicht
882 1773 965 1833 mehr
990 1771 1049 1831 aus
1098 1771 1182 1831 einer
1231 1771 1304 1831 oder

1448 1781 1660 1841 literarischen
1690 1784 1873 1844 Nachlasses
1898 1783 2067 1843 bestimmt.

2214 1788 2313 1848 Oskar
2343 1790 2500 1850 Strnad
2530 1787 2614 1847 hatte
2645 1786 2715 1846 auch
2744 1784 2866 1844 bereits
2888 1784 2974 1844 einen
3003 1781 3081 1841 Ent¬

433 1813 521 1873 zwei
542 1813 590 1873 See
611 1813 665 1873 en,
680 1816 812 1876 sondern
843 1816 897 1876 aus
922 1816 1005 1876 einem
1045 1815 1158 1875 ganzen
1194 1813 1296 1873 Gesell

1327 1833 1389 1893 Auf
1415 1833 1458 1893 die
1490 1834 1753 1894 Todosnachricht
1779 1835 1841 1895 hin,
1860 1834 1897 1894 ist
1923 1834 1979 1894 Dr.
1998 1834 2117 1894 Horch,
2130 1834 2186 1894 der
2212 1831 2292 1891 wurf
2324 1831 2374 1891 für
2406 1830 2487 1890 diese
2519 1827 2794 1887 Bühnen-Novelle
2832 1828 2976 1888 gemacht
3008 1826 3064 1886 und

437 1857 653 1917 schaftsstaat
677 1858 728 1918 von
759 1859 878 1919 Seelen,
894 1860 938 1920 die
962 1860 1013 1920 sich
1044 1860 1066 1920 in
1089 1859 1307 1919 unablässiger
1330 1873 1359 1933 in
1390 1876 1494 1936 Berlin
1525 1877 1562 1937 an
1593 1878 1644 1938 den
1683 1877 1989 1937 Reinhardt-Bühnen
2020 1877 2101 1937 tätig
2132 1878 2191 1938 ist,
2216 1873 2372 1933 Elisabeth
2418 1873 2552 1933 Bergner
2591 1870 2687 1930 wollte
2726 1870 2875 1930 Fräulein
2913 1870 2980 1930 Else
3018 1870 3070 1930 als

439 1903 673 1963 Veischiobung
712 1903 764 1963 und
798 1903 1230 1963 Gegsneinanderbewegung
1259 1901 1292 1961 be

1326 1919 1440 1979 bereits
1466 1921 1586 1981 gestern
1612 1921 1727 1981 abends
1752 1922 1822 1982 nach
1853 1921 1928 1981 Wien
1954 1922 2098 1982 gofahren
2124 1922 2179 1982 und
2215 1918 2355 1978 Monolog
2391 1917 2526 1977 spielen.
2552 1915 2606 1975 Die
2642 1915 2777 1975 anderen
2833 1912 2963 1972 Figuren
3024 1912 3078 1972 der

434 1947 532 2007 finden
568 1948 627 2008 und
657 1948 801 2008 dennoch
831 1948 910 2008 stets
960 1947 1004 2007 ein
1054 1948 1306 2008 gesetzmäßger

2207 1959 2341 2019 Novelle
2370 1960 2480 2020 sollten
2519 1960 2576 2020 wie
2610 1960 2634 2020 im
2682 1957 2764 2017 Buch
2798 1955 2855 2015 auf
2884 1956 2936 2016 der
2971 1954 3076 2014 Bühne

1332 1962 1398 2022 wird
1430 1966 1518 2026 heute
1545 1966 1674 2026 mittags
1695 1969 1762 2029 hier
1784 1966 1985 2026 ankommen.

437 1993 497 2053 und
526 1991 773 2051 symmetrisches
802 1990 928 2050 Gebilde
952 1992 1208 2052 hervorbringen,
1228 1990 1307 2050 gan¬

2207 2005 2235 2065 in
2274 2003 2484 2063 Erscheinung
2523 2002 2642 2062 treten.
2672 2002 2757 2062 Aber
2792 2002 2892 2062 bisher
2931 2002 2969 2062 ist
3003 1999 3069 2059 man

1359 2025 1457 2085 Artur
1487 2026 1660 2086 Schnitzler
1695 2027 1749 2087 hat
1774 2025 1986 2085 buchstäblich
2021 2028 2065 2088 bis
2095 2028 2149 2088 zur

442 2034 498 2094 wie
526 2034 554 2094 in
587 2034 670 2094 einem
717 2034 946 2094 Kaleidoskop.
988 2035 1053 2095 Und
1091 2034 1123 2094 er
1151 2034 1220 2094 hat,
1244 2034 1286 2094 wa

2207 2043 2245 2103 zu
2283 2046 2384 2106 diesem
2442 2044 2639 2104 Experiment
2673 2043 2763 2103 nicht
2798 2043 2999 2103 gekommen.
3028 2039 3061 2099 Im

1379 2070 1491 2130 letzten
1525 2070 1639 2130 Minute
1667 2071 1771 2131 seines
1800 2073 1913 2133 Lebens
1942 2071 2131 2131 gearbeitet.

433 2079 542 2139 hiemt
567 2079 626 2139 eng
657 2079 959 2139 zusammenhängt,
984 2079 1033 2139 den
1069 2078 1138 2138 Mut
1168 2077 1222 2137 und
1257 2077 1301 2137 die

2213 2090 2348 2150 Nachlaß
2384 2091 2439 2151 des
2465 2088 2611 2148 Dichters
2642 2088 2701 2148 soll
2727 2088 2792 2148 sich
2828 2088 2898 2148 auch

446 2122 537 2182 Kraft
561 2124 728 2184 besessen,
751 2122 774 2182 in
809 2122 854 2182 die
884 2121 1137 2181 geheimn'svolle
1166 2121 1310 2181 Dunkel-
1328 2128 1396 2188 Man
1426 2133 1494 2193 fand
1524 2133 1569 2193 ihn
1605 2133 1656 2193 vor
1685 2135 1782 2195 seinem
1824 2133 2025 2193 Schreibtisch
2060 2133 2088 2193 am
2129 2134 2169 2194 Bo

2301 2145 2363 2205 eine
2405 2144 2496 2204 große
2532 2142 2850 2202 autoblographische
2880 2141 2989 2201 Arbeit

437 2166 573 2226 kammer
628 2166 680 2226 des
720 2165 949 2225 menschlichen
996 2163 1300 2223 Untorhewußtselns
1333 2173 1385 2233 den
1417 2176 1538 2236 liegend
1570 2176 1637 2236 auf.
1661 2176 1699 2236 Er
1730 2176 1791 2236 war
1823 2177 1883 2237 mit
1907 2177 1959 2237 der
1991 2177 2181 2237 Vollenlung
2221 2193 2381 2253 befinden,
2412 2192 2449 2252 an
2481 2191 2541 2251 der
2573 2192 2748 2252 Schnitzler
2788 2193 2962 2253 gleichfalls
2994 2189 3077 2249 viele

439 2211 697 2271 binabzustelgen
728 2211 780 2271 und
812 2211 883 2271 dort
904 2211 971 2271 jene
998 2211 1214 2271 bedoutsamen
1246 2211 1302 2271 und

1331 2217 1416 2277 eines
1435 2220 1637 2280 Schauspiels
1662 2221 1852 2281 beschäftigt
1871 2220 1926 2280 und
1951 2220 2067 2280 schrieb
2105 2220 2178 2280 auch
2215 2236 2313 2296 Jahre
2338 2236 2515 2296 gearbeitet
2541 2234 2608 2294 hat.

1323 2261 1357 2321 an
1392 2261 1476 2321 einem
1516 2263 1629 2323 großen
1664 2264 1797 2324 Roman,
1822 2264 1871 2324 der
1896 2264 2009 2324 freilich
2044 2264 2117 2324 jetzt
2143 2264 2186 2324 als

2250 2279 2307 2339 Die
2339 2279 2634 2339 Arbeitseinteilung
2667 2278 2719 2338 des
2746 2276 2894 2336 Dichters
2926 2277 2989 2337 war
3016 2276 3078 2336 fäst

569 2303 838 2363 Morgen
904 2303 1174 2363 Freitag

1325 2306 1510 2366 Stückwerk
1540 2306 1774 2366 zurückbleibt.

2214 2324 2327 2384 täglich
2364 2325 2415 2385 die
2447 2324 2581 2384 gleiche.
2628 2322 2711 2382 Nach
2768 2321 2871 2381 seinem
2939 2318 3083 2378 Morgen¬

2210 2366 2415 2426 spaziergang
2449 2366 2597 2426 diktierte
2650 2365 2683 2425 er
2732 2364 2836 2424 seiner
2885 2360 3081 2420 Sekretärin.

1359 2366 1428 2426 Das
1464 2368 1573 2428 Drama
1615 2369 1807 2429 Schnitzlers
1842 2369 1882 2429 ist
1913 2370 2046 2430 ziemlich
2082 2371 2156 2431 weit

560 2372 1180 2432 schwarz-grüner

2208 2411 2352 2471 Fräulein
2384 2411 2559 2471 Pollak,
2580 2410 2626 2470 die
2658 2405 2734 2465 viele
2766 2406 2864 2466 Jahre
2895 2405 3070 2465 Sekretärir

1367 2411 1637 2471 fortgeschritten.
1661 2414 1698 2474 Es
1727 2413 1815 2473 sollte
1848 2411 1918 2471 nach
1956 2414 2035 2474 einem
2077 2414 2147 2474 Plan

458 2437 1113 2497 Reklameverkauf
1162 2437 1265 2497 bei

2210 2451 2265 2511 des
2303 2452 2448 2512 Dichters
2486 2449 2566 2509 war,
2594 2450 2650 2510 aus
2684 2449 2791 2509 seinen
2834 2447 2965 2507 Notizen
3003 2446 3082 2506 oder

1405 2455 1596 2515 Schnitzlers
1622 2458 1698 2518 „Zug
1729 2458 1779 2518 der
1805 2455 1971 2515 Schatten“
1997 2455 2118 2515 heißen.

2213 2495 2289 2555 auch
2323 2497 2380 2557 frei
2409 2494 2461 2554 aus
2490 2495 2542 2555 dem
2586 2494 2777 2554 Gedächtnis
2811 2488 3084 2548 unprovisleren.

461 2508 784 2568 Herzfeld
841 2508 903 2568 am
984 2506 1236 2566 Bauern

1374 2515 1428 2575 Mit
1448 2516 1546 2576 diesem
1591 2516 1699 2576 Drama
1729 2518 1783 2578 hat
1808 2517 1866 2577 sich
1896 2518 2069 2578 Schnitzler
2094 2520 2187 2580 schon

2216 2542 2272 2602 Zur
2291 2539 2398 2599 Arbeit
2412 2539 2552 2599 benützte
2580 2537 2612 2597 er
2636 2537 2706 2597 sehr
2730 2536 2822 2596 gerne
2851 2535 2892 2595 ein
2926 2533 3084 2593 Stehpelt,

1330 2560 1435 2620 einige
1469 2560 1559 2620 Jahre
1598 2560 1803 2620 beschäftigt.
1823 2560 1890 2620 Sein
1929 2561 2038 2621 letzten
2072 2561 2172 2621 drama

754 2576 993 2636 markt

2216 2584 2250 2644 an
2282 2584 2334 2644 dem
2375 2584 2405 2644 er
2427 2584 2502 2644 alles
2529 2581 2639 2641 vorher
2666 2581 2846 2641 skizzierte,
2869 2578 2930 2638 was
2957 2578 2983 2638 er
3010 2577 3058 2637 spä

1334 2605 1449 2665 tisches
1480 2603 1591 2663 Werk,
1611 2605 1666 2665 das
1702 2605 1732 2665 er
1763 2604 1813 2664 der
1844 2605 2080 2665 Offentlichkeit
2106 2605 2181 2665 über

2213 2626 2265 2686 ter
2294 2626 2317 2686 in
2356 2626 2404 2686 die
2433 2626 2585 2686 Maschine
2619 2623 2787 2683 diktierte.
2811 2622 2840 2682 In
2874 2621 2978 2681 soinem
3022 2618 3084 2678 Ar¬

1333 2649 1409 2709 gab,
1448 2646 1509 2706 war
1553 2646 1754 2706 bekanntlich
1797 2647 1907 2707 „Spiel
1946 2647 1998 2707 der
2037 2649 2180 2709 Sommer

452 2652 781 2712 weiderspruchsvollen
837 2649 1157 2709 Verschränkungen,
1204 2652 1286 2712 Rück

2213 2670 2443 2730 beitszimmer,
2467 2666 2524 2726 das
2558 2665 2591 2725 an
2630 2666 2682 2726 des
2716 2664 2865 2724 Dichters
2899 2662 3051 2722 Schlafzim

1338 2691 1450 2751 lüfte“,
1469 2691 1520 2751 das
1553 2691 1576 2751 im
1623 2691 1800 2751 Deutschen
1834 2691 2053 2751 Volkstheater
2086 2690 2179 2750 aufge

433 2697 647 2757 bezichungen
708 2697 767 2757 und
823 2694 1017 2754 Polaritäten
1088 2696 1296 2756 aufzuspüren

2212 2710 2280 2770 mer
2307 2712 2448 2772 grenzte,
2471 2710 2579 2770 befand
2612 2709 2671 2769 sich
2707 2709 2752 2769 ein
2785 2706 2898 2766 großer
2926 2706 3084 2766 Schrank,

444 2741 532 2801 deren
572 2738 870 2798 wissencchaftliche
905 2739 1110 2799 Entdeckung
1165 2739 1228 2799 sich
1268 2736 1301 2796 an
1336 2734 1424 2794 führt
1473 2734 1595 2794 wulde,
1655 2733 1801 2793 während
1856 2736 1934 2796 „Der
1983 2736 2066 2796 Gang
2120 2734 2174 2794 zum

2212 2754 2268 2814 den
2301 2757 2394 2817 Artur
2418 2754 2585 2814 Schnitzler
2614 2751 2660 2811 für
2684 2753 2767 2813 seine
2796 2751 3001 2811 Manuskripte
3029 2750 3061 2810 an

1339 2778 1491 2838 Weiher“,
1512 2779 1555 2839 die
1581 2776 1674 2836 letzte
1699 2777 1822 2837 Wiener
1842 2778 2181 2838 Schnitzler-Premiere

443 2785 500 2845 den
534 2786 649 2846 Namen
688 2784 851 2844 Siegmund
890 2782 1010 2842 Freuds
1039 2784 1163 2844 knüpft:
1193 2783 1231 2843 Er
1260 2783 1313 2843 hat

2217 2798 2349 2858 fertigen
2389 2798 2467 2858 ließ.
2497 2796 2555 2856 Der
2590 2796 2727 2856 Schrank
2772 2793 2830 2853 hat
2865 2793 2933 2853 eine
2968 2791 3066 2851 grobe

1335 2820 1384 2880 die
1439 2821 1462 2881 im
1526 2821 1739 2881 Burgtheater
1785 2821 1957 2881 stattfand,
1999 2823 2053 2883 aus
2108 2823 2194 2883 einer

448 2829 561 2889 bereits
584 2828 615 2888 zu
643 2827 724 2887 einer
747 2828 828 2888 Zeit,
847 2828 887 2888 wo
915 2826 1001 2886 diese
1028 2826 1141 2886 Lehren
1169 2826 1241 2886 noch
1273 2826 1295 2886 im

2213 2843 2343 2903 Anzahl
2368 2842 2422 2902 von
2462 2842 2562 2902 Laden
2597 2840 2652 2900 und

1337 2864 1474 2924 früheren
1554 2864 1844 2924 Schaffensporiode
1919 2865 1971 2925 des
2046 2866 2193 2926 Dichtert

445 2870 575 2930 Werdon
611 2872 763 2932 begriffen
804 2870 920 2930 waren,
971 2872 1021 2932 die
1052 2870 1309 2930 Psychoanalyse

2250 2894 2277 2954 in
2307 2895 2392 2955 jeder
2421 2893 2498 2953 Lade
2528 2889 2570 2949 let
2599 2891 2642 2951 ein
2671 2891 2877 2951 Manuskript
2899 2891 3048 2951 Schnitz¬

1338 2909 1504 2969 stammte.

445 2916 682 2976 dramatisiert.

2497 2933 2558 2993 lers
2583 2935 2798 2995 aufbewahrt.

1369 2951 1477 3011 Seinen
1506 2954 1602 3014 Plan,
1626 2951 1792 3011 „Fräulein
1833 2950 1918 3010 Else“
1964 2950 1998 3010 zu
2044 2951 2181 3011 dramati

486 2960 544 3020 Und
575 2959 608 3019 er
634 2958 687 3018 hat
712 2960 736 3020 in
767 2957 865 3017 seinen
900 2960 1052 3020 Romanen
1087 2957 1140 3017 und
1170 2957 1312 3017 Theater¬

2254 2989 2284 3049 In
2316 2988 2408 3048 vielen
2434 2987 2531 3047 Fällen
2563 2987 2614 3047 hat
2635 2987 2810 3047 Schnitzler
2837 2987 2913 3047 auch
2940 2987 2985 3047 die
3012 2987 3078 3047 ver¬

446 3003 573 3063 stücken
598 3003 651 3063 das
677 3002 754 3062 Wien
779 3002 833 3062 des
853 3002 901 3062 Fin
926 3002 960 3062 de
985 3002 1073 3062 siscle
1098 3001 1298 3061 eingefangen
1338 2996 1455 3056 sieren,
1475 2996 1528 3056 der
1549 2996 1597 3056 ihm
1637 2996 1695 3056 von
1725 2995 1876 3055 mehreren
1911 2996 2028 3056 Seiten,
2053 2995 2180 3055 nament

2219 3035 2400 3095 schiedenen
2429 3029 2600 3089 Fassungen
2629 3030 2731 3090 seiner
2755 3032 2861 3092 Werke
2885 3029 3080 3089 gesammelt.

1336 3038 1390 3098 lich
1444 3038 1503 3098 von
1548 3038 1705 3098 Elisabeth
1755 3039 1908 3099 Bergner,
1943 3037 1991 3097 die
2036 3037 2085 3097 die
2125 3038 2193 3098 Else

448 3049 506 3109 und
539 3046 584 3106 für
612 3046 734 3106 spätere
762 3045 984 3105 Geschlechter
1012 3044 1225 3104 konserviert;
1248 3046 1307 3106 ein¬

1340 3080 1449 3140 spielen
1485 3082 1600 3142 wollte,
1621 3082 1811 3142 nahegelegt
1837 3082 1952 3142 wurde,
1978 3080 2028 3140 hat
2053 3081 2193 3141 Schnits-
2225 3077 2329 3137 Einige
2355 3075 2561 3135 Manuskripte
2586 3074 2721 3134 befinden
2747 3073 2807 3133 sich
2838 3073 2857 3133 im
2893 3073 2998 3133 Besitz
3019 3071 3073 3131 von

445 3092 543 3152 ganze
572 3091 665 3151 Stadt
694 3090 749 3150 mit
778 3088 862 3148 ihrer
890 3088 1073 3148 einmaligen
1111 3088 1236 3148 Kultur,
1260 3089 1316 3149 mit

1335 3124 1381 3184 ler
1414 3124 1539 3184 niemals
1572 3124 1813 3184 durchgeführt.
1855 3124 1897 3184 Er
1930 3125 1989 3185 war
2018 3124 2189 3184 überhaupt
2227 3118 2398 3178 Freunden,
2422 3117 2514 3177 denen
2547 3117 2588 3177 sie
2617 3118 2788 3178 Schnitzler
2821 3118 2872 3178 zum
2914 3115 3071 3175 Geschenk

438 3136 495 3196 dem
540 3134 594 3194 von
626 3134 670 3194 ihr
697 3133 867 3193 genährten
899 3133 952 3193 und
984 3132 1203 3192 entwickelten
1235 3133 1297 3193 Men

449 3178 673 3238 schenschlag,
693 3178 747 3238 wie
772 3177 805 3237 er
830 3176 888 3236 sich
923 3176 947 3236 in
982 3176 1064 3236 einem
1109 3178 1304 3238 bestimmten
1339 3170 1387 3230 ein
1422 3168 1549 3228 Gegnor
1583 3168 1636 3228 von
1676 3166 1979 3226 „Bearbeitungen“.
2023 3166 2062 3226 Er
2096 3166 2184 3226 stand
2224 3165 2360 3225 machte.
2380 3161 2414 3221 So
2444 3161 2556 3221 besitzt
2576 3163 2727 3223 Stefan
2757 3160 2917 3220 Zweig,
2937 3159 2986 3219 der
3011 3157 3074 3217 eine

2217 3209 2312 3269 große
2365 3205 2542 3265 Sammlung
2595 3205 2653 3265 von
2706 3205 2940 3265 Manuskripten
3012 3202 3084 3262 hat,

1336 3211 1393 3271 auf
1417 3212 1484 3272 deis
1513 3211 1733 3271 Standpunkt,
1773 3211 1830 3271 daß
1864 3211 1930 3271 eine
1960 3210 2089 3270 Novello
2118 3210 2175 3270 ode

439 3224 613 3284 Zeitpunkt
633 3223 688 3283 der
713 3222 797 3282 Reife
827 3221 882 3281 und
912 3220 1070 3280 Überreife
1101 3220 1255 3280 auslobte,
1275 3221 1299 3281 is

1337 3255 1386 3315 ein
1432 3255 1542 3315 Roman
1588 3255 1763 3315 unbedingt
1804 3253 1869 3313 jene
1915 3254 1990 3314 Form
2045 3252 2186 3312 behalten
2227 3250 2412 3310 Sehnitzlers
2443 3250 2523 3310 „Der
2549 3249 2614 3309 Ruf
2660 3247 2714 3307 des
2770 3247 2926 3307 Lebens“.
2971 3246 3076 3306 Dieses

444 3270 467 3330 in
497 3267 584 3327 ihnen
619 3265 764 3325 klingend
793 3267 851 3327 und
881 3265 1045 3325 leuchtend
1075 3266 1259 3326 geworden.

1339 3300 1456 3360 müsse,
1476 3300 1500 3360 in
1535 3300 1589 3360 der
1609 3300 1662 3360 das
1692 3300 1779 3360 Werk
1809 3297 1981 3357 geschaffen
2015 3297 2128 3357 wurde.
2153 3297 2187 3357 So
2221 3296 2333 3356 Drama
2364 3294 2412 3354 hat
2432 3294 2604 3354 Schnitzler
2624 3293 2701 3353 jetzt
2722 3293 2765 3353 für
2790 3291 2854 3351 eine
2884 3289 3074 3349 Vorstellung

455 3367 530 3427 Rein
562 3363 860 3423 Hauerblümchen
892 3362 937 3422 ist
961 3362 1013 3422 bel
1030 3364 1098 3424 mir
1122 3363 1151 3423 zu
1183 3362 1282 3422 sehen

682 3396 736 3456 Fast
754 3396 932 3456 unglaublich,
947 3394 974 3454 es
991 3396 1070 3456 haben
1098 3393 1145 3453 sich
1166 3393 1204 3453 für
1222 3393 1314 3453 meines

670 3425 797 3485 Tanzkurs
827 3425 898 3485 mehr
928 3423 1021 3483 Herren
1052 3423 1089 3483 als
1116 3423 1209 3483 Damen
1236 3422 1306 3482 einge

1993 3443 2127 3503 chalke
2150 3447 2261 3507 lf.

674 3456 784 3516 funden.
816 3456 902 3516 Einige
934 3453 1032 3513 Tünzer
1065 3453 1119 3513 sind
1156 3452 1222 3512 ohne
1254 3452 1313 3512 Part

672 3484 813 3544 nerinnen.
830 3482 947 3542 Kommen
971 3481 1012 3541 Sio
1030 3481 1091 3541 bitte
1112 3481 1191 3541 meine
1212 3482 1304 3542 Damen

669 3512 719 3572 Der
734 3513 795 3573 Kurz
806 3512 899 3572 dauert
910 3511 917 3571 3
936 3510 1036 3570 Monate
1051 3509 1180 3569 (zwolmal
1192 3510 1310 3570 wöchent

1689 3521 1922 3581 Aedite
1964 3518 2075 3578 dee
2118 3516 2228 3576 Adt

674 3542 738 3602 lich)
762 3542 807 3602 und
839 3542 926 3602 kostet
949 3539 1011 3599 doch
1034 3541 1079 3601 nur
1099 3539 1106 3599 S
1130 3536 1210 3596 20•—.
1241 3537 1321 3597 Tans¬

675 3572 763 3632 schule
792 3571 934 3631 „ELITE",
951 3570 1194 3630 Martahilferstraßo
1215 3566 1240 3626 53
1257 3566 1319 3626 (vis¬

1670 3582 1836 3642 a
1935 3574 2029 3634 e
2066 3570 2150 3630 ne
2187 3569 2233 3629 d.
2271 3570 2474 3630 Gr

1105 3600 1161 3660 Tel.
1180 3602 1190 3662 B
1214 3600 1317 3660 22-1-75.

681 3602 747 3662 A-vie
770 3603 926 3663 Gerngros).

1616 3658 1807 3718 Knes
1859 3664 1999 3724 Rend
2039 3662 2153 3722 ett
2206 3662 2320 3722 Gl
2347 3666 2487 3726 ende
2539 3663 2666 3723 f

487 3691 567 3751 »Er
612 3691 767 3751 epielte
820 3689 849 3749 in
902 3691 1064 3751 meinem
1132 3691 1271 3751 Leben

490 3763 579 3823 eine
618 3759 963 3819 entscheidende
1010 3758 1257 3818 Rolle...

1632 3801 1832 3861 adg
1921 3805 2021 3865 da
2122 3808 2285 3868 endr
2338 3802 2612 3862 dderan
2676 3805 2826 3865 deen

693 3812 757 3872 Von
780 3814 903 3874 Gustav
939 3811 1084 3871 Waldau.

454 3873 562 3933 Der
602 3873 716 3933 Menseh
762 3871 818 3931 und
851 3873 985 3933 Dichter
1018 3871 1113 3931 Artur
1152 3870 1324 3930 Schnitzler

455 3916 565 3976 spielte
592 3914 618 3974 in
645 3913 732 3973 einer
755 3912 1015 3972 entscheidenden
1046 3914 1174 3974 Periode
1201 3913 1315 3973 meines

1639 3945 1726 4005 Da
1771 3948 2071 4008 dafslude
2106 3948 2127 4008 d
2183 3945 2305 4005 fude
2329 3948 2438 4008 Dn
2507 3955 2660 4015 frct

456 3957 573 4017 Lebens
598 3958 662 4018 eine
687 3957 775 4017 große
800 3957 903 4017 Ro.le.
918 3956 1090 4016 Schnitzler
1115 3956 1173 4016 war
1193 3957 1237 4017 es,
1257 3956 1306 4016 der

457 4003 595 4063 nachdem
634 4002 667 4062 er
696 4002 767 4062 mich
801 4002 824 4062 in
854 4002 1002 4062 München
1031 4000 1150 4060 epielen
1180 4002 1313 4062 gesehen

1644 4020 1773 4080 eg
1939 4023 2005 4083 wn
2071 4026 2301 4086 dadt
2346 4020 2399 4080 Le
2422 4025 2575 4085 kuie
2598 4028 2707 4088 Gn

453 4047 528 4107 hat,
543 4047 598 4107 den
629 4047 800 4107 damaligen
831 4044 1184 4104 Burgtheaterdirektor
1210 4044 1310 4104 Alfred

457 4086 515 4146 von
550 4092 712 4152 Berger
747 4092 948 4152 veranlaßte,
969 4090 1047 4150 mich
1102 4092 1126 4152 im
1191 4091 1322 4151 Birg-

1941 4092 2111 4152 u.
