3392 4384
163 303 240 363 12

364 306 843 366 Schnitzler
912 318 940 378 s
1010 310 1243 370 Death

402 560 1109 620 OBSERVER

479 617 504 677 I.
522 617 642 677 österr.
660 617 805 677 behördl.
823 617 1110 677 konzessioniertes

448 658 675 718 Unternehmen
703 658 748 718 für
776 658 1139 718 Zeitungs-Ausschnitte

505 716 644 776 WIEN,
666 718 712 778 I.,
733 718 1020 778 WOLLZEILE
1061 721 1100 781 11

588 769 803 829 TELEPHON
842 771 1013 831 R-23-0-43

389 911 610 971 Ausschnitt
638 912 702 972 aus

676 993 767 1053 Neus
787 990 888 1050 Freie
907 987 1046 1047 Prosse,
1057 980 1148 1040 Wlen

873 1095 928 1155 27
976 1086 1105 1146 OKT.
1135 1083 1226 1143 137

383 1136 494 1196 vom:

359 1239 410 1299 (Im
463 1236 703 1296 Griensteidl.)
737 1235 808 1295 Wir
848 1238 906 1298 sind
940 1238 1056 1298 damals
1096 1238 1147 1298 alle
1187 1238 1375 1298 miteinander

261 1286 360 1346 jünger
387 1285 526 1345 gewesen.
554 1284 627 1344 Noch
654 1284 693 1344 ein
727 1282 801 1342 paar
828 1284 921 1344 Jahre
955 1285 1007 1345 und
1035 1284 1168 1344 niemand
1202 1283 1268 1343 wird
1302 1285 1381 1345 mehr

258 1332 342 1392 genau
383 1333 496 1393 wissen,
525 1333 581 1393 was
616 1330 762 1390 eigentlich
797 1330 842 1390 der
876 1330 1051 1390 Griensteidl
1087 1330 1199 1390 gewesen
1239 1330 1290 1390 ist.
1313 1330 1380 1390 Nur

257 1382 328 1442 ganz
353 1378 461 1438 dunkel
486 1378 551 1438 wird
583 1378 631 1438 sich
655 1378 740 1438 dieser
770 1378 824 1438 und
855 1378 933 1438 jener
958 1378 1035 1438 dessen
1073 1378 1235 1438 entsinnen,
1254 1378 1302 1438 daß
1339 1378 1374 1438 ein

256 1426 418 1486 berühmtes
445 1426 619 1486 Kaffeehaus
646 1425 665 1485 so
692 1424 743 1484 und
770 1425 848 1485 nicht
868 1426 965 1486 anders
992 1423 1069 1483 hieß.
1089 1426 1154 1486 Ecke
1174 1426 1381 1486 Herrengasse,

262 1474 347 1534 schräg
378 1474 514 1534 vis-à-vis
539 1473 587 1533 vom
625 1474 816 1534 Bösendorfer
847 1472 896 1532 und
927 1471 970 1531 der
995 1471 1124 1531 Jesovic,
1143 1471 1186 1531 der
1211 1471 1370 1531 berühmten

264 1519 433 1579 Frühstück=
470 1520 519 1580 und
563 1518 754 1578 Jausenstube
791 1519 840 1579 des
877 1519 947 1579 alten
991 1518 1089 1578 Wien,
1119 1519 1168 1579 die
1198 1516 1367 1576 desgleichen

255 1569 356 1629 längst
377 1568 403 1628 zu
438 1566 511 1626 ihren
546 1566 647 1626 Vätern
681 1566 863 1626 versammelt
891 1569 999 1629 worder
1027 1563 1080 1623 ist.

258 1615 306 1675 den
341 1615 554 1675 „Griensteidl"
582 1611 671 1671 „Café
700 1612 927 1672 Größenwahn"
955 1609 1106 1669 gescholten

333 1659 355 1719 nd
386 1663 437 1723 sich
461 1662 505 1722 das
536 1659 708 1719 Kaffeehaus
739 1661 904 1721 menigsens
935 1660 956 1720 ie
980 1660 1084 1720 Aitarar

590 1710 640 1770 ngs
670 1707 742 1767 schon
772 1707 822 1767 auf
844 1707 887 1767 der
910 1710 981 1770 abste

658 1754 892 1814 selbstgefülliger
915 1756 997 1816 hera

715 1802 923 1862 hrhundertmen

536 1940 660 2000 Wiener
699 1942 867 2002 Literatur.
898 1942 1082 2002 Jung=Wien
1127 1942 1207 2002 hörte

477 1987 497 2047 de
518 1987 665 2047 Hermann
700 1989 814 2049 Bahrs,
835 1990 881 2050 der
909 1990 950 2050 dam
991 1990 1159 2050 wichtigsten
1187 1990 1335 2050 Statamtl

534 2035 620 2095 seiner
640 2035 727 2095 Seite
748 2037 847 2097 befand
881 2038 928 2098 sich
955 2038 1001 2098 sein
1036 2038 1162 2098 getreuer
1189 2038 1382 2098 Eckermann.

544 2083 612 2143 Raler
640 2083 736 2143 Ferry
765 2083 910 2143 Bergton,
938 2083 1027 2143 einer,
1056 2084 1096 2144 der
1124 2083 1172 2143 das
1207 2083 1379 2143 Wedekind¬

635 2129 683 2189 der
718 2131 801 2191 Stirn
836 2131 931 2191 trug:
967 2128 1029 2188 mit
1057 2130 1125 2190 allen
1161 2132 1291 2192 Wassern

522 2171 575 2231 len
603 2175 724 2235 Hunden
760 2178 880 2238 gehetzt.
902 2175 942 2235 Am
983 2177 1166 2237 Stammtisch
1201 2177 1302 2237 Bahrs
1330 2175 1369 2235 saß

414 2201 458 2261 den
481 2214 590 2274 Ahur
613 2223 782 2283 Schnitzler,
798 2225 841 2285 dem
879 2223 915 2283 die
938 2223 1032 2283 blonde
1056 2223 1136 2283 Locke
1151 2223 1180 2283 in
1203 2223 1246 2283 die
1262 2223 1379 2283 Schläfe

303 2247 325 2307 .
349 2250 486 2310 während
518 2252 533 2312 d
603 2266 686 2326 Gche
717 2268 763 2328 des
803 2270 894 2330 Herrn
933 2268 994 2328 und
1026 2268 1163 2328 Meisters
1195 2269 1386 2329 pechschwarz

248 2295 332 2355 zwar,
372 2298 490 2358 Richard
536 2304 800 2364 Veer=Hofmann,
840 2307 924 2367 dessen
976 2310 1240 2370 Erstlingsnovelle
1286 2313 1370 2373 „Das

254 2340 348 2400 Kind"
384 2343 496 2403 damals
539 2346 585 2406 den
628 2349 900 2409 Sensationserfolg
942 2355 988 2415 des
1024 2355 1119 2415 Tages
1161 2358 1279 2418 bildete.
1315 2360 1373 2420 Und

252 2388 502 2448 Hofmannsthal,
528 2394 598 2454 noch
625 2396 901 2456 Obergymnasiast,
927 2399 977 2459 der
1011 2400 1081 2460 seine
1114 2402 1293 2462 Dichtungen
1332 2406 1376 2466 der

310 2436 473 2496 ulordnung
514 2441 564 2501 des
604 2442 819 2502 Gymnasiums
860 2447 972 2507 zuliebe
1013 2447 1069 2507 mit
1110 2447 1234 2507 „Loris"
1280 2453 1375 2513 unter¬

300 2486 370 2546 hnen
407 2487 518 2547 mußte.
548 2486 607 2546 Und
637 2489 719 2549 Felix
749 2492 878 2552 Salten,
902 2493 949 2553 der
979 2495 1037 2555 eben
1074 2495 1120 2555 die
1150 2498 1368 2558 Kurriereleiter

326 2534 467 2594 federnden
504 2534 610 2594 Peinen
646 2540 829 2600 emporstieg.
854 2540 918 2600 Und
948 2540 1049 2600 andere
1079 2543 1173 2603 mehr.
1197 2545 1238 2605 An
1275 2548 1357 2608 diesem

306 2576 323 2636 ch
354 2579 406 2639 gab
436 2580 465 2640 es
495 2581 589 2641 keinen
625 2583 696 2643 Neid
732 2583 784 2643 und
814 2588 896 2648 äeine
927 2588 1097 2648 Medisance.
1122 2590 1292 2650 Höchstens,
1317 2596 1363 2656 daß

253 2623 281 2683 in
317 2624 431 2684 Arthur
461 2629 634 2689 Schnitzlers
669 2630 819 2690 ärztlicher
855 2633 947 2693 Kunst
982 2636 1137 2696 gezweifelt
1168 2638 1282 2698 wurde.
1312 2641 1369 2701 Mit

241 2671 359 2731 Unrecht
396 2674 555 2734 übrigens,
585 2677 645 2737 wie
681 2678 781 2738 seither
823 2680 1025 2740 Maßgebende
1067 2683 1120 2743 und
1156 2685 1369 2745 Sachkundige

247 2720 372 2780 bestätigt
404 2722 504 2782 haben.
536 2723 598 2783 Und
630 2725 787 2785 Schnitzler
819 2728 925 2788 wehrte
957 2729 1044 2789 solche
1077 2731 1151 2791 nicht
1177 2732 1252 2792 allzu
1290 2737 1371 2797 ernst

241 2767 379 2827 gemeinte
419 2770 585 2830 Neckereien
636 2773 691 2833 mit
736 2774 785 2834 der
831 2776 874 2836 ihn
925 2776 1075 2836 zeitlebens
1126 2782 1364 2842 auszeichnenden

241 2814 349 2874 leichten
392 2816 499 2876 Würde
536 2817 566 2877 ab
609 2818 662 2878 und
699 2821 813 2881 schrieb,
844 2823 916 2883 ohne
953 2825 1001 2885 sich
1038 2826 1067 2886 zu
1104 2826 1212 2886 zieren,
1243 2831 1363 2891 Rezepte

237 2865 315 2925 gegen
356 2866 463 2926 Husten
509 2865 565 2925 und
600 2868 855 2928 Halsschmerzen,
889 2871 968 2931 wenn
1014 2871 1116 2931 wieder
1156 2875 1269 2935 einmal
1304 2877 1365 2937 eine

237 2910 389 2970 Influenza
430 2911 440 2971 —
498 2913 554 2973 von
588 2913 701 2973 Grippe
736 2917 826 2977 sprach
861 2916 928 2976 man
963 2919 1076 2979 damals
1116 2920 1178 2980 noch
1212 2924 1331 2984 nicht¬

237 2956 299 3016 auch
339 2956 419 3016 unter
453 2958 498 3018 den
539 2961 675 3021 Insassen
715 2961 760 3021 des
795 2964 1017 3024 Stammtisches
1052 2966 1113 3026 ihre
1148 2969 1239 3029 Opfer
1274 2970 1370 3030 geholt

237 3002 325 3062 hatte.
342 3006 530 3066 Gelegentlich
559 3007 608 3067 kam
647 3009 747 3069 Besuch
775 3009 825 3069 vom
864 3012 1064 3072 benachbarten
1092 3015 1364 3075 Burgtheatertisch.

242 3050 453 3110 Mitterwurzer
469 3053 530 3113 war
552 3053 592 3113 es,
609 3053 654 3113 der
676 3055 696 3115 in
722 3056 799 3116 jenen
825 3059 923 3119 Tagen
949 3059 990 3119 den
1016 3059 1181 3119 betrogenen
1207 3064 1351 3124 Ehemann

240 3095 257 3155 in
294 3096 464 3156 Schnitzlers
495 3101 654 3161 „Liebelei"
684 3104 766 3164 geben
797 3104 891 3164 sollte.
915 3104 979 3164 Das
1004 3107 1287 3167 Burgtheaterdebüt
1317 3110 1358 3170 des

240 3146 337 3206 fungen
373 3147 528 3207 Dichlers!
558 3147 632 3207 Man
668 3149 736 3209 kann
771 3151 818 3211 sich
847 3152 1014 3212 vorstellen,
1037 3152 1089 3212 wie
1113 3156 1262 3216 aufgeregt
1286 3158 1361 3218 nicht

236 3191 284 3251 nur
317 3194 441 3254 Archur,
464 3194 577 3254 sondern
610 3197 675 3257 auch
708 3197 778 3257 seine
806 3197 941 3257 Freunde
969 3200 1076 3260 waren.
1099 3202 1158 3262 Die
1186 3203 1256 3263 erste
1283 3203 1358 3263 Lese¬

231 3239 314 3299 probe
342 3239 419 3299 hatte
448 3242 670 3302 stattgefunden.
699 3242 743 3302 Da
777 3244 882 3304 stürzte
910 3246 1066 3306 Schnitzler
1094 3248 1138 3308 ins
1173 3250 1367 3310 Griensteidl.

239 3283 309 3343 Aber
336 3286 384 3346 von
417 3286 498 3346 seiner
525 3289 730 3349 gewöhnlichen
763 3292 978 3352 Gemessenheit
1000 3292 1011 3352 —
1065 3295 1243 3355 Monument
1270 3298 1356 3358 seiner

230 3331 309 3391 selbst
341 3333 362 3393 im
410 3334 526 3394 Salon,
553 3337 685 3397 spotteten
723 3337 966 3397 liebenswürdige
999 3340 1189 3400 Widersacher
1222 3343 1231 3403 —
1296 3345 1353 3405 war

233 3377 309 3437 keine
336 3381 439 3441 Spur.
461 3382 585 3442 Blutrot
613 3382 672 3442 war
705 3383 731 3443 er
764 3385 785 3445 im
830 3386 953 3446 Gesicht.
981 3387 1024 3447 So
1057 3390 1214 3450 aufgeregt,
1241 3393 1290 3453 daß
1323 3394 1349 3454 er

225 3425 295 3485 haum
346 3427 381 3487 ein
418 3427 509 3487 Wort
535 3432 733 3492 hervorstoßen
774 3433 896 3493 konnte.
922 3435 1166 3495 Beer=Hofmann
1202 3438 1298 3498 dürfte
1329 3440 1354 3500 es

227 3474 335 3534 gewesen
387 3474 459 3534 sein,
495 3474 541 3534 der
583 3476 630 3536 ihn
677 3477 733 3537 mit
775 3480 867 3540 seinem
920 3480 1054 3540 schönen,
1091 3483 1349 3543 liebenswürdigen

229 3519 392 3579 Gleichmut
414 3522 440 3582 zu
467 3523 615 3583 beruhigen
648 3525 790 3585 trachtete.
812 3525 885 3585 Was
912 3528 970 3588 war
998 3530 1166 3590 geschehen?
1209 3534 1346 3594 „Denken

226 3565 275 3625 Sie
302 3567 389 3627 sich",
406 3570 530 3630 erzählte
552 3572 720 3632 Schnitzler,
742 3573 975 3633 „Mitterwurzer
1003 3576 1084 3636 spielt
1106 3578 1149 3638 den
1176 3579 1344 3639 betrogenen

232 3615 376 3675 Ehemann
418 3615 469 3675 mit
501 3616 578 3676 einem
625 3618 713 3678 dicken
750 3620 847 3680 Schal
879 3623 910 3683 um
962 3624 1008 3684 den
1045 3624 1164 3684 Hals!“
1206 3627 1267 3687 Und
1304 3629 1355 3689 mit

227 3660 450 3720 Grabesstimme
476 3663 548 3723 setzte
570 3665 616 3725 der
643 3666 730 3726 junge
752 3668 871 3728 Dichter
898 3669 1007 3729 hinzu:
1044 3672 1126 3732 „Mit
1147 3672 1225 3732 einem
1267 3675 1360 3735 Schal

224 3707 293 3767 kann
336 3708 393 3768 man
437 3710 510 3770 nicht
543 3712 659 3772 tragisch
692 3713 835 3773 when!
873 3716 941 3776 Das
979 3717 1063 3777 Stück
1101 3718 1138 3778 ist
1170 3720 1334 3780 verloren!

227 3755 382 3815 Vergebens
429 3758 570 3818 versuchte
616 3760 681 3820 man
732 3760 954 3820 Mitterwurzer
1001 3766 1243 3826 umzustimmen.
1284 3770 1349 3830 Der

217 3803 349 3863 Künstler
382 3803 456 3863 blieb
494 3806 685 3866 eigensinnig.
728 3809 786 3869 Bei
824 3809 871 3869 der
909 3812 1249 3872 Burgtheaterpremiere
1287 3815 1345 3875 trat

206 3848 231 3908 er
263 3851 320 3911 mit
352 3851 440 3911 seinem
487 3851 565 3911 roten
598 3854 686 3914 Schal
718 3855 753 3915 um
806 3856 853 3916 den
879 3858 957 3918 Hals
995 3857 1015 3917 in
1057 3860 1104 3920 das
1130 3863 1265 3923 Zimmer
1297 3863 1344 3923 des

218 3896 318 3956 jungen
345 3897 524 3957 Lobheimer.
546 3899 620 3959 Aber
641 3899 683 3959 als
710 3901 736 3961 er
752 3902 879 3962 drohend
900 3905 942 3965 die
958 3905 1064 3965 Worte
1086 3907 1202 3967 sprach:
1223 3908 1344 3968 „Meine

222 3940 299 4000 Frau
334 3943 389 4003 hat
417 3943 494 4003 ihren
534 3946 668 4006 Schleier
702 3946 746 4006 bei
774 3949 874 4009 Ihner
914 3952 1103 4012 vergessen!"
1132 3949 1148 4009 —
1210 3956 1243 4016 da
1282 3960 1348 4020 ging

217 3988 296 4048 durch
328 3988 375 4048 das
408 3990 550 4050 Publikum
599 3993 656 4053 eine
684 3994 778 4054 Woge
806 3995 853 4055 der
896 3999 1054 4059 krregung.
1081 4000 1149 4060 Man
1182 4003 1340 4063 schauderte

227 4036 398 4096 zusammen,
428 4038 474 4098 als
510 4037 539 4097 ob
581 4040 634 4100 das
670 4042 816 4102 Schicksal
847 4044 928 4104 selvst
965 4048 1117 4108 gesprochen
1159 4048 1253 4108 hätte.
1283 4051 1341 4111 Die

224 4084 375 4144 „Viebelei"
403 4084 500 4144 wurde
527 4084 570 4144 ein
598 4088 701 4148 großer
728 4090 1014 4150 Burgtheatererfolg
1048 4093 1101 4153 und
1129 4096 1161 4156 am
1205 4096 1345 4156 Stamm¬

223 4128 283 4188 tisch
325 4129 371 4189 bei
406 4130 588 4190 Griensteidl
629 4136 723 4196 feierte
771 4137 832 4197 man
880 4137 933 4197 den
975 4138 1096 4198 Dichter
1137 4143 1197 4203 und
1239 4143 1333 4203 seinen

238 4177 430 4237 Interprelen.

1477 312 1596 372 box
1673 313 1853 373 44/2
