3392 4352
257 312 280 372 2

399 315 984 375 Schnitzler's
1055 318 1284 378 Death

830 1297 1162 1357 ERVER

483 1294 614 1354 DE

536 1349 562 1409 I.
575 1347 695 1407 österr.
709 1350 859 1410 behördl.
873 1350 1169 1410 konzessioniertes

488 1389 723 1449 Unternehmen
756 1391 805 1451 für
828 1392 1214 1452 Zeitungs-Ausschnitte

540 1452 692 1512 WIEN,
721 1453 769 1513 I.,
798 1455 1083 1515 WOLLZEILE
1125 1453 1173 1513 11

643 1503 861 1563 TELEPHON
894 1506 1067 1566 R-23-0-43

444 1646 665 1706 Ausschnitt
694 1646 780 1706 aus:

783 1930 856 1990 ne

775 1986 923 2046 London

658 2253 889 2313 What
951 2259 987 2319 I
1049 2268 1304 2328 Hear.

1009 2324 1075 2384 Du.
1089 2324 1219 2384 Ahrnun
1244 2328 1398 2388 SCUXITZ-

980 2359 1049 2419 LER,
1060 2361 1105 2421 the
1123 2362 1237 2422 famous
1255 2365 1386 2425 Austrian

975 2396 1136 2456 dramatist
1163 2398 1217 2458 and
1251 2403 1398 2463 novelist,

977 2432 1034 2492 who
1056 2433 1106 2493 hus
1124 2434 1185 2494 died
1214 2437 1246 2497 at
1268 2439 1397 2499 Vienna,

972 2468 1033 2528 was
1093 2473 1255 2533 connected
1318 2477 1387 2537 with

973 2506 1093 2566 various
1108 2509 1217 2569 Vienna
1239 2513 1393 2573 hospitals

971 2541 1014 2601 lor
1036 2544 1123 2604 many
1148 2547 1256 2607 years,
1271 2547 1325 2607 and
1362 2550 1383 2610 in

968 2580 1043 2640 spito
1088 2580 1121 2640 of
1167 2585 1215 2645 his
1257 2586 1383 2646 literary

975 2616 1044 2676 work
1082 2620 1214 2680 retained
1252 2622 1262 2682 a
1297 2624 1394 2684 small

967 2652 1103 2712 medicul
1121 2658 1254 2718 practice
1279 2658 1307 2718 to
1339 2661 1387 2721 the

968 2689 1019 2749 end
1046 2691 1081 2751 of
1097 2694 1144 2754 his
1164 2696 1234 2756 life.
1266 2697 1309 2757 He
1337 2697 1395 2757 was

967 2727 1037 2787 born
1075 2730 1096 2790 in
1134 2729 1223 2789 1862,
1250 2732 1298 2792 the
1332 2735 1380 2795 son

969 2765 998 2825 of
1021 2765 1032 2825 a
1062 2765 1219 2825 professor
1242 2768 1272 2828 of
1294 2771 1395 2831 medi¬

967 2800 1043 2860 cine.
1073 2804 1116 2864 He
1139 2804 1259 2864 studied
1285 2807 1318 2867 at
1336 2807 1383 2867 the

973 2840 1163 2900 Universit;,
1194 2843 1247 2903 and
1294 2843 1373 2903 when

972 2873 1003 2933 he
1049 2878 1107 2938 was
1153 2879 1292 2939 assisting
1337 2882 1385 2942 his

539 2906 597 2966 Dr.
611 2911 719 2971 Arthur
738 2915 923 2975 Schnitzler.

973 2915 1069 2975 father
1107 2915 1140 2975 at
1177 2915 1225 2975 the
1266 2918 1377 2978 Vienna

973 2950 1131 3010 Polyclinie
1174 2952 1208 3012 he
1251 2954 1386 3014 brought

507 2977 556 3037 out
585 2977 631 3037 his
659 2980 727 3040 first
756 2980 830 3040 book
870 2983 898 3043 of
930 2986 1029 3046 poems
1062 2986 1115 3046 and
1151 2989 1236 3049 short
1265 2989 1389 3049 stories.

503 3013 545 3073 Its
572 3015 687 3075 success
710 3019 894 3079 encouraged
927 3022 999 3082 him,
1020 3022 1072 3082 and
1105 3025 1170 3085 soon
1200 3025 1233 3085 lie
1260 3027 1378 3087 became

500 3049 603 3109 known
640 3055 684 3115 for
710 3055 753 3115 his
783 3058 919 3118 brilliant
949 3058 1062 3118 studies
1088 3060 1121 3120 of
1147 3063 1290 3123 Viennese
1320 3064 1385 3124 life,

501 3088 618 3148 gaining
649 3091 694 3151 the
724 3093 789 3153 title
819 3094 849 3154 of
876 3095 921 3155 tho
982 3096 1107 3156 German
1142 3102 1202 3162 Guy
1233 3103 1266 3163 do
1297 3103 1380 3163 Mau-

500 3126 646 3186 passant.

1513 321 1637 381 box
1712 324 1947 384 43/17

2195 258 2405 318 Ausschnitt
2434 258 2520 318 aus:

2230 507 2489 567 pringfeld,
2505 514 2623 574 Mase.
2646 529 2897 589 Republicar

2410 646 2520 706 V2

2375 808 2529 868 ARTHUR
2560 813 2813 873 SCHNITZLER

2278 882 2413 942 Austrian
2453 890 2521 950 Man
2561 888 2594 948 of
2624 891 2748 951 Letters
2788 891 2844 951 afd

2537 921 2651 981 Censor

2300 959 2500 1019 Impressions
2530 963 2585 1023 and
2615 965 2627 1025 a
2661 965 2742 1025 brief
2768 965 2870 1025 sketch
2904 965 2933 1025 ol

2274 999 2383 1059 Arthur
2404 1004 2570 1064 Schnitzler
2590 1004 2639 1064 are
2660 1007 2745 1067 given
2769 1007 2793 1067 in
2822 1007 2935 1067 Every¬

2272 1041 2349 1101 an,
2379 1046 2396 1106 a
2431 1046 2551 1106 London
2590 1047 2718 1107 weekly,
2753 1049 2791 1109 by
2831 1049 2924 1109 Hetty

2271 1085 2452 1145 Landstone,
2477 1088 2539 1148 who
2567 1088 2634 1148 does
2662 1091 2717 1151 not
2745 1091 2812 1151 give
2840 1092 2926 1152 much

2274 1127 2478 1187 ponsideration
2518 1131 2545 1191 to
2584 1133 2780 1193 Schnitzler’s
2816 1136 2933 1196 novels.

2266 1157 2318 1217 Phe
2345 1161 2449 1221 says:—

2287 1201 2299 1261 I
2329 1201 2380 1261 had
2410 1204 2460 1264 the
2486 1205 2629 1265 privilege
2659 1204 2693 1264 of
2719 1209 2841 1269 visiting
2871 1208 2930 1268 Ar¬

2263 1232 2328 1292 thur
2363 1237 2527 1297 Schnitzler
2558 1237 2620 1297 last
2647 1237 2798 1297 summer,
2822 1240 2856 1300 at
2884 1240 2928 1300 hie

2267 1267 2414 1327 beautiful
2440 1270 2553 1330 private
2587 1270 2678 1330 house
2711 1270 2744 1330 on
2781 1273 2829 1333 the
2862 1275 2928 1335 out¬

2260 1300 2352 1360 kirts
2381 1300 2413 1360 of
2443 1303 2572 1363 Vienna,
2598 1303 2694 1363 where
2727 1304 2763 1364 he
2801 1306 2873 1366 lived
2915 1308 2926 1368 a

2271 1333 2357 1393 guiet,
2386 1336 2452 1396 well
2480 1336 2602 1396 ordered
2638 1336 2704 1396 life,
2728 1339 2830 1399 alone.
2874 1341 2929 1401 His

2274 1368 2423 1428 aughter,
2440 1368 2447 1428 a
2475 1371 2629 1431 beautiful
2645 1371 2707 1431 girl
2724 1371 2778 1431 and
2806 1373 2849 1433 the
2873 1372 2928 1432 ap¬

2264 1400 2299 1460 ple
2327 1399 2358 1459 of
2386 1401 2437 1461 her
2461 1401 2590 1461 father's
2618 1401 2684 1461 eye,
2704 1404 2771 1464 who
2799 1407 2881 1467 made
2909 1405 2920 1465 a

2264 1428 2317 1488 jove
2352 1434 2446 1494 match
2485 1436 2606 1496 against
2637 1437 2682 1497 his
2716 1437 2837 1497 wishes,
2861 1440 2921 1500 died

2264 1465 2337 1525 three
2363 1467 2447 1527 years
2470 1469 2539 1529 ago,
2558 1470 2653 1530 under
2676 1470 2771 1530 tragic
2797 1471 2925 1531 circum¬

2261 1499 2390 1559 tances.
2406 1500 2458 1560 His
2478 1501 2546 1561 son,
2562 1504 2569 1564 a
2596 1503 2641 1563 film
2680 1506 2778 1566 actor,
2793 1506 2812 1566 is
2832 1506 2926 1566 work¬

2260 1535 2299 1595 ing
2330 1533 2355 1593 in
2386 1533 2577 1593 Hollywood.

2279 1574 2453 1634 Schnitzler
2480 1574 2539 1634 was
2569 1576 2580 1636 a
2610 1579 2769 1639 charming
2799 1580 2925 1640 person¬

2254 1606 2341 1666 ality,
2364 1607 2428 1667 with
2463 1610 2626 1670 beautiful,
2646 1612 2790 1672 sensitive
2821 1616 2927 1676 hands,

2248 1640 2298 1700 the
2327 1643 2419 1703 hands
2448 1643 2477 1703 of
2502 1643 2551 1703 the
2580 1646 2670 1706 artist
2695 1646 2752 1706 and
2781 1649 2831 1709 the
2856 1646 2923 1706 sur¬

2253 1674 2340 1734 geon,
2375 1676 2447 1736 that
2478 1676 2629 1736 attracted
2675 1676 2724 1736 the
2767 1679 2915 1739 attention

2255 1706 2323 1766 even
2357 1709 2384 1769 of
2411 1709 2585 1769 strangers.
2609 1709 2666 1769 The
2696 1711 2757 1771 lock
2795 1715 2826 1775 of
2849 1715 2928 1775 hair,

2246 1740 2379 1800 anging
2407 1741 2489 1801 down
2517 1744 2564 1804 the
2592 1744 2698 1804 middle
2722 1744 2753 1804 of
2773 1747 2820 1807 his
2840 1746 2918 1806 fore¬

2250 1772 2322 1832 head
2357 1774 2425 1834 that
2460 1777 2513 1837 had
2552 1774 2620 1834 been
2655 1777 2781 1837 famous
2812 1780 2838 1840 in
2873 1780 2922 1840 the

2246 1804 2321 1864 Cafe
2354 1807 2475 1867 Europa
2521 1810 2575 1870 and
2609 1810 2654 1870 all
2680 1810 2750 1870 oyer
2792 1813 2921 1873 Vienna,

2247 1838 2330 1898 when
2356 1840 2380 1900 it
2402 1840 2460 1900 was
2481 1843 2552 1903 pure
2574 1846 2657 1906 gold,
2674 1844 2732 1904 was
2754 1846 2812 1906 now
2837 1846 2921 1906 turn-

2241 1873 2293 1933 ing
2325 1873 2349 1933 to
2373 1876 2480 1936 silver.

2282 1915 2323 1975 He
2349 1915 2407 1975 was
2433 1917 2479 1977 the
2500 1918 2550 1978 son
2576 1918 2609 1978 of
2626 1919 2638 1979 a
2665 1921 2773 1981 throat
2790 1922 2916 1982 special¬

2251 1948 2300 2008 st,
2324 1948 2378 2008 and
2406 1950 2452 2010 his
2475 1950 2599 2010 brother
2627 1953 2649 2013 is
2673 1953 2741 2013 still
2765 1954 2773 2014 a
2801 1956 2920 2016 famous

2253 1982 2371 2042 Burgeon
2409 1983 2431 2043 in
2470 1983 2599 2043 Vienna.
2622 1986 2668 2046 He
2702 1986 2827 2046 himself
2858 1986 2915 2046 was

2246 2015 2379 2075 brought
2402 2016 2436 2076 up
2463 2016 2489 2076 to
2516 2016 2561 2076 the
2588 2019 2717 2079 medical
2740 2021 2919 2081 profession,

2250 2049 2296 2109 and
2328 2049 2449 2109 became
2479 2050 2510 2110 an
2543 2052 2625 2112 army
2657 2052 2789 2112 medical
2811 2055 2921 2115 officer.

2253 2080 2343 2140 While
2379 2083 2544 2143 occupying
2587 2085 2646 2145 this
2693 2088 2842 2148 position,
2878 2088 2913 2148 he

2245 2115 2351 2175 wrote,
2383 2118 2588 2178 “Lieutenant
2620 2118 2733 2178 Gustl,”
2769 2121 2781 2181 a
2821 2121 2911 2181 biting

2244 2147 2368 2207 censure
2397 2147 2425 2207 of
2450 2149 2495 2209 the
2524 2150 2623 2210 system
2666 2151 2698 2211 of
2719 2153 2907 2213 compulsory

2245 2180 2378 2240 dueling.
2408 2183 2438 2243 It
2454 2183 2476 2243 is
2500 2183 2613 2243 written
2640 2183 2659 2243 in
2686 2183 2731 2243 the
2754 2186 2815 2246 form
2849 2186 2879 2246 of
2899 2186 2906 2246 a

2245 2213 2398 2273 monolog,
2414 2214 2469 2274 and
2493 2216 2516 2276 is
2540 2216 2552 2276 a
2580 2216 2753 2276 wonderful
2773 2220 2859 2280 study
2887 2219 2914 2279 of

2241 2246 2288 2306 the
2316 2249 2435 2309 shallow
2478 2249 2628 2309 thoughts
2668 2249 2699 2309 of
2727 2251 2762 2311 an
2806 2252 2909 2312 empty

2239 2280 2336 2340 mind.
2361 2282 2389 2342 It
2418 2282 2544 2342 aroused
2577 2282 2626 2342 the
2659 2283 2847 2343 indignation
2884 2285 2912 2345 of

2243 2315 2288 2375 he
2311 2315 2508 2375 authorities,
2524 2315 2581 2375 and
2608 2318 2657 2378 the
2684 2318 2779 2378 young
2809 2319 2908 2379 doctor

2243 2345 2301 2405 was
2327 2346 2423 2406 forced
2453 2347 2482 2407 to
2509 2349 2604 2409 resign
2634 2350 2700 2410 from
2741 2351 2792 2411 the
2819 2353 2918 2413 army.

2243 2377 2326 2437 After
2351 2380 2425 2440 this,
2440 2382 2459 2442 in
2489 2382 2533 2442 the
2558 2383 2700 2443 nineties,
2720 2386 2754 2446 he
2779 2386 2837 2446 took
2868 2388 2901 2448 up

2244 2413 2355 2473 writing
2380 2416 2411 2476 as
2436 2416 2443 2476 a
2471 2416 2658 2476 profession.

2270 2454 2395 2514 Outside
2415 2458 2554 2518 Austria,
2569 2459 2738 2519 Schnitzler
2758 2461 2781 2521 is
2801 2461 2907 2521 known

2240 2489 2304 2549 best
2340 2489 2373 2549 by
2408 2489 2455 2549 his
2486 2492 2598 2552 lighter
2646 2494 2809 2554 comedies.
2848 2494 2908 2554 The

2242 2520 2371 2580 "Anatol
2411 2524 2603 2584 Dialogues,”
2655 2527 2824 2587 translated
2871 2527 2902 2587 by

2238 2555 2539 2615 Granville-Barker,
2557 2557 2623 2617 give
2650 2559 2682 2619 us
2708 2559 2756 2619 the
2782 2559 2844 2619 love
2859 2558 2906 2618 af¬

2235 2586 2306 2646 fairs
2330 2586 2357 2646 of
2377 2586 2384 2646 a
2416 2589 2558 2649 Viennese
2582 2591 2696 2651 dandy.
2727 2592 2758 2652 In
2786 2592 2908 2652 "Llebe¬

2236 2616 2288 2676 lei"
2312 2618 2344 2678 or
2373 2621 2563 2681 “Flirtation”
2593 2622 2633 2682 wę
2661 2625 2738 2685 have
2767 2625 2815 2685 the
2840 2627 2904 2687 love

2233 2653 2350 2713 theme,
2366 2654 2472 2714 ending
2499 2655 2578 2715 more
2602 2658 2761 2718 tragically
2788 2659 2810 2719 in
2838 2661 2909 2721 duel

2233 2685 2290 2745 and
2321 2688 2450 2748 suicide.
2477 2691 2545 2751 This
2580 2689 2644 2749 play
2679 2690 2740 2750 was
2770 2692 2842 2752 done
2873 2694 2907 2754 at

2238 2721 2289 2781 His
2309 2724 2466 2784 Majesty's
2490 2724 2624 2784 theater,
2644 2726 2735 2786 under
2759 2727 2809 2787 the
2834 2727 2912 2787 title,

2238 2751 2347 2811 "Light
2368 2756 2395 2816 of
2416 2753 2521 2813 Love."
2546 2756 2603 2816 The
2628 2756 2692 2816 plot
2713 2757 2741 2817 of
2766 2759 2814 2819 the
2835 2761 2899 2821 play

2229 2788 2256 2848 is
2280 2788 2386 2848 slight,
2410 2789 2465 2849 but
2489 2789 2536 2849 the
2564 2792 2662 2852 theme
2694 2792 2725 2852 of
2749 2792 2800 2852 the
2828 2794 2902 2854 dan¬

2235 2822 2282 2882 ger
2306 2820 2333 2880 to
2361 2820 2451 2880 youth
2483 2822 2514 2882 of
2538 2825 2656 2885 playing
2692 2825 2758 2885 with
2790 2827 2853 2887 love
2877 2828 2900 2888 is

2233 2854 2354 2914 handled
2384 2855 2472 2915 deftly
2499 2855 2553 2915 and
2580 2857 2627 2917 the
2654 2858 2831 2918 characters
2853 2856 2901 2916 are

2226 2886 2305 2946 real,
2325 2888 2374 2948 the
2401 2888 2466 2948 play
2493 2889 2576 2949 being
2607 2891 2618 2951 a
2649 2894 2847 2954 masterpiece
2874 2894 2904 2954 of

2238 2921 2363 2981 technic.
2389 2921 2481 2981 Other
2514 2924 2661 2984 comedies
2691 2927 2838 2987 produced
2872 2927 2897 2987 in

2230 2953 2351 3013 English
2390 2952 2462 3012 were
2497 2954 2664 3014 “Countess
2699 2959 2801 3019 Mizzi"
2844 2957 2897 3017 and

2235 2984 2337 3044 “Green
2383 2988 2558 3048 Cockatoo."
2604 2985 2645 3045 “In
2692 2990 2828 3050 Freiwild
2867 2989 2900 3049 or

2234 3019 2298 3079 Fair
2331 3020 2447 3080 Game,"
2480 3022 2649 3082 Schnitzler
2690 3027 2827 3087 indulged
2868 3025 2892 3085 in

2230 3052 2354 3112 another
2403 3055 2549 3115 dramatic
2601 3058 2729 3118 diatribe
2778 3061 2902 3121 against

2229 3088 2364 3148 dueling.
2396 3088 2428 3148 It
2446 3088 2527 3148 must
2549 3089 2581 3149 be
2606 3091 2809 3151 remembered
2834 3092 2901 3152 that

2226 3120 2363 3180 dueling,
2388 3121 2533 3181 although
2573 3124 2753 3184 technically
2793 3126 2903 3186 illegal,

2231 3153 2290 3213 was
2317 3153 2372 3213 not
2400 3153 2463 3213 only
2499 3155 2612 3215 winked
2644 3157 2679 3217 at
2707 3159 2730 3219 in
2766 3159 2903 3219 Austria,

2227 3186 2278 3246 but
2312 3186 2486 3246 practically
2523 3189 2663 3249 enforced
2712 3189 2748 3249 by
2786 3193 2800 3253 a
2845 3189 2896 3249 so¬

2227 3218 2318 3278 called
2344 3219 2409 3279 code
2435 3222 2465 3282 of
2487 3222 2595 3282 honor,
2613 3225 2695 3285 until
2713 3225 2764 3285 the
2786 3225 2898 3285 empire

2229 3252 2347 3312 became
2378 3252 2389 3312 a
2419 3253 2567 3313 republic.

2257 3287 2290 3347 In
2324 3287 2365 3347 all
2391 3288 2436 3348 his
2466 3288 2545 3348 early
2583 3288 2700 3348 works,
2726 3291 2893 3351 Schnitzler

2226 3318 2283 3378 was
2314 3319 2364 3379 the
2391 3321 2506 3381 apostle
2537 3321 2567 3381 of
2591 3323 2640 3383 the
2671 3323 2744 3383 flesh
2775 3323 2832 3383 and
2859 3323 2897 3383 its

2229 3351 2393 3411 pleasures,
2414 3353 2560 3413 preached
2593 3356 2618 3416 in
2665 3356 2714 3416 the
2754 3358 2900 3418 frankest

2226 3386 2362 3446 manner,
2388 3386 2499 3446 though
2537 3387 2606 3447 with
2644 3389 2677 3449 an
2714 3390 2891 3450 underlying

2225 3419 2285 3479 vein
2314 3419 2342 3479 of
2364 3419 2566 3479 melancholy.
2584 3422 2626 3482 He
2651 3422 2733 3482 could
2761 3422 2843 3482 welte
2864 3425 2889 3485 in

2220 3452 2363 3512 masterly
2408 3452 2534 3512 manner
2579 3452 2609 3512 of
2651 3455 2702 3515 the
2750 3455 2890 3515 "Suesses

2226 3485 2343 3545 Maedl,"
2386 3483 2400 3543 a
2439 3486 2499 3546 term
2549 3487 2690 3547 invented
2740 3488 2774 3548 by
2820 3491 2895 3551 him,

2222 3518 2313 3578 which
2347 3518 2372 3578 is
2398 3518 2523 3578 difficult
2553 3520 2578 3580 to
2615 3520 2781 3580 translate,
2792 3523 2891 3583 mean¬

2226 3553 2267 3613 ing
2291 3550 2416 3610 literally
2440 3550 2546 3610 “sweet
2565 3553 2638 3613 girl"
2657 3550 2687 3610 or
2711 3552 2794 3612 “best
2814 3554 2893 3614 girl.“

2221 3584 2279 3644 The
2302 3583 2423 3643 nearest
2446 3586 2604 3646 prototype
2626 3586 2651 3646 to
2674 3588 2699 3648 it
2714 3589 2736 3649 is
2762 3592 2891 3652 perhaps

2222 3619 2266 3679 the
2293 3619 2449 3679 midinette
2479 3619 2509 3679 of
2531 3619 2635 3679 Paris.

2253 3658 2338 3718 After
2364 3661 2479 3721 writing
2505 3664 2590 3724 some
2617 3661 2647 3721 30
2673 3661 2706 3721 or
2728 3661 2758 3721 40
2788 3664 2888 3724 novels

2219 3695 2274 3755 and
2300 3694 2399 3754 plays,
2422 3694 2550 3754 running
2581 3695 2617 3755 up
2643 3697 2698 3757 and
2728 3697 2813 3757 down
2839 3698 2886 3758 the

2220 3726 2311 3786 whole
2337 3726 2443 3786 gamut
2468 3726 2500 3786 of
2522 3726 2586 3786 love
2614 3727 2668 3787 and
2696 3729 2746 3789 the
2775 3729 2888 3789 senses,

2217 3761 2251 3821 he
2274 3759 2418 3819 suddenly
2445 3759 2616 3819 astonished
2643 3762 2696 3822 and
2723 3763 2882 3823 electrified

2221 3797 2261 3857 his
2285 3792 2435 3852 following
2468 3792 2533 3852 with
2570 3790 2642 3850 "The
2671 3795 2752 3855 Road
2781 3798 2809 3858 to
2838 3798 2886 3858 the

2217 3823 2323 3883 Open,"
2349 3821 2360 3881 a
2390 3824 2452 3884 long
2485 3823 2588 3883 novel,
2607 3825 2717 3885 mostly
2747 3830 2886 3890 autobio-

2219 3858 2373 3918 graphical
2392 3858 2417 3918 in
2443 3858 2454 3918 a
2476 3858 2586 3918 setting
2612 3861 2641 3921 of
2663 3861 2806 3921 religlous
2825 3861 2876 3921 and

2211 3893 2306 3953 social
2329 3891 2491 3951 problems,
2513 3894 2646 3954 painting
2680 3894 2746 3954 with
2776 3895 2786 3955 a
2816 3896 2882 3956 sure

2220 3927 2265 3987 pen
2296 3926 2463 3986 Christian,
2479 3926 2555 3986 Jew,
2574 3926 2692 3986 Zionist
2715 3927 2768 3987 and
2799 3928 2886 3988 Antl¬

2214 3958 2335 4018 semite,
2367 3959 2421 4019 and
2464 3957 2542 4017 their
2578 3958 2745 4018 divergent
2781 3960 2888 4020 views.

2211 3989 2249 4049 On
2278 3992 2324 4052 the
2346 3992 2427 4052 same
2453 3992 2520 4052 lines
2545 3990 2566 4050 is
2592 3989 2766 4049 "Professor
2791 3991 2883 4051 Bern¬

2211 4025 2321 4085 hardi."
2348 4025 2495 4085 produced
2525 4025 2551 4085 in
2584 4025 2665 4085 1911,
2688 4025 2780 4085 which
2818 4025 2880 4085 tells

2210 4055 2235 4115 of
2260 4057 2306 4117 the
2332 4058 2410 4118 clash
2439 4058 2571 4118 between
2600 4058 2646 4118 the
2675 4058 2781 4118 Jewish
2810 4058 2878 4118 doc¬

2207 4089 2254 4149 tor
2273 4088 2306 4148 at
2325 4089 2331 4149 a
2362 4091 2505 4151 Viennese
2528 4091 2660 4151 hospital
2679 4091 2730 4151 and
2757 4091 2767 4151 a
2790 4090 2878 4150 Ceth¬

2208 4121 2261 4181 olic
2293 4123 2403 4183 priest,
2425 4123 2492 4183 each
2528 4123 2613 4183 doing
2649 4123 2691 4183 his
2724 4123 2794 4183 duty
2827 4123 2858 4183 ac

2207 4155 2328 4215 cording
2358 4156 2387 4216 to
2413 4156 2457 4216 his
2487 4156 2546 4216 own
2579 4158 2686 4218 lights.
2709 4156 2782 4216 This
2808 4159 2874 4219 play

2207 4184 2265 4244 was
2293 4189 2434 4249 censored
2462 4192 2492 4252 at
2514 4192 2582 4252 first
2607 4192 2627 4252 in
2662 4192 2799 4252 Austria,
2817 4191 2878 4251 ow¬
