<?xml version="1.0" encoding="UTF-8" standalone="yes"?>
<PcGts xmlns="http://schema.primaresearch.org/PAGE/gts/pagecontent/2013-07-15" xmlns:xsi="http://www.w3.org/2001/XMLSchema-instance" xsi:schemaLocation="http://schema.primaresearch.org/PAGE/gts/pagecontent/2013-07-15 http://schema.primaresearch.org/PAGE/gts/pagecontent/2013-07-15/pagecontent.xsd">
    <Metadata>
        <Creator>prov=READ-COOP:name=PyLaia@TranskribusPlatform:version=2.12.1:model_id=39995:lm=none:date=09_04_2024_22:51</Creator>
        <Created>2019-10-07T20:40:00.417+02:00</Created>
        <LastChange>2024-04-09T22:51:55.627+02:00</LastChange>
        <TranskribusMetadata docId="224459" pageId="9583440" pageNr="616" tsid="157630942" status="IN_PROGRESS" userId="64420" imgUrl="https://files.transkribus.eu/Get?id=BVRTBSHVDABCQAYHRRJGYWUT&amp;fileType=view" xmlUrl="https://files.transkribus.eu/Get?id=EKETQXWVZUUOHBLSBWYJGCUJ" imageId="6209367"/>
    </Metadata>
    <Page imageFilename="224459_0616.jpeg" imageWidth="3392" imageHeight="4320">
        <ReadingOrder>
            <OrderedGroup id="ro_1712938200267" caption="Regions reading order">
                <RegionRefIndexed index="0" regionRef="tr_1"/>
                <RegionRefIndexed index="1" regionRef="tr_2"/>
                <RegionRefIndexed index="2" regionRef="tr_3"/>
            </OrderedGroup>
        </ReadingOrder>
        <TextRegion orientation="0.0" id="tr_1" custom="readingOrder {index:0;}">
            <Coords points="137,258 137,414 241,414 241,258"/>
            <TextLine id="tr_1_tl_1" custom="readingOrder {index:0;}">
                <Coords points="128,378 137,378 150,369 159,373 166,367 183,376 195,371 212,378 234,373 234,312 192,303 184,309 155,307 135,292 124,292"/>
                <Baseline points="137,358 163,360 189,361 215,361 241,364"/>
                <Word id="tr_1_tl_1_w1" custom="readingOrder {index:0;}">
                    <Coords points="135,320 135,380 200,380 200,320"/>
                    <TextEquiv>
                        <Unicode>12</Unicode>
                    </TextEquiv>
                </Word>
                <TextEquiv>
                    <Unicode>12</Unicode>
                </TextEquiv>
            </TextLine>
            <TextEquiv>
                <Unicode></Unicode>
            </TextEquiv>
        </TextRegion>
        <TextRegion orientation="0.0" id="tr_2" custom="readingOrder {index:1;}">
            <Coords points="223,331 223,4141 1391,4141 1391,331"/>
            <TextLine id="tr_2_tl_1" custom="readingOrder {index:0;}">
                <Coords points="303,384 1233,373 1233,289 988,294 942,334 900,303 846,340 698,296 612,320 562,285 303,305"/>
                <Baseline points="313,370 359,364 405,363 451,361 498,362 544,365 590,367 636,367 683,365 729,364 775,364 821,366 868,363 914,363 960,357 1006,355 1053,358 1099,358 1145,361 1191,361 1238,367"/>
                <Word id="tr_2_tl_1_w1" custom="readingOrder {index:0;}">
                    <Coords points="312,325 312,385 790,385 790,325"/>
                    <TextEquiv>
                        <Unicode>Schuitzler</Unicode>
                    </TextEquiv>
                </Word>
                <Word id="tr_2_tl_1_w2" custom="readingOrder {index:1;}">
                    <Coords points="858,323 858,383 895,383 895,323"/>
                    <TextEquiv>
                        <Unicode>s</Unicode>
                    </TextEquiv>
                </Word>
                <Word id="tr_2_tl_1_w3" custom="readingOrder {index:2;}">
                    <Coords points="964,318 964,378 1193,378 1193,318"/>
                    <TextEquiv>
                        <Unicode>Deatl</Unicode>
                    </TextEquiv>
                </Word>
                <TextEquiv>
                    <Unicode>Schuitzler s Deatl</Unicode>
                </TextEquiv>
            </TextLine>
            <TextLine id="tr_2_tl_2" custom="readingOrder {index:1;}">
                <Coords points="342,583 373,603 400,595 429,608 493,603 513,584 626,595 720,583 720,524 674,511 581,522 544,504 497,539 429,544 382,508 342,510"/>
                <Baseline points="352,579 378,579 405,579 431,579 458,579 485,577 511,576 538,576 565,576 591,576 618,576 645,576 671,576 698,575 725,573"/>
                <Word id="tr_2_tl_2_w1" custom="readingOrder {index:0;}">
                    <Coords points="356,538 356,598 587,598 587,538"/>
                    <TextEquiv>
                        <Unicode>AUSSCHMITT</Unicode>
                    </TextEquiv>
                </Word>
                <Word id="tr_2_tl_2_w2" custom="readingOrder {index:1;}">
                    <Coords points="607,536 607,596 691,596 691,536"/>
                    <TextEquiv>
                        <Unicode>VOM.</Unicode>
                    </TextEquiv>
                </Word>
                <TextEquiv>
                    <Unicode>AUSSCHMITT VOM.</Unicode>
                </TextEquiv>
            </TextLine>
            <TextLine id="tr_2_tl_3" custom="readingOrder {index:2;}">
                <Coords points="825,657 1017,661 1096,636 1160,654 1198,645 1198,570 1163,561 1092,584 977,559 948,579 825,583"/>
                <Baseline points="835,632 861,631 887,629 913,627 940,626 966,626 992,626 1019,626 1045,627 1071,629 1097,629 1124,628 1150,627 1176,626 1203,626"/>
                <Word id="tr_2_tl_3_w1" custom="readingOrder {index:0;}">
                    <Coords points="832,591 832,651 848,651 848,591"/>
                    <TextEquiv>
                        <Unicode>2</Unicode>
                    </TextEquiv>
                </Word>
                <Word id="tr_2_tl_3_w2" custom="readingOrder {index:1;}">
                    <Coords points="884,587 884,647 935,647 935,587"/>
                    <TextEquiv>
                        <Unicode>6.</Unicode>
                    </TextEquiv>
                </Word>
                <Word id="tr_2_tl_3_w3" custom="readingOrder {index:2;}">
                    <Coords points="963,586 963,646 1057,646 1057,586"/>
                    <TextEquiv>
                        <Unicode>OKI.</Unicode>
                    </TextEquiv>
                </Word>
                <Word id="tr_2_tl_3_w4" custom="readingOrder {index:3;}">
                    <Coords points="1085,587 1085,647 1188,647 1188,587"/>
                    <TextEquiv>
                        <Unicode>1931</Unicode>
                    </TextEquiv>
                </Word>
                <TextEquiv>
                    <Unicode>2 6. OKI. 1931</Unicode>
                </TextEquiv>
            </TextLine>
            <TextLine id="tr_2_tl_4" custom="readingOrder {index:3;}">
                <Coords points="393,787 1313,783 1297,696 393,707"/>
                <Baseline points="403,773 448,772 494,771 539,768 585,767 631,767 676,767 722,765 768,764 813,766 859,765 905,764 950,766 996,767 1042,767 1087,767 1133,764 1179,764 1224,764 1270,761 1316,764"/>
                <Word id="tr_2_tl_4_w1" custom="readingOrder {index:0;}">
                    <Coords points="402,729 402,789 639,789 639,729"/>
                    <TextEquiv>
                        <Unicode>Bayrische</Unicode>
                    </TextEquiv>
                </Word>
                <Word id="tr_2_tl_4_w2" custom="readingOrder {index:1;}">
                    <Coords points="689,724 689,784 1034,784 1034,724"/>
                    <TextEquiv>
                        <Unicode>Staatszeitung.</Unicode>
                    </TextEquiv>
                </Word>
                <Word id="tr_2_tl_4_w3" custom="readingOrder {index:2;}">
                    <Coords points="1075,724 1075,784 1292,784 1292,724"/>
                    <TextEquiv>
                        <Unicode>münchen</Unicode>
                    </TextEquiv>
                </Word>
                <TextEquiv>
                    <Unicode>Bayrische Staatszeitung. münchen</Unicode>
                </TextEquiv>
            </TextLine>
            <TextLine id="tr_2_tl_5" custom="readingOrder {index:4;}">
                <Coords points="603,884 970,869 972,802 897,793 846,820 785,809 716,835 674,811 604,825"/>
                <Baseline points="612,865 638,864 664,862 690,862 716,862 742,862 768,861 794,859 820,859 846,859 872,857 898,856 924,856 950,855 976,853"/>
                <Word id="tr_2_tl_5_w1" custom="readingOrder {index:0;}">
                    <Coords points="603,822 603,882 714,882 714,822"/>
                    <TextEquiv>
                        <Unicode>Kleine</Unicode>
                    </TextEquiv>
                </Word>
                <Word id="tr_2_tl_5_w2" custom="readingOrder {index:1;}">
                    <Coords points="742,818 742,878 970,878 970,818"/>
                    <TextEquiv>
                        <Unicode>Nachrichten.</Unicode>
                    </TextEquiv>
                </Word>
                <TextEquiv>
                    <Unicode>Kleine Nachrichten.</Unicode>
                </TextEquiv>
            </TextLine>
            <TextLine id="tr_2_tl_6" custom="readingOrder {index:5;}">
                <Coords points="272,928 349,957 442,922 1368,900 1370,853 1293,844 274,891"/>
                <Baseline points="283,922 337,925 392,925 446,922 501,921 555,917 610,916 664,913 719,909 773,906 828,904 882,901 937,904 991,901 1046,901 1100,899 1155,902 1209,894 1264,892 1318,892 1373,892"/>
                <Word id="tr_2_tl_6_w1" custom="readingOrder {index:0;}">
                    <Coords points="271,881 271,941 695,941 695,881"/>
                    <TextEquiv>
                        <Unicode>Zentralfriedhof</Unicode>
                    </TextEquiv>
                </Word>
                <Word id="tr_2_tl_6_w2" custom="readingOrder {index:1;}">
                    <Coords points="724,867 724,927 751,927 751,867"/>
                    <TextEquiv>
                        <Unicode>in</Unicode>
                    </TextEquiv>
                </Word>
                <Word id="tr_2_tl_6_w3" custom="readingOrder {index:2;}">
                    <Coords points="785,864 785,924 864,924 864,864"/>
                    <TextEquiv>
                        <Unicode>Wien</Unicode>
                    </TextEquiv>
                </Word>
                <Word id="tr_2_tl_6_w4" custom="readingOrder {index:3;}">
                    <Coords points="903,863 903,923 1001,923 1001,863"/>
                    <TextEquiv>
                        <Unicode>wurde</Unicode>
                    </TextEquiv>
                </Word>
                <Word id="tr_2_tl_6_w5" custom="readingOrder {index:4;}">
                    <Coords points="1035,860 1035,920 1062,920 1062,860"/>
                    <TextEquiv>
                        <Unicode>am</Unicode>
                    </TextEquiv>
                </Word>
                <Word id="tr_2_tl_6_w6" custom="readingOrder {index:5;}">
                    <Coords points="1110,860 1110,920 1227,920 1227,860"/>
                    <TextEquiv>
                        <Unicode>Freitag</Unicode>
                    </TextEquiv>
                </Word>
                <Word id="tr_2_tl_6_w7" custom="readingOrder {index:6;}">
                    <Coords points="1266,852 1266,912 1364,912 1364,852"/>
                    <TextEquiv>
                        <Unicode>mittag</Unicode>
                    </TextEquiv>
                </Word>
                <TextEquiv>
                    <Unicode>Zentralfriedhof in Wien wurde am Freitag mittag</Unicode>
                </TextEquiv>
            </TextLine>
            <TextLine id="tr_2_tl_7" custom="readingOrder {index:6;}">
                <Coords points="444,959 1366,930 1368,900 1315,895 446,933"/>
                <Baseline points="456,949 501,946 547,946 593,946 638,945 684,943 730,942 775,939 821,936 867,934 913,933 958,931 1004,930 1050,929 1095,928 1141,922 1187,921 1232,922 1278,922 1324,922 1370,916"/>
                <Word id="tr_2_tl_7_w1" custom="readingOrder {index:0;}">
                    <Coords points="437,906 437,966 570,966 570,906"/>
                    <TextEquiv>
                        <Unicode>litzler</Unicode>
                    </TextEquiv>
                </Word>
                <Word id="tr_2_tl_7_w2" custom="readingOrder {index:1;}">
                    <Coords points="603,905 603,965 653,965 653,905"/>
                    <TextEquiv>
                        <Unicode>zur</Unicode>
                    </TextEquiv>
                </Word>
                <Word id="tr_2_tl_7_w3" custom="readingOrder {index:2;}">
                    <Coords points="689,901 689,961 779,961 779,901"/>
                    <TextEquiv>
                        <Unicode>letzten</Unicode>
                    </TextEquiv>
                </Word>
                <Word id="tr_2_tl_7_w4" custom="readingOrder {index:3;}">
                    <Coords points="819,894 819,954 901,954 901,894"/>
                    <TextEquiv>
                        <Unicode>Ruhe</Unicode>
                    </TextEquiv>
                </Word>
                <Word id="tr_2_tl_7_w5" custom="readingOrder {index:4;}">
                    <Coords points="941,890 941,950 1062,950 1062,890"/>
                    <TextEquiv>
                        <Unicode>geleitet.</Unicode>
                    </TextEquiv>
                </Word>
                <Word id="tr_2_tl_7_w6" custom="readingOrder {index:5;}">
                    <Coords points="1102,883 1102,943 1156,943 1156,883"/>
                    <TextEquiv>
                        <Unicode>Die</Unicode>
                    </TextEquiv>
                </Word>
                <Word id="tr_2_tl_7_w7" custom="readingOrder {index:6;}">
                    <Coords points="1192,882 1192,942 1365,942 1365,882"/>
                    <TextEquiv>
                        <Unicode>ifraelitische</Unicode>
                    </TextEquiv>
                </Word>
                <TextEquiv>
                    <Unicode>litzler zur letzten Ruhe geleitet. Die ifraelitische</Unicode>
                </TextEquiv>
            </TextLine>
            <TextLine id="tr_2_tl_8" custom="readingOrder {index:7;}">
                <Coords points="214,968 232,964 252,970 272,962 289,968 314,962 336,970 354,964 354,939 340,935 327,941 318,935 290,939 279,928 272,931 265,924 245,920 214,928"/>
                <Baseline points="223,958 250,958 277,958 304,958 331,958 358,958"/>
                <Word id="tr_2_tl_8_w1" custom="readingOrder {index:0;}">
                    <Coords points="212,918 212,978 340,978 340,918"/>
                    <TextEquiv>
                        <Unicode>Arthur)</Unicode>
                    </TextEquiv>
                </Word>
                <TextEquiv>
                    <Unicode>Arthur)</Unicode>
                </TextEquiv>
            </TextLine>
            <TextLine id="tr_2_tl_9" custom="readingOrder {index:8;}">
                <Coords points="215,993 1357,953 1322,924 215,966"/>
                <Baseline points="226,991 282,988 339,984 396,982 453,978 509,976 566,975 623,971 680,970 736,970 793,968 850,964 907,964 963,961 1020,960 1077,958 1134,955 1190,955 1247,954 1304,952 1361,952"/>
                <Word id="tr_2_tl_9_w1" custom="readingOrder {index:0;}">
                    <Coords points="208,944 208,1004 462,1004 462,944"/>
                    <TextEquiv>
                        <Unicode>Kultusgeminde</Unicode>
                    </TextEquiv>
                </Word>
                <Word id="tr_2_tl_9_w2" custom="readingOrder {index:1;}">
                    <Coords points="486,935 486,995 560,995 560,935"/>
                    <TextEquiv>
                        <Unicode>hatte</Unicode>
                    </TextEquiv>
                </Word>
                <Word id="tr_2_tl_9_w3" custom="readingOrder {index:2;}">
                    <Coords points="584,932 584,992 630,992 630,932"/>
                    <TextEquiv>
                        <Unicode>dem</Unicode>
                    </TextEquiv>
                </Word>
                <Word id="tr_2_tl_9_w4" custom="readingOrder {index:3;}">
                    <Coords points="666,928 666,988 869,988 869,928"/>
                    <TextEquiv>
                        <Unicode>Verstorbenen</Unicode>
                    </TextEquiv>
                </Word>
                <Word id="tr_2_tl_9_w5" custom="readingOrder {index:4;}">
                    <Coords points="901,923 901,983 940,983 940,923"/>
                    <TextEquiv>
                        <Unicode>ein</Unicode>
                    </TextEquiv>
                </Word>
                <Word id="tr_2_tl_9_w6" custom="readingOrder {index:5;}">
                    <Coords points="967,918 967,978 1131,978 1131,918"/>
                    <TextEquiv>
                        <Unicode>Ehrengrab</Unicode>
                    </TextEquiv>
                </Word>
                <Word id="tr_2_tl_9_w7" custom="readingOrder {index:6;}">
                    <Coords points="1159,914 1159,974 1288,974 1288,914"/>
                    <TextEquiv>
                        <Unicode>gestiftet.</Unicode>
                    </TextEquiv>
                </Word>
                <Word id="tr_2_tl_9_w8" custom="readingOrder {index:7;}">
                    <Coords points="1316,912 1316,972 1358,972 1358,912"/>
                    <TextEquiv>
                        <Unicode>Ar</Unicode>
                    </TextEquiv>
                </Word>
                <TextEquiv>
                    <Unicode>Kultusgeminde hatte dem Verstorbenen ein Ehrengrab gestiftet. Ar</Unicode>
                </TextEquiv>
            </TextLine>
            <TextLine id="tr_2_tl_10" custom="readingOrder {index:9;}">
                <Coords points="212,1026 1386,1010 1388,964 1313,951 214,995"/>
                <Baseline points="223,1018 281,1017 339,1012 398,1012 456,1009 515,1009 573,1007 631,1003 690,1002 748,1000 807,997 865,996 923,994 982,991 1040,991 1099,990 1157,988 1215,988 1274,985 1332,985 1391,988"/>
                <Word id="tr_2_tl_10_w1" custom="readingOrder {index:0;}">
                    <Coords points="206,977 206,1037 248,1037 248,977"/>
                    <TextEquiv>
                        <Unicode>der</Unicode>
                    </TextEquiv>
                </Word>
                <Word id="tr_2_tl_10_w2" custom="readingOrder {index:1;}">
                    <Coords points="276,969 276,1029 637,1029 637,969"/>
                    <TextEquiv>
                        <Unicode>Beisetzungsfeierlichkeit</Unicode>
                    </TextEquiv>
                </Word>
                <Word id="tr_2_tl_10_w3" custom="readingOrder {index:2;}">
                    <Coords points="661,961 661,1021 777,1021 777,961"/>
                    <TextEquiv>
                        <Unicode>nahmen</Unicode>
                    </TextEquiv>
                </Word>
                <Word id="tr_2_tl_10_w4" custom="readingOrder {index:3;}">
                    <Coords points="811,956 811,1016 853,1016 853,956"/>
                    <TextEquiv>
                        <Unicode>die</Unicode>
                    </TextEquiv>
                </Word>
                <Word id="tr_2_tl_10_w5" custom="readingOrder {index:4;}">
                    <Coords points="877,951 877,1011 1186,1011 1186,951"/>
                    <TextEquiv>
                        <Unicode>Familienmitglieder</Unicode>
                    </TextEquiv>
                </Word>
                <Word id="tr_2_tl_10_w6" custom="readingOrder {index:5;}">
                    <Coords points="1214,946 1214,1006 1265,1006 1265,946"/>
                    <TextEquiv>
                        <Unicode>und</Unicode>
                    </TextEquiv>
                </Word>
                <Word id="tr_2_tl_10_w7" custom="readingOrder {index:6;}">
                    <Coords points="1294,945 1294,1005 1387,1005 1387,945"/>
                    <TextEquiv>
                        <Unicode>viele,</Unicode>
                    </TextEquiv>
                </Word>
                <TextEquiv>
                    <Unicode>der Beisetzungsfeierlichkeit nahmen die Familienmitglieder und viele,</Unicode>
                </TextEquiv>
            </TextLine>
            <TextLine id="tr_2_tl_11" custom="readingOrder {index:10;}">
                <Coords points="215,1074 900,1043 878,993 217,1025"/>
                <Baseline points="226,1053 259,1051 293,1049 327,1047 361,1047 395,1045 429,1043 463,1041 497,1041 531,1039 565,1038 598,1038 632,1035 666,1033 700,1032 734,1031 768,1029 802,1028 836,1027 870,1027 904,1027"/>
                <Word id="tr_2_tl_11_w1" custom="readingOrder {index:0;}">
                    <Coords points="215,1009 215,1069 347,1069 347,1009"/>
                    <TextEquiv>
                        <Unicode>Freunde</Unicode>
                    </TextEquiv>
                </Word>
                <Word id="tr_2_tl_11_w2" custom="readingOrder {index:1;}">
                    <Coords points="373,1004 373,1064 423,1064 423,1004"/>
                    <TextEquiv>
                        <Unicode>und</Unicode>
                    </TextEquiv>
                </Word>
                <Word id="tr_2_tl_11_w3" custom="readingOrder {index:2;}">
                    <Coords points="449,999 449,1059 592,1059 592,999"/>
                    <TextEquiv>
                        <Unicode>Verehrer</Unicode>
                    </TextEquiv>
                </Word>
                <Word id="tr_2_tl_11_w4" custom="readingOrder {index:3;}">
                    <Coords points="613,994 613,1054 658,1054 658,994"/>
                    <TextEquiv>
                        <Unicode>des</Unicode>
                    </TextEquiv>
                </Word>
                <Word id="tr_2_tl_11_w5" custom="readingOrder {index:4;}">
                    <Coords points="684,990 684,1050 817,1050 817,990"/>
                    <TextEquiv>
                        <Unicode>Dichters</Unicode>
                    </TextEquiv>
                </Word>
                <Word id="tr_2_tl_11_w6" custom="readingOrder {index:5;}">
                    <Coords points="843,987 843,1047 903,1047 903,987"/>
                    <TextEquiv>
                        <Unicode>teil.</Unicode>
                    </TextEquiv>
                </Word>
                <TextEquiv>
                    <Unicode>Freunde und Verehrer des Dichters teil.</Unicode>
                </TextEquiv>
            </TextLine>
            <TextLine id="tr_2_tl_12" custom="readingOrder {index:11;}">
                <Coords points="290,1487 511,1510 1132,1476 1134,1408 1004,1388 562,1386 292,1437"/>
                <Baseline points="301,1483 342,1484 384,1489 426,1489 468,1486 510,1489 551,1486 593,1483 635,1478 677,1477 719,1479 760,1478 802,1475 844,1474 886,1474 928,1474 969,1474 1011,1472 1053,1465 1095,1465 1137,1459"/>
                <Word id="tr_2_tl_12_w1" custom="readingOrder {index:0;}">
                    <Coords points="304,1437 304,1497 1020,1497 1020,1437"/>
                    <TextEquiv>
                        <Unicode>OBSERVER</Unicode>
                    </TextEquiv>
                </Word>
                <TextEquiv>
                    <Unicode>OBSERVER</Unicode>
                </TextEquiv>
            </TextLine>
            <TextLine id="tr_2_tl_13" custom="readingOrder {index:12;}">
                <Coords points="396,1554 1008,1538 1035,1534 1037,1488 398,1507"/>
                <Baseline points="406,1543 437,1543 469,1543 500,1543 532,1541 564,1539 595,1537 627,1537 658,1535 690,1534 722,1534 753,1534 785,1533 816,1531 848,1531 880,1530 911,1528 943,1528 974,1526 1006,1524 1038,1522"/>
                <Word id="tr_2_tl_13_w1" custom="readingOrder {index:0;}">
                    <Coords points="399,1503 399,1563 422,1563 422,1503"/>
                    <TextEquiv>
                        <Unicode>1.</Unicode>
                    </TextEquiv>
                </Word>
                <Word id="tr_2_tl_13_w2" custom="readingOrder {index:1;}">
                    <Coords points="436,1503 436,1563 527,1563 527,1503"/>
                    <TextEquiv>
                        <Unicode>öster</Unicode>
                    </TextEquiv>
                </Word>
                <Word id="tr_2_tl_13_w3" custom="readingOrder {index:2;}">
                    <Coords points="569,1495 569,1555 720,1555 720,1495"/>
                    <TextEquiv>
                        <Unicode>behördl.</Unicode>
                    </TextEquiv>
                </Word>
                <Word id="tr_2_tl_13_w4" custom="readingOrder {index:3;}">
                    <Coords points="730,1489 730,1549 1032,1549 1032,1489"/>
                    <TextEquiv>
                        <Unicode>konzessioniertes</Unicode>
                    </TextEquiv>
                </Word>
                <TextEquiv>
                    <Unicode>1. öster behördl. konzessioniertes</Unicode>
                </TextEquiv>
            </TextLine>
            <TextLine id="tr_2_tl_14" custom="readingOrder {index:13;}">
                <Coords points="351,1607 688,1578 1045,1592 1085,1578 1087,1536 486,1560 352,1536"/>
                <Baseline points="361,1588 397,1587 434,1585 470,1585 507,1585 543,1583 580,1580 616,1579 653,1578 689,1576 726,1576 763,1574 799,1573 836,1572 872,1570 909,1570 945,1570 982,1568 1018,1566 1055,1564 1092,1564"/>
                <Word id="tr_2_tl_14_w1" custom="readingOrder {index:0;}">
                    <Coords points="354,1545 354,1605 588,1605 588,1545"/>
                    <TextEquiv>
                        <Unicode>Unternehmen</Unicode>
                    </TextEquiv>
                </Word>
                <Word id="tr_2_tl_14_w2" custom="readingOrder {index:1;}">
                    <Coords points="619,1538 619,1598 667,1598 667,1538"/>
                    <TextEquiv>
                        <Unicode>für</Unicode>
                    </TextEquiv>
                </Word>
                <Word id="tr_2_tl_14_w3" custom="readingOrder {index:2;}">
                    <Coords points="694,1530 694,1590 1078,1590 1078,1530"/>
                    <TextEquiv>
                        <Unicode>Zeitungs-Ausschnitte</Unicode>
                    </TextEquiv>
                </Word>
                <TextEquiv>
                    <Unicode>Unternehmen für Zeitungs-Ausschnitte</Unicode>
                </TextEquiv>
            </TextLine>
            <TextLine id="tr_2_tl_15" custom="readingOrder {index:14;}">
                <Coords points="398,1656 446,1675 579,1644 1037,1638 1037,1589 979,1600 942,1580 690,1583 634,1614 497,1591 400,1605"/>
                <Baseline points="409,1645 440,1644 472,1642 503,1639 535,1642 567,1645 598,1645 630,1641 661,1641 693,1635 725,1633 756,1635 788,1636 819,1636 851,1634 883,1633 914,1633 946,1633 977,1631 1009,1629 1041,1627"/>
                <Word id="tr_2_tl_15_w1" custom="readingOrder {index:0;}">
                    <Coords points="401,1601 401,1661 554,1661 554,1601"/>
                    <TextEquiv>
                        <Unicode>WIEN,</Unicode>
                    </TextEquiv>
                </Word>
                <Word id="tr_2_tl_15_w2" custom="readingOrder {index:1;}">
                    <Coords points="582,1604 582,1664 629,1664 629,1604"/>
                    <TextEquiv>
                        <Unicode>I.,</Unicode>
                    </TextEquiv>
                </Word>
                <Word id="tr_2_tl_15_w3" custom="readingOrder {index:2;}">
                    <Coords points="656,1596 656,1656 945,1656 945,1596"/>
                    <TextEquiv>
                        <Unicode>WOLLZEILE</Unicode>
                    </TextEquiv>
                </Word>
                <Word id="tr_2_tl_15_w4" custom="readingOrder {index:3;}">
                    <Coords points="992,1588 992,1648 1031,1648 1031,1588"/>
                    <TextEquiv>
                        <Unicode>11</Unicode>
                    </TextEquiv>
                </Word>
                <TextEquiv>
                    <Unicode>WIEN, I., WOLLZEILE 11</Unicode>
                </TextEquiv>
            </TextLine>
            <TextLine id="tr_2_tl_16" custom="readingOrder {index:15;}">
                <Coords points="497,1697 643,1711 893,1686 930,1697 951,1687 953,1640 497,1655"/>
                <Baseline points="507,1695 533,1695 559,1695 586,1693 612,1691 638,1689 665,1689 691,1689 717,1689 744,1689 770,1689 796,1688 823,1686 849,1684 875,1683 902,1683 928,1682 955,1680"/>
                <Word id="tr_2_tl_16_w1" custom="readingOrder {index:0;}">
                    <Coords points="502,1651 502,1711 721,1711 721,1651"/>
                    <TextEquiv>
                        <Unicode>TELEPHON</Unicode>
                    </TextEquiv>
                </Word>
                <Word id="tr_2_tl_16_w2" custom="readingOrder {index:1;}">
                    <Coords points="758,1644 758,1704 930,1704 930,1644"/>
                    <TextEquiv>
                        <Unicode>R-23-0-43</Unicode>
                    </TextEquiv>
                </Word>
                <TextEquiv>
                    <Unicode>TELEPHON R-23-0-43</Unicode>
                </TextEquiv>
            </TextLine>
            <TextLine id="tr_2_tl_17" custom="readingOrder {index:16;}">
                <Coords points="307,1857 568,1845 652,1859 654,1806 621,1790 564,1803 537,1781 382,1806 309,1782"/>
                <Baseline points="316,1845 342,1845 368,1843 394,1842 420,1842 446,1842 472,1842 499,1841 525,1839 551,1837 577,1836 603,1836 629,1835 656,1833"/>
                <Word id="tr_2_tl_17_w1" custom="readingOrder {index:0;}">
                    <Coords points="312,1802 312,1862 535,1862 535,1802"/>
                    <TextEquiv>
                        <Unicode>Ausschnitt</Unicode>
                    </TextEquiv>
                </Word>
                <Word id="tr_2_tl_17_w2" custom="readingOrder {index:1;}">
                    <Coords points="562,1795 562,1855 652,1855 652,1795"/>
                    <TextEquiv>
                        <Unicode>aus:</Unicode>
                    </TextEquiv>
                </Word>
                <TextEquiv>
                    <Unicode>Ausschnitt aus:</Unicode>
                </TextEquiv>
            </TextLine>
            <TextLine id="tr_2_tl_18" custom="readingOrder {index:17;}">
                <Coords points="665,1907 687,1918 747,1912 818,1876 1004,1824 1023,1757 964,1768 935,1755 824,1804 794,1797 718,1839 685,1837"/>
                <Baseline points="680,1895 705,1888 731,1883 757,1877 783,1870 808,1863 834,1856 860,1850 886,1842 911,1831 937,1822 963,1816 989,1811 1015,1806"/>
                <TextEquiv>
                    <Unicode></Unicode>
                </TextEquiv>
            </TextLine>
            <TextLine id="tr_2_tl_19" custom="readingOrder {index:18;}">
                <Coords points="736,2027 771,2042 889,1983 1023,1945 1054,1971 1096,1961 1125,1866 1098,1843 959,1874 866,1916 833,1897 773,1907"/>
                <Baseline points="752,2012 778,2004 804,1997 830,1988 856,1979 882,1970 908,1963 934,1956 960,1949 986,1941 1012,1931 1038,1923 1064,1917 1090,1912 1116,1907"/>
                <TextEquiv>
                    <Unicode></Unicode>
                </TextEquiv>
            </TextLine>
            <TextLine id="tr_2_tl_20" custom="readingOrder {index:19;}">
                <Coords points="301,2084 314,2080 327,2091 363,2078 391,2089 427,2080 468,2084 466,2009 422,2003 398,2016 373,2014 356,2023 321,2013 300,2018"/>
                <Baseline points="310,2068 336,2068 363,2068 390,2068 417,2069 444,2071 471,2071"/>
                <Word id="tr_2_tl_20_w1" custom="readingOrder {index:0;}">
                    <Coords points="315,2028 315,2088 435,2088 435,2028"/>
                    <TextEquiv>
                        <Unicode>vom:</Unicode>
                    </TextEquiv>
                </Word>
                <TextEquiv>
                    <Unicode>vom:</Unicode>
                </TextEquiv>
            </TextLine>
            <TextLine id="tr_2_tl_21" custom="readingOrder {index:20;}">
                <Coords points="630,2144 1317,2135 1319,2078 984,2082 919,2109 632,2091"/>
                <Baseline points="641,2137 675,2136 709,2138 743,2140 777,2138 811,2135 845,2134 879,2134 913,2134 947,2132 981,2131 1015,2131 1049,2131 1083,2129 1117,2128 1151,2127 1185,2125 1219,2125 1253,2125 1287,2124 1322,2119"/>
                <Word id="tr_2_tl_21_w1" custom="readingOrder {index:0;}">
                    <Coords points="636,2096 636,2156 731,2156 731,2096"/>
                    <TextEquiv>
                        <Unicode>Keine</Unicode>
                    </TextEquiv>
                </Word>
                <Word id="tr_2_tl_21_w2" custom="readingOrder {index:1;}">
                    <Coords points="781,2094 781,2154 925,2154 925,2094"/>
                    <TextEquiv>
                        <Unicode>Kränze,</Unicode>
                    </TextEquiv>
                </Word>
                <Word id="tr_2_tl_21_w3" custom="readingOrder {index:2;}">
                    <Coords points="968,2091 968,2151 1049,2151 1049,2091"/>
                    <TextEquiv>
                        <Unicode>keine</Unicode>
                    </TextEquiv>
                </Word>
                <Word id="tr_2_tl_21_w4" custom="readingOrder {index:3;}">
                    <Coords points="1097,2086 1097,2146 1226,2146 1226,2086"/>
                    <TextEquiv>
                        <Unicode>Reden,</Unicode>
                    </TextEquiv>
                </Word>
                <Word id="tr_2_tl_21_w5" custom="readingOrder {index:4;}">
                    <Coords points="1237,2084 1237,2144 1316,2144 1316,2084"/>
                    <TextEquiv>
                        <Unicode>kein¬</Unicode>
                    </TextEquiv>
                </Word>
                <TextEquiv>
                    <Unicode>Keine Kränze, keine Reden, kein¬</Unicode>
                </TextEquiv>
            </TextLine>
            <TextLine id="tr_2_tl_22" custom="readingOrder {index:21;}">
                <Coords points="234,2148 300,2159 396,2151 455,2171 464,2162 482,2173 508,2162 548,2171 546,2078 405,2089 232,2078"/>
                <Baseline points="244,2143 269,2143 295,2143 321,2141 346,2139 372,2137 398,2137 423,2137 449,2139 475,2141 500,2146 526,2150 552,2152"/>
                <Word id="tr_2_tl_22_w1" custom="readingOrder {index:0;}">
                    <Coords points="248,2098 248,2158 465,2158 465,2098"/>
                    <TextEquiv>
                        <Unicode>CsOlchtek</Unicode>
                    </TextEquiv>
                </Word>
                <TextEquiv>
                    <Unicode>CsOlchtek</Unicode>
                </TextEquiv>
            </TextLine>
            <TextLine id="tr_2_tl_23" custom="readingOrder {index:22;}">
                <Coords points="637,2192 1320,2175 1320,2139 1264,2129 769,2160 637,2144"/>
                <Baseline points="647,2185 680,2182 714,2182 748,2182 782,2179 816,2179 850,2177 884,2173 918,2176 952,2176 986,2175 1019,2173 1053,2176 1087,2174 1121,2173 1155,2172 1189,2170 1223,2170 1257,2169 1291,2167 1325,2167"/>
                <Word id="tr_2_tl_23_w1" custom="readingOrder {index:0;}">
                    <Coords points="637,2142 637,2202 743,2202 743,2142"/>
                    <TextEquiv>
                        <Unicode>Parte,</Unicode>
                    </TextEquiv>
                </Word>
                <Word id="tr_2_tl_23_w2" custom="readingOrder {index:1;}">
                    <Coords points="774,2138 774,2198 860,2198 860,2138"/>
                    <TextEquiv>
                        <Unicode>keine</Unicode>
                    </TextEquiv>
                </Word>
                <Word id="tr_2_tl_23_w3" custom="readingOrder {index:2;}">
                    <Coords points="896,2135 896,2195 1043,2195 1043,2135"/>
                    <TextEquiv>
                        <Unicode>rituellen</Unicode>
                    </TextEquiv>
                </Word>
                <Word id="tr_2_tl_23_w4" custom="readingOrder {index:3;}">
                    <Coords points="1090,2130 1090,2190 1298,2190 1298,2130"/>
                    <TextEquiv>
                        <Unicode>Zeremonien</Unicode>
                    </TextEquiv>
                </Word>
                <TextEquiv>
                    <Unicode>Parte, keine rituellen Zeremonien</Unicode>
                </TextEquiv>
            </TextLine>
            <TextLine id="tr_2_tl_24" custom="readingOrder {index:23;}">
                <Coords points="234,2195 276,2199 316,2221 342,2204 360,2208 391,2199 400,2206 446,2193 446,2175 436,2175 415,2155 391,2151 384,2159 362,2160 323,2151 267,2159 234,2146"/>
                <Baseline points="244,2188 269,2188 295,2188 321,2188 347,2188 372,2188 398,2188 424,2187 450,2185"/>
                <Word id="tr_2_tl_24_w1" custom="readingOrder {index:0;}">
                    <Coords points="241,2148 241,2208 430,2208 430,2148"/>
                    <TextEquiv>
                        <Unicode>begräbnis.</Unicode>
                    </TextEquiv>
                </Word>
                <TextEquiv>
                    <Unicode>begräbnis.</Unicode>
                </TextEquiv>
            </TextLine>
            <TextLine id="tr_2_tl_25" custom="readingOrder {index:24;}">
                <Coords points="628,2234 1315,2223 1315,2175 1269,2171 1099,2195 628,2188"/>
                <Baseline points="638,2224 672,2224 706,2224 740,2224 774,2222 808,2221 842,2221 876,2221 910,2221 944,2219 978,2218 1012,2218 1046,2218 1080,2216 1114,2215 1148,2215 1182,2215 1216,2213 1250,2212 1284,2211 1319,2209"/>
                <Word id="tr_2_tl_25_w1" custom="readingOrder {index:0;}">
                    <Coords points="633,2184 633,2244 675,2244 675,2184"/>
                    <TextEquiv>
                        <Unicode>ein</Unicode>
                    </TextEquiv>
                </Word>
                <Word id="tr_2_tl_25_w2" custom="readingOrder {index:1;}">
                    <Coords points="724,2181 724,2241 904,2241 904,2181"/>
                    <TextEquiv>
                        <Unicode>Begräbnis</Unicode>
                    </TextEquiv>
                </Word>
                <Word id="tr_2_tl_25_w3" custom="readingOrder {index:2;}">
                    <Coords points="947,2178 947,2238 1057,2238 1057,2178"/>
                    <TextEquiv>
                        <Unicode>dritter</Unicode>
                    </TextEquiv>
                </Word>
                <Word id="tr_2_tl_25_w4" custom="readingOrder {index:3;}">
                    <Coords points="1101,2175 1101,2235 1222,2235 1222,2175"/>
                    <TextEquiv>
                        <Unicode>Klasse:</Unicode>
                    </TextEquiv>
                </Word>
                <Word id="tr_2_tl_25_w5" custom="readingOrder {index:4;}">
                    <Coords points="1260,2171 1260,2231 1297,2231 1297,2171"/>
                    <TextEquiv>
                        <Unicode>ha</Unicode>
                    </TextEquiv>
                </Word>
                <TextEquiv>
                    <Unicode>ein Begräbnis dritter Klasse: ha</Unicode>
                </TextEquiv>
            </TextLine>
            <TextLine id="tr_2_tl_26" custom="readingOrder {index:25;}">
                <Coords points="237,2285 1324,2263 1324,2224 1233,2213 376,2248 239,2219"/>
                <Baseline points="247,2274 301,2271 355,2273 409,2271 463,2271 517,2271 571,2271 625,2268 679,2266 733,2265 787,2265 841,2265 895,2264 949,2262 1003,2261 1057,2260 1111,2260 1165,2259 1219,2257 1273,2255 1328,2251"/>
                <Word id="tr_2_tl_26_w1" custom="readingOrder {index:0;}">
                    <Coords points="243,2231 243,2291 366,2291 366,2231"/>
                    <TextEquiv>
                        <Unicode>Arthur</Unicode>
                    </TextEquiv>
                </Word>
                <Word id="tr_2_tl_26_w2" custom="readingOrder {index:1;}">
                    <Coords points="388,2231 388,2291 571,2291 571,2231"/>
                    <TextEquiv>
                        <Unicode>Schnitzlers</Unicode>
                    </TextEquiv>
                </Word>
                <Word id="tr_2_tl_26_w3" custom="readingOrder {index:2;}">
                    <Coords points="599,2227 599,2287 695,2287 695,2227"/>
                    <TextEquiv>
                        <Unicode>letzter</Unicode>
                    </TextEquiv>
                </Word>
                <Word id="tr_2_tl_26_w4" custom="readingOrder {index:3;}">
                    <Coords points="723,2225 723,2285 814,2285 814,2225"/>
                    <TextEquiv>
                        <Unicode>Wille</Unicode>
                    </TextEquiv>
                </Word>
                <Word id="tr_2_tl_26_w5" custom="readingOrder {index:4;}">
                    <Coords points="842,2224 842,2284 890,2284 890,2224"/>
                    <TextEquiv>
                        <Unicode>für</Unicode>
                    </TextEquiv>
                </Word>
                <Word id="tr_2_tl_26_w6" custom="readingOrder {index:5;}">
                    <Coords points="912,2222 912,2282 965,2282 965,2222"/>
                    <TextEquiv>
                        <Unicode>den</Unicode>
                    </TextEquiv>
                </Word>
                <Word id="tr_2_tl_26_w7" custom="readingOrder {index:6;}">
                    <Coords points="993,2220 993,2280 1068,2280 1068,2220"/>
                    <TextEquiv>
                        <Unicode>Fall</Unicode>
                    </TextEquiv>
                </Word>
                <Word id="tr_2_tl_26_w8" custom="readingOrder {index:7;}">
                    <Coords points="1090,2219 1090,2279 1181,2279 1181,2219"/>
                    <TextEquiv>
                        <Unicode>seines</Unicode>
                    </TextEquiv>
                </Word>
                <Word id="tr_2_tl_26_w9" custom="readingOrder {index:8;}">
                    <Coords points="1214,2215 1214,2275 1311,2275 1311,2215"/>
                    <TextEquiv>
                        <Unicode>Todes</Unicode>
                    </TextEquiv>
                </Word>
                <TextEquiv>
                    <Unicode>Arthur Schnitzlers letzter Wille für den Fall seines Todes</Unicode>
                </TextEquiv>
            </TextLine>
            <TextLine id="tr_2_tl_27" custom="readingOrder {index:26;}">
                <Coords points="237,2334 1324,2305 1324,2265 1207,2257 239,2299"/>
                <Baseline points="250,2316 303,2319 357,2319 411,2317 465,2316 519,2316 573,2313 627,2313 681,2311 735,2310 789,2310 842,2310 896,2307 950,2307 1004,2305 1058,2304 1112,2303 1166,2301 1220,2299 1274,2298 1328,2292"/>
                <Word id="tr_2_tl_27_w1" custom="readingOrder {index:0;}">
                    <Coords points="242,2279 242,2339 448,2339 448,2279"/>
                    <TextEquiv>
                        <Unicode>angeordnet.</Unicode>
                    </TextEquiv>
                </Word>
                <Word id="tr_2_tl_27_w2" custom="readingOrder {index:1;}">
                    <Coords points="469,2276 469,2336 534,2336 534,2276"/>
                    <TextEquiv>
                        <Unicode>Der</Unicode>
                    </TextEquiv>
                </Word>
                <Word id="tr_2_tl_27_w3" custom="readingOrder {index:2;}">
                    <Coords points="555,2273 555,2333 696,2333 696,2273"/>
                    <TextEquiv>
                        <Unicode>Dichter,</Unicode>
                    </TextEquiv>
                </Word>
                <Word id="tr_2_tl_27_w4" custom="readingOrder {index:3;}">
                    <Coords points="717,2270 717,2330 761,2330 761,2270"/>
                    <TextEquiv>
                        <Unicode>der</Unicode>
                    </TextEquiv>
                </Word>
                <Word id="tr_2_tl_27_w5" custom="readingOrder {index:4;}">
                    <Coords points="787,2270 787,2330 812,2330 812,2270"/>
                    <TextEquiv>
                        <Unicode>in</Unicode>
                    </TextEquiv>
                </Word>
                <Word id="tr_2_tl_27_w6" custom="readingOrder {index:5;}">
                    <Coords points="843,2269 843,2329 867,2329 867,2269"/>
                    <TextEquiv>
                        <Unicode>so</Unicode>
                    </TextEquiv>
                </Word>
                <Word id="tr_2_tl_27_w7" custom="readingOrder {index:6;}">
                    <Coords points="893,2267 893,2327 989,2327 989,2267"/>
                    <TextEquiv>
                        <Unicode>vielen</Unicode>
                    </TextEquiv>
                </Word>
                <Word id="tr_2_tl_27_w8" custom="readingOrder {index:7;}">
                    <Coords points="1020,2263 1020,2323 1115,2323 1115,2263"/>
                    <TextEquiv>
                        <Unicode>seiner</Unicode>
                    </TextEquiv>
                </Word>
                <Word id="tr_2_tl_27_w9" custom="readingOrder {index:8;}">
                    <Coords points="1136,2260 1136,2320 1241,2320 1241,2260"/>
                    <TextEquiv>
                        <Unicode>Werke</Unicode>
                    </TextEquiv>
                </Word>
                <Word id="tr_2_tl_27_w10" custom="readingOrder {index:9;}">
                    <Coords points="1262,2256 1262,2316 1317,2316 1317,2256"/>
                    <TextEquiv>
                        <Unicode>das</Unicode>
                    </TextEquiv>
                </Word>
                <TextEquiv>
                    <Unicode>angeordnet. Der Dichter, der in so vielen seiner Werke das</Unicode>
                </TextEquiv>
            </TextLine>
            <TextLine id="tr_2_tl_28" custom="readingOrder {index:27;}">
                <Coords points="239,2376 1326,2352 1326,2307 1247,2301 241,2334"/>
                <Baseline points="250,2361 304,2361 358,2361 412,2361 466,2359 520,2358 574,2358 628,2358 682,2356 736,2353 790,2352 844,2352 898,2349 952,2349 1006,2349 1060,2349 1114,2346 1168,2346 1222,2344 1276,2343 1331,2340"/>
                <Word id="tr_2_tl_28_w1" custom="readingOrder {index:0;}">
                    <Coords points="244,2321 244,2381 429,2381 429,2321"/>
                    <TextEquiv>
                        <Unicode>Geheimnis</Unicode>
                    </TextEquiv>
                </Word>
                <Word id="tr_2_tl_28_w2" custom="readingOrder {index:1;}">
                    <Coords points="466,2318 466,2378 519,2378 519,2318"/>
                    <TextEquiv>
                        <Unicode>des</Unicode>
                    </TextEquiv>
                </Word>
                <Word id="tr_2_tl_28_w3" custom="readingOrder {index:2;}">
                    <Coords points="557,2318 557,2378 657,2378 657,2318"/>
                    <TextEquiv>
                        <Unicode>Todes</Unicode>
                    </TextEquiv>
                </Word>
                <Word id="tr_2_tl_28_w4" custom="readingOrder {index:3;}">
                    <Coords points="694,2312 694,2372 911,2372 911,2312"/>
                    <TextEquiv>
                        <Unicode>philosophisch</Unicode>
                    </TextEquiv>
                </Word>
                <Word id="tr_2_tl_28_w5" custom="readingOrder {index:4;}">
                    <Coords points="948,2309 948,2369 974,2369 974,2309"/>
                    <TextEquiv>
                        <Unicode>zu</Unicode>
                    </TextEquiv>
                </Word>
                <Word id="tr_2_tl_28_w6" custom="readingOrder {index:5;}">
                    <Coords points="1017,2306 1017,2366 1181,2366 1181,2306"/>
                    <TextEquiv>
                        <Unicode>enträtseln</Unicode>
                    </TextEquiv>
                </Word>
                <Word id="tr_2_tl_28_w7" custom="readingOrder {index:6;}">
                    <Coords points="1224,2303 1224,2363 1318,2363 1318,2303"/>
                    <TextEquiv>
                        <Unicode>suchte</Unicode>
                    </TextEquiv>
                </Word>
                <TextEquiv>
                    <Unicode>Geheimnis des Todes philosophisch zu enträtseln suchte</Unicode>
                </TextEquiv>
            </TextLine>
            <TextLine id="tr_2_tl_29" custom="readingOrder {index:28;}">
                <Coords points="239,2414 1253,2409 1324,2391 1326,2350 239,2374"/>
                <Baseline points="250,2406 304,2406 358,2406 412,2406 466,2404 520,2403 574,2403 628,2402 682,2400 736,2398 790,2397 844,2397 898,2394 952,2394 1006,2392 1060,2391 1114,2391 1168,2388 1222,2388 1276,2386 1331,2382"/>
                <Word id="tr_2_tl_29_w1" custom="readingOrder {index:0;}">
                    <Coords points="244,2366 244,2426 302,2426 302,2366"/>
                    <TextEquiv>
                        <Unicode>und</Unicode>
                    </TextEquiv>
                </Word>
                <Word id="tr_2_tl_29_w2" custom="readingOrder {index:1;}">
                    <Coords points="334,2366 334,2426 376,2426 376,2366"/>
                    <TextEquiv>
                        <Unicode>die</Unicode>
                    </TextEquiv>
                </Word>
                <Word id="tr_2_tl_29_w3" custom="readingOrder {index:2;}">
                    <Coords points="403,2363 403,2423 620,2423 620,2363"/>
                    <TextEquiv>
                        <Unicode>tiefsinnigsten</Unicode>
                    </TextEquiv>
                </Word>
                <Word id="tr_2_tl_29_w4" custom="readingOrder {index:3;}">
                    <Coords points="652,2357 652,2417 948,2417 948,2357"/>
                    <TextEquiv>
                        <Unicode>Zusammenhänge</Unicode>
                    </TextEquiv>
                </Word>
                <Word id="tr_2_tl_29_w5" custom="readingOrder {index:4;}">
                    <Coords points="975,2351 975,2411 1144,2411 1144,2351"/>
                    <TextEquiv>
                        <Unicode>dargestellt</Unicode>
                    </TextEquiv>
                </Word>
                <Word id="tr_2_tl_29_w6" custom="readingOrder {index:5;}">
                    <Coords points="1171,2348 1171,2408 1223,2408 1223,2348"/>
                    <TextEquiv>
                        <Unicode>hat</Unicode>
                    </TextEquiv>
                </Word>
                <Word id="tr_2_tl_29_w7" custom="readingOrder {index:6;}">
                    <Coords points="1245,2345 1245,2405 1318,2405 1318,2345"/>
                    <TextEquiv>
                        <Unicode>zwi¬</Unicode>
                    </TextEquiv>
                </Word>
                <TextEquiv>
                    <Unicode>und die tiefsinnigsten Zusammenhänge dargestellt hat zwi¬</Unicode>
                </TextEquiv>
            </TextLine>
            <TextLine id="tr_2_tl_30" custom="readingOrder {index:29;}">
                <Coords points="247,2464 1209,2453 1326,2440 1328,2391 247,2414"/>
                <Baseline points="256,2451 309,2450 363,2448 417,2448 471,2448 524,2448 578,2444 632,2443 686,2443 739,2442 793,2442 847,2439 901,2439 954,2437 1008,2436 1062,2436 1116,2432 1169,2430 1223,2430 1277,2430 1331,2427"/>
                <Word id="tr_2_tl_30_w1" custom="readingOrder {index:0;}">
                    <Coords points="247,2410 247,2470 319,2470 319,2410"/>
                    <TextEquiv>
                        <Unicode>schen</Unicode>
                    </TextEquiv>
                </Word>
                <Word id="tr_2_tl_30_w2" custom="readingOrder {index:1;}">
                    <Coords points="356,2408 356,2468 490,2468 490,2408"/>
                    <TextEquiv>
                        <Unicode>Wollust</Unicode>
                    </TextEquiv>
                </Word>
                <Word id="tr_2_tl_30_w3" custom="readingOrder {index:2;}">
                    <Coords points="517,2406 517,2466 578,2466 578,2406"/>
                    <TextEquiv>
                        <Unicode>und</Unicode>
                    </TextEquiv>
                </Word>
                <Word id="tr_2_tl_30_w4" custom="readingOrder {index:3;}">
                    <Coords points="610,2403 610,2463 693,2463 693,2403"/>
                    <TextEquiv>
                        <Unicode>Tod,</Unicode>
                    </TextEquiv>
                </Word>
                <Word id="tr_2_tl_30_w5" custom="readingOrder {index:4;}">
                    <Coords points="719,2402 719,2462 802,2462 802,2402"/>
                    <TextEquiv>
                        <Unicode>hatte</Unicode>
                    </TextEquiv>
                </Word>
                <Word id="tr_2_tl_30_w6" custom="readingOrder {index:5;}">
                    <Coords points="833,2399 833,2459 916,2459 916,2399"/>
                    <TextEquiv>
                        <Unicode>keine</Unicode>
                    </TextEquiv>
                </Word>
                <Word id="tr_2_tl_30_w7" custom="readingOrder {index:6;}">
                    <Coords points="948,2396 948,2456 1124,2456 1124,2396"/>
                    <TextEquiv>
                        <Unicode>Illusionen</Unicode>
                    </TextEquiv>
                </Word>
                <Word id="tr_2_tl_30_w8" custom="readingOrder {index:7;}">
                    <Coords points="1161,2390 1161,2450 1238,2450 1238,2390"/>
                    <TextEquiv>
                        <Unicode>über</Unicode>
                    </TextEquiv>
                </Word>
                <Word id="tr_2_tl_30_w9" custom="readingOrder {index:8;}">
                    <Coords points="1270,2388 1270,2448 1321,2448 1321,2388"/>
                    <TextEquiv>
                        <Unicode>das</Unicode>
                    </TextEquiv>
                </Word>
                <TextEquiv>
                    <Unicode>schen Wollust und Tod, hatte keine Illusionen über das</Unicode>
                </TextEquiv>
            </TextLine>
            <TextLine id="tr_2_tl_31" custom="readingOrder {index:30;}">
                <Coords points="248,2502 1326,2482 1326,2444 1262,2434 250,2462"/>
                <Baseline points="259,2498 312,2495 366,2494 419,2492 473,2489 527,2489 580,2488 634,2486 687,2486 741,2486 795,2486 848,2483 902,2482 955,2480 1009,2480 1063,2477 1116,2477 1170,2476 1223,2474 1277,2472 1331,2471"/>
                <Word id="tr_2_tl_31_w1" custom="readingOrder {index:0;}">
                    <Coords points="248,2454 248,2514 393,2514 393,2454"/>
                    <TextEquiv>
                        <Unicode>Sterben.</Unicode>
                    </TextEquiv>
                </Word>
                <Word id="tr_2_tl_31_w2" custom="readingOrder {index:1;}">
                    <Coords points="419,2450 419,2510 465,2510 465,2450"/>
                    <TextEquiv>
                        <Unicode>Er</Unicode>
                    </TextEquiv>
                </Word>
                <Word id="tr_2_tl_31_w3" custom="readingOrder {index:2;}">
                    <Coords points="497,2448 497,2508 627,2508 627,2448"/>
                    <TextEquiv>
                        <Unicode>besuchte</Unicode>
                    </TextEquiv>
                </Word>
                <Word id="tr_2_tl_31_w4" custom="readingOrder {index:3;}">
                    <Coords points="664,2446 664,2506 762,2506 762,2446"/>
                    <TextEquiv>
                        <Unicode>keinen</Unicode>
                    </TextEquiv>
                </Word>
                <Word id="tr_2_tl_31_w5" custom="readingOrder {index:4;}">
                    <Coords points="799,2442 799,2502 970,2502 970,2442"/>
                    <TextEquiv>
                        <Unicode>Friedhof,</Unicode>
                    </TextEquiv>
                </Word>
                <Word id="tr_2_tl_31_w6" custom="readingOrder {index:5;}">
                    <Coords points="992,2440 992,2500 1022,2500 1022,2440"/>
                    <TextEquiv>
                        <Unicode>da</Unicode>
                    </TextEquiv>
                </Word>
                <Word id="tr_2_tl_31_w7" custom="readingOrder {index:6;}">
                    <Coords points="1059,2437 1059,2497 1090,2497 1090,2437"/>
                    <TextEquiv>
                        <Unicode>es</Unicode>
                    </TextEquiv>
                </Word>
                <Word id="tr_2_tl_31_w8" custom="readingOrder {index:7;}">
                    <Coords points="1122,2436 1122,2496 1189,2496 1189,2436"/>
                    <TextEquiv>
                        <Unicode>nach</Unicode>
                    </TextEquiv>
                </Word>
                <Word id="tr_2_tl_31_w9" custom="readingOrder {index:8;}">
                    <Coords points="1226,2432 1226,2492 1319,2492 1319,2432"/>
                    <TextEquiv>
                        <Unicode>seiner</Unicode>
                    </TextEquiv>
                </Word>
                <TextEquiv>
                    <Unicode>Sterben. Er besuchte keinen Friedhof, da es nach seiner</Unicode>
                </TextEquiv>
            </TextLine>
            <TextLine id="tr_2_tl_32" custom="readingOrder {index:31;}">
                <Coords points="247,2542 1326,2531 1326,2484 1213,2473 248,2502"/>
                <Baseline points="256,2537 309,2537 363,2537 417,2537 471,2535 524,2531 578,2533 632,2531 686,2529 739,2528 793,2528 847,2528 901,2527 954,2525 1008,2523 1062,2522 1116,2521 1169,2519 1223,2519 1277,2517 1331,2513"/>
                <Word id="tr_2_tl_32_w1" custom="readingOrder {index:0;}">
                    <Coords points="247,2497 247,2557 444,2557 444,2497"/>
                    <TextEquiv>
                        <Unicode>Anschauung</Unicode>
                    </TextEquiv>
                </Word>
                <Word id="tr_2_tl_32_w2" custom="readingOrder {index:1;}">
                    <Coords points="471,2494 471,2554 496,2554 496,2494"/>
                    <TextEquiv>
                        <Unicode>im</Unicode>
                    </TextEquiv>
                </Word>
                <Word id="tr_2_tl_32_w3" custom="readingOrder {index:2;}">
                    <Coords points="533,2491 533,2551 720,2551 720,2491"/>
                    <TextEquiv>
                        <Unicode>Augenblick</Unicode>
                    </TextEquiv>
                </Word>
                <Word id="tr_2_tl_32_w4" custom="readingOrder {index:3;}">
                    <Coords points="742,2488 742,2548 788,2548 788,2488"/>
                    <TextEquiv>
                        <Unicode>des</Unicode>
                    </TextEquiv>
                </Word>
                <Word id="tr_2_tl_32_w5" custom="readingOrder {index:4;}">
                    <Coords points="814,2487 814,2547 970,2547 970,2487"/>
                    <TextEquiv>
                        <Unicode>Stevbens</Unicode>
                    </TextEquiv>
                </Word>
                <Word id="tr_2_tl_32_w6" custom="readingOrder {index:5;}">
                    <Coords points="996,2482 996,2542 1048,2542 1048,2482"/>
                    <TextEquiv>
                        <Unicode>mit</Unicode>
                    </TextEquiv>
                </Word>
                <Word id="tr_2_tl_32_w7" custom="readingOrder {index:6;}">
                    <Coords points="1070,2481 1070,2541 1142,2541 1142,2481"/>
                    <TextEquiv>
                        <Unicode>allem</Unicode>
                    </TextEquiv>
                </Word>
                <Word id="tr_2_tl_32_w8" custom="readingOrder {index:7;}">
                    <Coords points="1184,2477 1184,2537 1324,2537 1324,2477"/>
                    <TextEquiv>
                        <Unicode>Mensch¬</Unicode>
                    </TextEquiv>
                </Word>
                <TextEquiv>
                    <Unicode>Anschauung im Augenblick des Stevbens mit allem Mensch¬</Unicode>
                </TextEquiv>
            </TextLine>
            <TextLine id="tr_2_tl_33" custom="readingOrder {index:32;}">
                <Coords points="239,2586 1326,2570 1293,2522 241,2544"/>
                <Baseline points="250,2582 303,2582 357,2580 411,2580 465,2577 519,2576 573,2576 627,2575 681,2573 735,2573 789,2573 842,2570 896,2570 950,2570 1004,2568 1058,2564 1112,2564 1166,2563 1220,2561 1274,2561 1328,2561"/>
                <Word id="tr_2_tl_33_w1" custom="readingOrder {index:0;}">
                    <Coords points="244,2542 244,2602 329,2602 329,2542"/>
                    <TextEquiv>
                        <Unicode>lichen</Unicode>
                    </TextEquiv>
                </Word>
                <Word id="tr_2_tl_33_w2" custom="readingOrder {index:1;}">
                    <Coords points="365,2539 365,2599 471,2599 471,2539"/>
                    <TextEquiv>
                        <Unicode>vorbei</Unicode>
                    </TextEquiv>
                </Word>
                <Word id="tr_2_tl_33_w3" custom="readingOrder {index:2;}">
                    <Coords points="497,2536 497,2596 578,2596 578,2536"/>
                    <TextEquiv>
                        <Unicode>war.</Unicode>
                    </TextEquiv>
                </Word>
                <Word id="tr_2_tl_33_w4" custom="readingOrder {index:3;}">
                    <Coords points="599,2534 599,2594 664,2594 664,2534"/>
                    <TextEquiv>
                        <Unicode>Der</Unicode>
                    </TextEquiv>
                </Word>
                <Word id="tr_2_tl_33_w5" custom="readingOrder {index:4;}">
                    <Coords points="690,2533 690,2593 766,2593 766,2533"/>
                    <TextEquiv>
                        <Unicode>Rest</Unicode>
                    </TextEquiv>
                </Word>
                <Word id="tr_2_tl_33_w6" custom="readingOrder {index:5;}">
                    <Coords points="787,2531 787,2591 852,2591 852,2531"/>
                    <TextEquiv>
                        <Unicode>war</Unicode>
                    </TextEquiv>
                </Word>
                <Word id="tr_2_tl_33_w7" custom="readingOrder {index:6;}">
                    <Coords points="878,2530 878,2590 1010,2590 1010,2530"/>
                    <TextEquiv>
                        <Unicode>Moder,</Unicode>
                    </TextEquiv>
                </Word>
                <Word id="tr_2_tl_33_w8" custom="readingOrder {index:7;}">
                    <Coords points="1031,2524 1031,2584 1131,2584 1131,2524"/>
                    <TextEquiv>
                        <Unicode>Asche,</Unicode>
                    </TextEquiv>
                </Word>
                <Word id="tr_2_tl_33_w9" custom="readingOrder {index:8;}">
                    <Coords points="1152,2521 1152,2581 1319,2581 1319,2521"/>
                    <TextEquiv>
                        <Unicode>bleichende</Unicode>
                    </TextEquiv>
                </Word>
                <TextEquiv>
                    <Unicode>lichen vorbei war. Der Rest war Moder, Asche, bleichende</Unicode>
                </TextEquiv>
            </TextLine>
            <TextLine id="tr_2_tl_34" custom="readingOrder {index:33;}">
                <Coords points="252,2632 1295,2621 1326,2577 252,2590"/>
                <Baseline points="262,2621 315,2624 368,2624 421,2624 475,2621 528,2621 581,2620 635,2618 688,2616 741,2615 795,2615 848,2614 901,2613 954,2613 1008,2609 1061,2609 1114,2608 1168,2606 1221,2606 1274,2604 1328,2603"/>
                <Word id="tr_2_tl_34_w1" custom="readingOrder {index:0;}">
                    <Coords points="247,2584 247,2644 400,2644 400,2584"/>
                    <TextEquiv>
                        <Unicode>Gebeine.</Unicode>
                    </TextEquiv>
                </Word>
                <Word id="tr_2_tl_34_w2" custom="readingOrder {index:1;}">
                    <Coords points="422,2582 422,2642 464,2642 464,2582"/>
                    <TextEquiv>
                        <Unicode>Es</Unicode>
                    </TextEquiv>
                </Word>
                <Word id="tr_2_tl_34_w3" custom="readingOrder {index:2;}">
                    <Coords points="496,2580 496,2640 575,2640 575,2580"/>
                    <TextEquiv>
                        <Unicode>hätte</Unicode>
                    </TextEquiv>
                </Word>
                <Word id="tr_2_tl_34_w4" custom="readingOrder {index:3;}">
                    <Coords points="607,2578 607,2638 655,2638 655,2578"/>
                    <TextEquiv>
                        <Unicode>für</Unicode>
                    </TextEquiv>
                </Word>
                <Word id="tr_2_tl_34_w5" custom="readingOrder {index:4;}">
                    <Coords points="687,2575 687,2635 734,2635 734,2575"/>
                    <TextEquiv>
                        <Unicode>ihn</Unicode>
                    </TextEquiv>
                </Word>
                <Word id="tr_2_tl_34_w6" custom="readingOrder {index:5;}">
                    <Coords points="772,2574 772,2634 867,2634 867,2574"/>
                    <TextEquiv>
                        <Unicode>keinen</Unicode>
                    </TextEquiv>
                </Word>
                <Word id="tr_2_tl_34_w7" custom="readingOrder {index:6;}">
                    <Coords points="905,2573 905,2633 989,2633 989,2573"/>
                    <TextEquiv>
                        <Unicode>Sinn</Unicode>
                    </TextEquiv>
                </Word>
                <Word id="tr_2_tl_34_w8" custom="readingOrder {index:7;}">
                    <Coords points="1022,2568 1022,2628 1149,2628 1149,2568"/>
                    <TextEquiv>
                        <Unicode>gehabt,</Unicode>
                    </TextEquiv>
                </Word>
                <Word id="tr_2_tl_34_w9" custom="readingOrder {index:8;}">
                    <Coords points="1170,2565 1170,2625 1324,2625 1324,2565"/>
                    <TextEquiv>
                        <Unicode>sterbliche</Unicode>
                    </TextEquiv>
                </Word>
                <TextEquiv>
                    <Unicode>Gebeine. Es hätte für ihn keinen Sinn gehabt, sterbliche</Unicode>
                </TextEquiv>
            </TextLine>
            <TextLine id="tr_2_tl_35" custom="readingOrder {index:34;}">
                <Coords points="247,2677 1330,2657 1330,2612 248,2632"/>
                <Baseline points="256,2666 309,2669 363,2669 417,2667 471,2666 525,2663 579,2663 633,2663 687,2661 741,2660 795,2660 848,2660 902,2657 956,2655 1010,2654 1064,2654 1118,2651 1172,2651 1226,2649 1280,2648 1334,2642"/>
                <Word id="tr_2_tl_35_w1" custom="readingOrder {index:0;}">
                    <Coords points="251,2628 251,2688 334,2688 334,2628"/>
                    <TextEquiv>
                        <Unicode>Reste</Unicode>
                    </TextEquiv>
                </Word>
                <Word id="tr_2_tl_35_w2" custom="readingOrder {index:1;}">
                    <Coords points="359,2628 359,2688 413,2688 413,2628"/>
                    <TextEquiv>
                        <Unicode>des</Unicode>
                    </TextEquiv>
                </Word>
                <Word id="tr_2_tl_35_w3" custom="readingOrder {index:2;}">
                    <Coords points="443,2623 443,2683 600,2683 600,2623"/>
                    <TextEquiv>
                        <Unicode>Menschen</Unicode>
                    </TextEquiv>
                </Word>
                <Word id="tr_2_tl_35_w4" custom="readingOrder {index:3;}">
                    <Coords points="635,2622 635,2682 664,2682 664,2622"/>
                    <TextEquiv>
                        <Unicode>zu</Unicode>
                    </TextEquiv>
                </Word>
                <Word id="tr_2_tl_35_w5" custom="readingOrder {index:4;}">
                    <Coords points="694,2620 694,2680 851,2680 851,2620"/>
                    <TextEquiv>
                        <Unicode>besuchen.</Unicode>
                    </TextEquiv>
                </Word>
                <Word id="tr_2_tl_35_w6" custom="readingOrder {index:5;}">
                    <Coords points="876,2616 876,2676 945,2676 945,2616"/>
                    <TextEquiv>
                        <Unicode>Das</Unicode>
                    </TextEquiv>
                </Word>
                <Word id="tr_2_tl_35_w7" custom="readingOrder {index:6;}">
                    <Coords points="970,2612 970,2672 1206,2672 1206,2612"/>
                    <TextEquiv>
                        <Unicode>Hinaustragen</Unicode>
                    </TextEquiv>
                </Word>
                <Word id="tr_2_tl_35_w8" custom="readingOrder {index:7;}">
                    <Coords points="1241,2607 1241,2667 1324,2667 1324,2607"/>
                    <TextEquiv>
                        <Unicode>eines</Unicode>
                    </TextEquiv>
                </Word>
                <TextEquiv>
                    <Unicode>Reste des Menschen zu besuchen. Das Hinaustragen eines</Unicode>
                </TextEquiv>
            </TextLine>
            <TextLine id="tr_2_tl_36" custom="readingOrder {index:35;}">
                <Coords points="250,2723 1320,2703 1289,2655 252,2679"/>
                <Baseline points="262,2713 315,2713 368,2711 421,2710 474,2707 527,2707 580,2706 634,2704 687,2704 740,2701 793,2701 846,2699 899,2700 952,2698 1006,2695 1059,2695 1112,2692 1165,2692 1218,2690 1271,2689 1325,2689"/>
                <Word id="tr_2_tl_36_w1" custom="readingOrder {index:0;}">
                    <Coords points="250,2671 250,2731 450,2731 450,2671"/>
                    <TextEquiv>
                        <Unicode>Gestorbenen</Unicode>
                    </TextEquiv>
                </Word>
                <Word id="tr_2_tl_36_w2" custom="readingOrder {index:1;}">
                    <Coords points="486,2667 486,2727 542,2727 542,2667"/>
                    <TextEquiv>
                        <Unicode>auf</Unicode>
                    </TextEquiv>
                </Word>
                <Word id="tr_2_tl_36_w3" custom="readingOrder {index:2;}">
                    <Coords points="567,2665 567,2725 617,2725 617,2665"/>
                    <TextEquiv>
                        <Unicode>den</Unicode>
                    </TextEquiv>
                </Word>
                <Word id="tr_2_tl_36_w4" custom="readingOrder {index:3;}">
                    <Coords points="653,2661 653,2721 804,2721 804,2661"/>
                    <TextEquiv>
                        <Unicode>Friedhof</Unicode>
                    </TextEquiv>
                </Word>
                <Word id="tr_2_tl_36_w5" custom="readingOrder {index:4;}">
                    <Coords points="835,2659 835,2719 900,2719 900,2659"/>
                    <TextEquiv>
                        <Unicode>war</Unicode>
                    </TextEquiv>
                </Word>
                <Word id="tr_2_tl_36_w6" custom="readingOrder {index:5;}">
                    <Coords points="931,2657 931,2717 980,2717 980,2657"/>
                    <TextEquiv>
                        <Unicode>für</Unicode>
                    </TextEquiv>
                </Word>
                <Word id="tr_2_tl_36_w7" custom="readingOrder {index:6;}">
                    <Coords points="1011,2655 1011,2715 1087,2715 1087,2655"/>
                    <TextEquiv>
                        <Unicode>seine</Unicode>
                    </TextEquiv>
                </Word>
                <Word id="tr_2_tl_36_w8" custom="readingOrder {index:7;}">
                    <Coords points="1117,2650 1117,2710 1318,2710 1318,2650"/>
                    <TextEquiv>
                        <Unicode>Anschauung</Unicode>
                    </TextEquiv>
                </Word>
                <TextEquiv>
                    <Unicode>Gestorbenen auf den Friedhof war für seine Anschauung</Unicode>
                </TextEquiv>
            </TextLine>
            <TextLine id="tr_2_tl_37" custom="readingOrder {index:36;}">
                <Coords points="248,2765 1269,2752 1330,2747 1331,2701 248,2721"/>
                <Baseline points="259,2755 312,2755 366,2755 420,2753 474,2752 527,2749 581,2746 635,2746 689,2746 742,2746 796,2746 850,2743 904,2742 957,2742 1011,2741 1065,2737 1119,2736 1172,2733 1226,2733 1280,2734 1334,2734"/>
                <Word id="tr_2_tl_37_w1" custom="readingOrder {index:0;}">
                    <Coords points="253,2715 253,2775 317,2775 317,2715"/>
                    <TextEquiv>
                        <Unicode>eine</Unicode>
                    </TextEquiv>
                </Word>
                <Word id="tr_2_tl_37_w2" custom="readingOrder {index:1;}">
                    <Coords points="348,2712 348,2772 549,2772 549,2712"/>
                    <TextEquiv>
                        <Unicode>Maßnahme</Unicode>
                    </TextEquiv>
                </Word>
                <Word id="tr_2_tl_37_w3" custom="readingOrder {index:2;}">
                    <Coords points="580,2706 580,2766 629,2766 629,2706"/>
                    <TextEquiv>
                        <Unicode>der</Unicode>
                    </TextEquiv>
                </Word>
                <Word id="tr_2_tl_37_w4" custom="readingOrder {index:3;}">
                    <Coords points="660,2706 660,2766 801,2766 801,2706"/>
                    <TextEquiv>
                        <Unicode>Hygiene</Unicode>
                    </TextEquiv>
                </Word>
                <Word id="tr_2_tl_37_w5" custom="readingOrder {index:4;}">
                    <Coords points="832,2702 832,2762 892,2762 892,2702"/>
                    <TextEquiv>
                        <Unicode>und</Unicode>
                    </TextEquiv>
                </Word>
                <Word id="tr_2_tl_37_w6" custom="readingOrder {index:5;}">
                    <Coords points="927,2701 927,2761 1037,2761 1037,2701"/>
                    <TextEquiv>
                        <Unicode>nichts,</Unicode>
                    </TextEquiv>
                </Word>
                <Word id="tr_2_tl_37_w7" custom="readingOrder {index:6;}">
                    <Coords points="1068,2696 1068,2756 1168,2756 1168,2696"/>
                    <TextEquiv>
                        <Unicode>woran</Unicode>
                    </TextEquiv>
                </Word>
                <Word id="tr_2_tl_37_w8" custom="readingOrder {index:7;}">
                    <Coords points="1209,2693 1209,2753 1329,2753 1329,2693"/>
                    <TextEquiv>
                        <Unicode>Gefühl</Unicode>
                    </TextEquiv>
                </Word>
                <TextEquiv>
                    <Unicode>eine Maßnahme der Hygiene und nichts, woran Gefühl</Unicode>
                </TextEquiv>
            </TextLine>
            <TextLine id="tr_2_tl_38" custom="readingOrder {index:37;}">
                <Coords points="247,2809 1317,2792 1330,2745 248,2767"/>
                <Baseline points="256,2797 309,2800 363,2799 417,2797 471,2797 525,2794 579,2794 633,2791 687,2789 741,2790 795,2788 848,2788 902,2785 956,2783 1010,2782 1064,2782 1118,2779 1172,2779 1226,2777 1280,2776 1334,2776"/>
                <Word id="tr_2_tl_38_w1" custom="readingOrder {index:0;}">
                    <Coords points="251,2759 251,2819 364,2819 364,2759"/>
                    <TextEquiv>
                        <Unicode>Anteil</Unicode>
                    </TextEquiv>
                </Word>
                <Word id="tr_2_tl_38_w2" custom="readingOrder {index:1;}">
                    <Coords points="379,2757 379,2817 506,2817 506,2757"/>
                    <TextEquiv>
                        <Unicode>nehmen</Unicode>
                    </TextEquiv>
                </Word>
                <Word id="tr_2_tl_38_w3" custom="readingOrder {index:2;}">
                    <Coords points="532,2753 532,2813 654,2813 654,2753"/>
                    <TextEquiv>
                        <Unicode>konnte.</Unicode>
                    </TextEquiv>
                </Word>
                <Word id="tr_2_tl_38_w4" custom="readingOrder {index:3;}">
                    <Coords points="669,2749 669,2809 713,2809 713,2749"/>
                    <TextEquiv>
                        <Unicode>So</Unicode>
                    </TextEquiv>
                </Word>
                <Word id="tr_2_tl_38_w5" custom="readingOrder {index:4;}">
                    <Coords points="738,2748 738,2808 876,2808 876,2748"/>
                    <TextEquiv>
                        <Unicode>nüchtern</Unicode>
                    </TextEquiv>
                </Word>
                <Word id="tr_2_tl_38_w6" custom="readingOrder {index:5;}">
                    <Coords points="906,2743 906,2803 964,2803 964,2743"/>
                    <TextEquiv>
                        <Unicode>und</Unicode>
                    </TextEquiv>
                </Word>
                <Word id="tr_2_tl_38_w7" custom="readingOrder {index:6;}">
                    <Coords points="989,2741 989,2801 1142,2801 1142,2741"/>
                    <TextEquiv>
                        <Unicode>realistisch</Unicode>
                    </TextEquiv>
                </Word>
                <Word id="tr_2_tl_38_w8" custom="readingOrder {index:7;}">
                    <Coords points="1167,2737 1167,2797 1265,2797 1265,2737"/>
                    <TextEquiv>
                        <Unicode>dachte</Unicode>
                    </TextEquiv>
                </Word>
                <Word id="tr_2_tl_38_w9" custom="readingOrder {index:8;}">
                    <Coords points="1290,2736 1290,2796 1333,2796 1333,2736"/>
                    <TextEquiv>
                        <Unicode>er,</Unicode>
                    </TextEquiv>
                </Word>
                <TextEquiv>
                    <Unicode>Anteil nehmen konnte. So nüchtern und realistisch dachte er,</Unicode>
                </TextEquiv>
            </TextLine>
            <TextLine id="tr_2_tl_39" custom="readingOrder {index:38;}">
                <Coords points="256,2851 1326,2827 1275,2778 258,2807"/>
                <Baseline points="265,2842 318,2844 371,2842 424,2842 478,2839 531,2839 584,2836 638,2836 691,2834 744,2833 798,2830 851,2832 904,2830 957,2828 1011,2827 1064,2827 1117,2823 1171,2821 1224,2821 1277,2821 1331,2821"/>
                <Word id="tr_2_tl_39_w1" custom="readingOrder {index:0;}">
                    <Coords points="251,2802 251,2862 297,2862 297,2802"/>
                    <TextEquiv>
                        <Unicode>der</Unicode>
                    </TextEquiv>
                </Word>
                <Word id="tr_2_tl_39_w2" custom="readingOrder {index:1;}">
                    <Coords points="323,2802 323,2862 462,2862 462,2802"/>
                    <TextEquiv>
                        <Unicode>Dichter,</Unicode>
                    </TextEquiv>
                </Word>
                <Word id="tr_2_tl_39_w3" custom="readingOrder {index:2;}">
                    <Coords points="484,2799 484,2859 530,2859 530,2799"/>
                    <TextEquiv>
                        <Unicode>dem</Unicode>
                    </TextEquiv>
                </Word>
                <Word id="tr_2_tl_39_w4" custom="readingOrder {index:3;}">
                    <Coords points="572,2796 572,2856 618,2856 618,2796"/>
                    <TextEquiv>
                        <Unicode>die</Unicode>
                    </TextEquiv>
                </Word>
                <Word id="tr_2_tl_39_w5" custom="readingOrder {index:4;}">
                    <Coords points="645,2793 645,2853 768,2853 768,2793"/>
                    <TextEquiv>
                        <Unicode>lebende</Unicode>
                    </TextEquiv>
                </Word>
                <Word id="tr_2_tl_39_w6" custom="readingOrder {index:5;}">
                    <Coords points="791,2791 791,2851 873,2851 873,2791"/>
                    <TextEquiv>
                        <Unicode>Welt</Unicode>
                    </TextEquiv>
                </Word>
                <Word id="tr_2_tl_39_w7" custom="readingOrder {index:6;}">
                    <Coords points="899,2789 899,2849 924,2849 924,2789"/>
                    <TextEquiv>
                        <Unicode>in</Unicode>
                    </TextEquiv>
                </Word>
                <Word id="tr_2_tl_39_w8" custom="readingOrder {index:7;}">
                    <Coords points="956,2787 956,2847 1028,2847 1028,2787"/>
                    <TextEquiv>
                        <Unicode>allen</Unicode>
                    </TextEquiv>
                </Word>
                <Word id="tr_2_tl_39_w9" custom="readingOrder {index:8;}">
                    <Coords points="1060,2782 1060,2842 1179,2842 1179,2782"/>
                    <TextEquiv>
                        <Unicode>Farben</Unicode>
                    </TextEquiv>
                </Word>
                <Word id="tr_2_tl_39_w10" custom="readingOrder {index:9;}">
                    <Coords points="1211,2781 1211,2841 1329,2841 1329,2781"/>
                    <TextEquiv>
                        <Unicode>glühte,</Unicode>
                    </TextEquiv>
                </Word>
                <TextEquiv>
                    <Unicode>der Dichter, dem die lebende Welt in allen Farben glühte,</Unicode>
                </TextEquiv>
            </TextLine>
            <TextLine id="tr_2_tl_40" custom="readingOrder {index:39;}">
                <Coords points="248,2900 1333,2878 1335,2833 248,2851"/>
                <Baseline points="259,2886 312,2886 366,2883 420,2883 474,2881 528,2880 582,2878 636,2879 690,2878 744,2876 798,2875 851,2875 905,2875 959,2873 1013,2870 1067,2869 1121,2866 1175,2866 1229,2864 1283,2863 1337,2866"/>
                <Word id="tr_2_tl_40_w1" custom="readingOrder {index:0;}">
                    <Coords points="253,2846 253,2906 304,2906 304,2846"/>
                    <TextEquiv>
                        <Unicode>der</Unicode>
                    </TextEquiv>
                </Word>
                <Word id="tr_2_tl_40_w2" custom="readingOrder {index:1;}">
                    <Coords points="341,2843 341,2903 387,2903 387,2843"/>
                    <TextEquiv>
                        <Unicode>den</Unicode>
                    </TextEquiv>
                </Word>
                <Word id="tr_2_tl_40_w3" custom="readingOrder {index:2;}">
                    <Coords points="429,2840 429,2900 552,2900 552,2840"/>
                    <TextEquiv>
                        <Unicode>Zauber</Unicode>
                    </TextEquiv>
                </Word>
                <Word id="tr_2_tl_40_w4" custom="readingOrder {index:3;}">
                    <Coords points="589,2838 589,2898 671,2898 671,2838"/>
                    <TextEquiv>
                        <Unicode>eines</Unicode>
                    </TextEquiv>
                </Word>
                <Word id="tr_2_tl_40_w5" custom="readingOrder {index:4;}">
                    <Coords points="708,2835 708,2895 1033,2895 1033,2835"/>
                    <TextEquiv>
                        <Unicode>Frühlingsgartens,</Unicode>
                    </TextEquiv>
                </Word>
                <Word id="tr_2_tl_40_w6" custom="readingOrder {index:5;}">
                    <Coords points="1065,2827 1065,2887 1111,2887 1111,2827"/>
                    <TextEquiv>
                        <Unicode>die</Unicode>
                    </TextEquiv>
                </Word>
                <Word id="tr_2_tl_40_w7" custom="readingOrder {index:6;}">
                    <Coords points="1142,2823 1142,2883 1328,2883 1328,2823"/>
                    <TextEquiv>
                        <Unicode>Hingebung</Unicode>
                    </TextEquiv>
                </Word>
                <TextEquiv>
                    <Unicode>der den Zauber eines Frühlingsgartens, die Hingebung</Unicode>
                </TextEquiv>
            </TextLine>
            <TextLine id="tr_2_tl_41" custom="readingOrder {index:40;}">
                <Coords points="258,2938 1335,2920 1300,2869 259,2900"/>
                <Baseline points="268,2928 321,2928 375,2928 428,2926 482,2925 536,2925 589,2922 643,2922 696,2920 750,2919 804,2919 857,2918 911,2916 964,2914 1018,2913 1072,2913 1125,2909 1179,2907 1232,2907 1286,2905 1340,2907"/>
                <Word id="tr_2_tl_41_w1" custom="readingOrder {index:0;}">
                    <Coords points="252,2888 252,2948 336,2948 336,2888"/>
                    <TextEquiv>
                        <Unicode>eines</Unicode>
                    </TextEquiv>
                </Word>
                <Word id="tr_2_tl_41_w2" custom="readingOrder {index:1;}">
                    <Coords points="371,2885 371,2945 672,2945 672,2885"/>
                    <TextEquiv>
                        <Unicode>Mädchenherzens,</Unicode>
                    </TextEquiv>
                </Word>
                <Word id="tr_2_tl_41_w3" custom="readingOrder {index:2;}">
                    <Coords points="697,2879 697,2939 746,2939 746,2879"/>
                    <TextEquiv>
                        <Unicode>die</Unicode>
                    </TextEquiv>
                </Word>
                <Word id="tr_2_tl_41_w4" custom="readingOrder {index:3;}">
                    <Coords points="776,2878 776,2938 904,2938 904,2878"/>
                    <TextEquiv>
                        <Unicode>Anmut</Unicode>
                    </TextEquiv>
                </Word>
                <Word id="tr_2_tl_41_w5" custom="readingOrder {index:4;}">
                    <Coords points="929,2874 929,2934 983,2934 983,2874"/>
                    <TextEquiv>
                        <Unicode>der</Unicode>
                    </TextEquiv>
                </Word>
                <Word id="tr_2_tl_41_w6" custom="readingOrder {index:5;}">
                    <Coords points="1013,2873 1013,2933 1126,2933 1126,2873"/>
                    <TextEquiv>
                        <Unicode>Stadt,</Unicode>
                    </TextEquiv>
                </Word>
                <Word id="tr_2_tl_41_w7" custom="readingOrder {index:6;}">
                    <Coords points="1152,2867 1152,2927 1181,2927 1181,2867"/>
                    <TextEquiv>
                        <Unicode>in</Unicode>
                    </TextEquiv>
                </Word>
                <Word id="tr_2_tl_41_w8" custom="readingOrder {index:7;}">
                    <Coords points="1216,2866 1216,2926 1270,2926 1270,2866"/>
                    <TextEquiv>
                        <Unicode>der</Unicode>
                    </TextEquiv>
                </Word>
                <Word id="tr_2_tl_41_w9" custom="readingOrder {index:8;}">
                    <Coords points="1295,2865 1295,2925 1329,2925 1329,2865"/>
                    <TextEquiv>
                        <Unicode>er</Unicode>
                    </TextEquiv>
                </Word>
                <TextEquiv>
                    <Unicode>eines Mädchenherzens, die Anmut der Stadt, in der er</Unicode>
                </TextEquiv>
            </TextLine>
            <TextLine id="tr_2_tl_42" custom="readingOrder {index:41;}">
                <Coords points="256,2982 1249,2969 1333,2957 1335,2918 256,2937"/>
                <Baseline points="265,2970 318,2972 372,2971 425,2971 479,2970 533,2970 586,2967 640,2967 693,2965 747,2964 801,2964 854,2961 908,2960 961,2958 1015,2956 1069,2955 1122,2954 1176,2952 1229,2952 1283,2950 1337,2946"/>
                <Word id="tr_2_tl_42_w1" custom="readingOrder {index:0;}">
                    <Coords points="251,2931 251,2991 341,2991 341,2931"/>
                    <TextEquiv>
                        <Unicode>lebte,</Unicode>
                    </TextEquiv>
                </Word>
                <Word id="tr_2_tl_42_w2" custom="readingOrder {index:1;}">
                    <Coords points="367,2931 367,2991 474,2991 474,2931"/>
                    <TextEquiv>
                        <Unicode>stärker</Unicode>
                    </TextEquiv>
                </Word>
                <Word id="tr_2_tl_42_w3" custom="readingOrder {index:2;}">
                    <Coords points="500,2928 500,2988 616,2988 616,2928"/>
                    <TextEquiv>
                        <Unicode>genoß,</Unicode>
                    </TextEquiv>
                </Word>
                <Word id="tr_2_tl_42_w4" custom="readingOrder {index:3;}">
                    <Coords points="637,2926 637,2986 682,2986 682,2926"/>
                    <TextEquiv>
                        <Unicode>als</Unicode>
                    </TextEquiv>
                </Word>
                <Word id="tr_2_tl_42_w5" custom="readingOrder {index:4;}">
                    <Coords points="713,2924 713,2984 845,2984 845,2924"/>
                    <TextEquiv>
                        <Unicode>andere.</Unicode>
                    </TextEquiv>
                </Word>
                <Word id="tr_2_tl_42_w6" custom="readingOrder {index:5;}">
                    <Coords points="866,2920 866,2980 937,2980 937,2920"/>
                    <TextEquiv>
                        <Unicode>Das</Unicode>
                    </TextEquiv>
                </Word>
                <Word id="tr_2_tl_42_w7" custom="readingOrder {index:6;}">
                    <Coords points="968,2916 968,2976 1059,2976 1059,2916"/>
                    <TextEquiv>
                        <Unicode>Leben</Unicode>
                    </TextEquiv>
                </Word>
                <Word id="tr_2_tl_42_w8" custom="readingOrder {index:7;}">
                    <Coords points="1095,2913 1095,2973 1160,2973 1160,2913"/>
                    <TextEquiv>
                        <Unicode>war</Unicode>
                    </TextEquiv>
                </Word>
                <Word id="tr_2_tl_42_w9" custom="readingOrder {index:8;}">
                    <Coords points="1191,2912 1191,2972 1237,2972 1237,2912"/>
                    <TextEquiv>
                        <Unicode>ihm</Unicode>
                    </TextEquiv>
                </Word>
                <Word id="tr_2_tl_42_w10" custom="readingOrder {index:9;}">
                    <Coords points="1283,2908 1283,2968 1323,2968 1323,2908"/>
                    <TextEquiv>
                        <Unicode>ein</Unicode>
                    </TextEquiv>
                </Word>
                <TextEquiv>
                    <Unicode>lebte, stärker genoß, als andere. Das Leben war ihm ein</Unicode>
                </TextEquiv>
            </TextLine>
            <TextLine id="tr_2_tl_43" custom="readingOrder {index:42;}">
                <Coords points="258,3028 1328,3008 1340,2960 258,2982"/>
                <Baseline points="268,3015 321,3015 375,3015 429,3015 483,3013 536,3012 590,3009 644,3008 698,3006 751,3006 805,3006 859,3005 913,3003 966,3003 1020,3001 1074,3000 1128,2997 1181,2997 1235,2995 1289,2994 1343,2991"/>
                <Word id="tr_2_tl_43_w1" custom="readingOrder {index:0;}">
                    <Coords points="258,2975 258,3035 402,3035 402,2975"/>
                    <TextEquiv>
                        <Unicode>köstliches</Unicode>
                    </TextEquiv>
                </Word>
                <Word id="tr_2_tl_43_w2" custom="readingOrder {index:1;}">
                    <Coords points="434,2972 434,3032 552,3032 552,2972"/>
                    <TextEquiv>
                        <Unicode>Spiel,</Unicode>
                    </TextEquiv>
                </Word>
                <Word id="tr_2_tl_43_w3" custom="readingOrder {index:2;}">
                    <Coords points="574,2968 574,3028 626,3028 626,2968"/>
                    <TextEquiv>
                        <Unicode>das</Unicode>
                    </TextEquiv>
                </Word>
                <Word id="tr_2_tl_43_w4" custom="readingOrder {index:3;}">
                    <Coords points="664,2966 664,3026 798,3026 798,2966"/>
                    <TextEquiv>
                        <Unicode>Sterben</Unicode>
                    </TextEquiv>
                </Word>
                <Word id="tr_2_tl_43_w5" custom="readingOrder {index:4;}">
                    <Coords points="841,2964 841,3024 883,3024 883,2964"/>
                    <TextEquiv>
                        <Unicode>ein</Unicode>
                    </TextEquiv>
                </Word>
                <Word id="tr_2_tl_43_w6" custom="readingOrder {index:5;}">
                    <Coords points="927,2961 927,3021 1092,3021 1092,2961"/>
                    <TextEquiv>
                        <Unicode>mystisches</Unicode>
                    </TextEquiv>
                </Word>
                <Word id="tr_2_tl_43_w7" custom="readingOrder {index:6;}">
                    <Coords points="1130,2956 1130,3016 1252,3016 1252,2956"/>
                    <TextEquiv>
                        <Unicode>Rätsel,</Unicode>
                    </TextEquiv>
                </Word>
                <Word id="tr_2_tl_43_w8" custom="readingOrder {index:7;}">
                    <Coords points="1279,2953 1279,3013 1332,3013 1332,2953"/>
                    <TextEquiv>
                        <Unicode>das</Unicode>
                    </TextEquiv>
                </Word>
                <TextEquiv>
                    <Unicode>köstliches Spiel, das Sterben ein mystisches Rätsel, das</Unicode>
                </TextEquiv>
            </TextLine>
            <TextLine id="tr_2_tl_44" custom="readingOrder {index:43;}">
                <Coords points="265,3070 1340,3046 1340,3004 1255,2999 265,3026"/>
                <Baseline points="274,3060 327,3062 380,3060 434,3058 487,3057 541,3054 594,3056 648,3054 701,3052 755,3051 808,3051 861,3050 915,3048 968,3048 1022,3045 1075,3045 1129,3042 1182,3042 1236,3040 1289,3039 1343,3039"/>
                <Word id="tr_2_tl_44_w1" custom="readingOrder {index:0;}">
                    <Coords points="260,3020 260,3080 487,3080 487,3020"/>
                    <TextEquiv>
                        <Unicode>Gestorbensein</Unicode>
                    </TextEquiv>
                </Word>
                <Word id="tr_2_tl_44_w2" custom="readingOrder {index:1;}">
                    <Coords points="528,3015 528,3075 624,3075 624,3015"/>
                    <TextEquiv>
                        <Unicode>nichts</Unicode>
                    </TextEquiv>
                </Word>
                <Word id="tr_2_tl_44_w3" custom="readingOrder {index:2;}">
                    <Coords points="660,3012 660,3072 710,3072 710,3012"/>
                    <TextEquiv>
                        <Unicode>als</Unicode>
                    </TextEquiv>
                </Word>
                <Word id="tr_2_tl_44_w4" custom="readingOrder {index:3;}">
                    <Coords points="746,3011 746,3071 811,3071 811,3011"/>
                    <TextEquiv>
                        <Unicode>eine</Unicode>
                    </TextEquiv>
                </Word>
                <Word id="tr_2_tl_44_w5" custom="readingOrder {index:4;}">
                    <Coords points="842,3008 842,3068 989,3068 989,3008"/>
                    <TextEquiv>
                        <Unicode>Tatsache</Unicode>
                    </TextEquiv>
                </Word>
                <Word id="tr_2_tl_44_w6" custom="readingOrder {index:5;}">
                    <Coords points="1019,3005 1019,3065 1069,3065 1069,3005"/>
                    <TextEquiv>
                        <Unicode>des</Unicode>
                    </TextEquiv>
                </Word>
                <Word id="tr_2_tl_44_w7" custom="readingOrder {index:6;}">
                    <Coords points="1106,3000 1106,3060 1338,3060 1338,3000"/>
                    <TextEquiv>
                        <Unicode>Naturlebens.</Unicode>
                    </TextEquiv>
                </Word>
                <TextEquiv>
                    <Unicode>Gestorbensein nichts als eine Tatsache des Naturlebens.</Unicode>
                </TextEquiv>
            </TextLine>
            <TextLine id="tr_2_tl_45" custom="readingOrder {index:44;}">
                <Coords points="258,3139 1331,3143 1351,3075 256,3074"/>
                <Baseline points="268,3116 322,3119 376,3120 431,3120 485,3119 539,3119 594,3120 648,3122 702,3122 757,3122 811,3122 865,3123 920,3125 974,3125 1028,3125 1083,3125 1137,3126 1191,3128 1246,3128 1300,3128 1355,3128"/>
                <Word id="tr_2_tl_45_w1" custom="readingOrder {index:0;}">
                    <Coords points="262,3077 262,3137 339,3137 339,3077"/>
                    <TextEquiv>
                        <Unicode>Mit</Unicode>
                    </TextEquiv>
                </Word>
                <Word id="tr_2_tl_45_w2" custom="readingOrder {index:1;}">
                    <Coords points="362,3080 362,3140 456,3140 456,3080"/>
                    <TextEquiv>
                        <Unicode>dieser</Unicode>
                    </TextEquiv>
                </Word>
                <Word id="tr_2_tl_45_w3" custom="readingOrder {index:2;}">
                    <Coords points="478,3079 478,3139 683,3139 683,3079"/>
                    <TextEquiv>
                        <Unicode>Anschauung</Unicode>
                    </TextEquiv>
                </Word>
                <Word id="tr_2_tl_45_w4" custom="readingOrder {index:3;}">
                    <Coords points="717,3082 717,3142 782,3142 782,3082"/>
                    <TextEquiv>
                        <Unicode>war</Unicode>
                    </TextEquiv>
                </Word>
                <Word id="tr_2_tl_45_w5" custom="readingOrder {index:4;}">
                    <Coords points="806,3082 806,3142 855,3142 855,3082"/>
                    <TextEquiv>
                        <Unicode>der</Unicode>
                    </TextEquiv>
                </Word>
                <Word id="tr_2_tl_45_w6" custom="readingOrder {index:5;}">
                    <Coords points="883,3085 883,3145 1121,3145 1121,3085"/>
                    <TextEquiv>
                        <Unicode>wienerischeste</Unicode>
                    </TextEquiv>
                </Word>
                <Word id="tr_2_tl_45_w7" custom="readingOrder {index:6;}">
                    <Coords points="1144,3087 1144,3147 1193,3147 1193,3087"/>
                    <TextEquiv>
                        <Unicode>der</Unicode>
                    </TextEquiv>
                </Word>
                <Word id="tr_2_tl_45_w8" custom="readingOrder {index:7;}">
                    <Coords points="1222,3088 1222,3148 1343,3148 1343,3088"/>
                    <TextEquiv>
                        <Unicode>Dichter</Unicode>
                    </TextEquiv>
                </Word>
                <TextEquiv>
                    <Unicode>Mit dieser Anschauung war der wienerischeste der Dichter</Unicode>
                </TextEquiv>
            </TextLine>
            <TextLine id="tr_2_tl_46" custom="readingOrder {index:45;}">
                <Coords points="267,3185 1351,3185 1351,3141 1300,3134 267,3130"/>
                <Baseline points="277,3164 330,3166 384,3165 438,3165 492,3164 546,3164 600,3167 654,3167 708,3167 762,3167 816,3167 869,3167 923,3166 977,3168 1031,3167 1085,3167 1139,3171 1193,3173 1247,3171 1301,3173 1355,3170"/>
                <Word id="tr_2_tl_46_w1" custom="readingOrder {index:0;}">
                    <Coords points="267,3125 267,3185 346,3185 346,3125"/>
                    <TextEquiv>
                        <Unicode>ganz</Unicode>
                    </TextEquiv>
                </Word>
                <Word id="tr_2_tl_46_w2" custom="readingOrder {index:1;}">
                    <Coords points="367,3124 367,3184 599,3184 599,3124"/>
                    <TextEquiv>
                        <Unicode>unwienerisch.</Unicode>
                    </TextEquiv>
                </Word>
                <Word id="tr_2_tl_46_w3" custom="readingOrder {index:2;}">
                    <Coords points="621,3127 621,3187 678,3187 678,3127"/>
                    <TextEquiv>
                        <Unicode>Die</Unicode>
                    </TextEquiv>
                </Word>
                <Word id="tr_2_tl_46_w4" custom="readingOrder {index:3;}">
                    <Coords points="700,3127 700,3187 821,3187 821,3127"/>
                    <TextEquiv>
                        <Unicode>„schöne</Unicode>
                    </TextEquiv>
                </Word>
                <Word id="tr_2_tl_46_w5" custom="readingOrder {index:4;}">
                    <Coords points="848,3126 848,3186 958,3186 958,3126"/>
                    <TextEquiv>
                        <Unicode>Leich"“</Unicode>
                    </TextEquiv>
                </Word>
                <Word id="tr_2_tl_46_w6" custom="readingOrder {index:5;}">
                    <Coords points="985,3127 985,3187 1016,3187 1016,3127"/>
                    <TextEquiv>
                        <Unicode>ist</Unicode>
                    </TextEquiv>
                </Word>
                <Word id="tr_2_tl_46_w7" custom="readingOrder {index:6;}">
                    <Coords points="1038,3127 1038,3187 1058,3187 1058,3127"/>
                    <TextEquiv>
                        <Unicode>im</Unicode>
                    </TextEquiv>
                </Word>
                <Word id="tr_2_tl_46_w8" custom="readingOrder {index:7;}">
                    <Coords points="1101,3131 1101,3191 1222,3191 1222,3131"/>
                    <TextEquiv>
                        <Unicode>Wiener</Unicode>
                    </TextEquiv>
                </Word>
                <Word id="tr_2_tl_46_w9" custom="readingOrder {index:8;}">
                    <Coords points="1244,3132 1244,3192 1338,3192 1338,3132"/>
                    <TextEquiv>
                        <Unicode>Leben</Unicode>
                    </TextEquiv>
                </Word>
                <TextEquiv>
                    <Unicode>ganz unwienerisch. Die „schöne Leich"“ ist im Wiener Leben</Unicode>
                </TextEquiv>
            </TextLine>
            <TextLine id="tr_2_tl_47" custom="readingOrder {index:46;}">
                <Coords points="261,3214 1348,3225 1326,3180 1030,3170 261,3189"/>
                <Baseline points="271,3206 325,3209 379,3208 433,3208 487,3209 541,3209 595,3209 649,3209 703,3211 757,3209 811,3209 865,3210 919,3211 973,3211 1027,3212 1081,3212 1135,3213 1189,3215 1243,3215 1297,3215 1352,3215"/>
                <Word id="tr_2_tl_47_w1" custom="readingOrder {index:0;}">
                    <Coords points="266,3168 266,3228 381,3228 381,3168"/>
                    <TextEquiv>
                        <Unicode>immer</Unicode>
                    </TextEquiv>
                </Word>
                <Word id="tr_2_tl_47_w2" custom="readingOrder {index:1;}">
                    <Coords points="406,3168 406,3228 446,3228 446,3168"/>
                    <TextEquiv>
                        <Unicode>ein</Unicode>
                    </TextEquiv>
                </Word>
                <Word id="tr_2_tl_47_w3" custom="readingOrder {index:2;}">
                    <Coords points="482,3169 482,3229 632,3229 632,3169"/>
                    <TextEquiv>
                        <Unicode>wichtiges</Unicode>
                    </TextEquiv>
                </Word>
                <Word id="tr_2_tl_47_w4" custom="readingOrder {index:3;}">
                    <Coords points="663,3169 663,3229 808,3229 808,3169"/>
                    <TextEquiv>
                        <Unicode>Ereignis</Unicode>
                    </TextEquiv>
                </Word>
                <Word id="tr_2_tl_47_w5" custom="readingOrder {index:4;}">
                    <Coords points="839,3170 839,3230 989,3230 989,3170"/>
                    <TextEquiv>
                        <Unicode>gewesen.</Unicode>
                    </TextEquiv>
                </Word>
                <Word id="tr_2_tl_47_w6" custom="readingOrder {index:5;}">
                    <Coords points="1010,3172 1010,3232 1049,3232 1049,3172"/>
                    <TextEquiv>
                        <Unicode>Es</Unicode>
                    </TextEquiv>
                </Word>
                <Word id="tr_2_tl_47_w7" custom="readingOrder {index:6;}">
                    <Coords points="1080,3172 1080,3232 1145,3232 1145,3172"/>
                    <TextEquiv>
                        <Unicode>war</Unicode>
                    </TextEquiv>
                </Word>
                <Word id="tr_2_tl_47_w8" custom="readingOrder {index:7;}">
                    <Coords points="1171,3175 1171,3235 1220,3235 1220,3175"/>
                    <TextEquiv>
                        <Unicode>das</Unicode>
                    </TextEquiv>
                </Word>
                <Word id="tr_2_tl_47_w9" custom="readingOrder {index:8;}">
                    <Coords points="1251,3175 1251,3235 1341,3235 1341,3175"/>
                    <TextEquiv>
                        <Unicode>große</Unicode>
                    </TextEquiv>
                </Word>
                <TextEquiv>
                    <Unicode>immer ein wichtiges Ereignis gewesen. Es war das große</Unicode>
                </TextEquiv>
            </TextLine>
            <TextLine id="tr_2_tl_48" custom="readingOrder {index:47;}">
                <Coords points="270,3262 1350,3265 1350,3223 270,3216"/>
                <Baseline points="280,3251 333,3252 387,3254 441,3252 495,3251 548,3251 602,3254 656,3254 710,3252 763,3253 817,3254 871,3252 925,3255 978,3257 1032,3257 1086,3257 1140,3258 1193,3260 1247,3260 1301,3260 1355,3260"/>
                <Word id="tr_2_tl_48_w1" custom="readingOrder {index:0;}">
                    <Coords points="269,3212 269,3272 441,3272 441,3212"/>
                    <TextEquiv>
                        <Unicode>Spektakel,</Unicode>
                    </TextEquiv>
                </Word>
                <Word id="tr_2_tl_48_w2" custom="readingOrder {index:1;}">
                    <Coords points="466,3211 466,3271 520,3271 520,3211"/>
                    <TextEquiv>
                        <Unicode>das</Unicode>
                    </TextEquiv>
                </Word>
                <Word id="tr_2_tl_48_w3" custom="readingOrder {index:2;}">
                    <Coords points="550,3212 550,3272 604,3272 604,3212"/>
                    <TextEquiv>
                        <Unicode>der</Unicode>
                    </TextEquiv>
                </Word>
                <Word id="tr_2_tl_48_w4" custom="readingOrder {index:3;}">
                    <Coords points="634,3213 634,3273 697,3273 697,3213"/>
                    <TextEquiv>
                        <Unicode>Tod</Unicode>
                    </TextEquiv>
                </Word>
                <Word id="tr_2_tl_48_w5" custom="readingOrder {index:4;}">
                    <Coords points="733,3212 733,3272 782,3272 782,3212"/>
                    <TextEquiv>
                        <Unicode>dem</Unicode>
                    </TextEquiv>
                </Word>
                <Word id="tr_2_tl_48_w6" custom="readingOrder {index:5;}">
                    <Coords points="831,3213 831,3273 959,3273 959,3213"/>
                    <TextEquiv>
                        <Unicode>Wiener</Unicode>
                    </TextEquiv>
                </Word>
                <Word id="tr_2_tl_48_w7" custom="readingOrder {index:6;}">
                    <Coords points="989,3217 989,3277 1112,3277 1112,3217"/>
                    <TextEquiv>
                        <Unicode>gegeben</Unicode>
                    </TextEquiv>
                </Word>
                <Word id="tr_2_tl_48_w8" custom="readingOrder {index:7;}">
                    <Coords points="1152,3219 1152,3279 1211,3279 1211,3219"/>
                    <TextEquiv>
                        <Unicode>und</Unicode>
                    </TextEquiv>
                </Word>
                <Word id="tr_2_tl_48_w9" custom="readingOrder {index:8;}">
                    <Coords points="1246,3220 1246,3280 1344,3280 1344,3220"/>
                    <TextEquiv>
                        <Unicode>gratis</Unicode>
                    </TextEquiv>
                </Word>
                <TextEquiv>
                    <Unicode>Spektakel, das der Tod dem Wiener gegeben und gratis</Unicode>
                </TextEquiv>
            </TextLine>
            <TextLine id="tr_2_tl_49" custom="readingOrder {index:48;}">
                <Coords points="258,3296 1348,3313 1309,3265 258,3254"/>
                <Baseline points="268,3295 322,3297 376,3296 430,3296 484,3295 539,3295 593,3295 647,3295 701,3297 755,3298 810,3298 864,3298 918,3300 972,3299 1026,3298 1081,3298 1135,3299 1189,3301 1243,3301 1297,3301 1352,3301"/>
                <Word id="tr_2_tl_49_w1" custom="readingOrder {index:0;}">
                    <Coords points="263,3256 263,3316 429,3316 429,3256"/>
                    <TextEquiv>
                        <Unicode>beigestellt</Unicode>
                    </TextEquiv>
                </Word>
                <Word id="tr_2_tl_49_w2" custom="readingOrder {index:1;}">
                    <Coords points="460,3255 460,3315 525,3315 525,3255"/>
                    <TextEquiv>
                        <Unicode>hat.</Unicode>
                    </TextEquiv>
                </Word>
                <Word id="tr_2_tl_49_w3" custom="readingOrder {index:2;}">
                    <Coords points="551,3255 551,3315 596,3315 596,3255"/>
                    <TextEquiv>
                        <Unicode>An</Unicode>
                    </TextEquiv>
                </Word>
                <Word id="tr_2_tl_49_w4" custom="readingOrder {index:3;}">
                    <Coords points="637,3256 637,3316 728,3316 728,3256"/>
                    <TextEquiv>
                        <Unicode>erster</Unicode>
                    </TextEquiv>
                </Word>
                <Word id="tr_2_tl_49_w5" custom="readingOrder {index:4;}">
                    <Coords points="764,3258 764,3318 865,3318 865,3258"/>
                    <TextEquiv>
                        <Unicode>Stelle</Unicode>
                    </TextEquiv>
                </Word>
                <Word id="tr_2_tl_49_w6" custom="readingOrder {index:5;}">
                    <Coords points="901,3259 901,3319 1022,3319 1022,3259"/>
                    <TextEquiv>
                        <Unicode>standen</Unicode>
                    </TextEquiv>
                </Word>
                <Word id="tr_2_tl_49_w7" custom="readingOrder {index:6;}">
                    <Coords points="1063,3258 1063,3318 1103,3318 1103,3258"/>
                    <TextEquiv>
                        <Unicode>die</Unicode>
                    </TextEquiv>
                </Word>
                <Word id="tr_2_tl_49_w8" custom="readingOrder {index:7;}">
                    <Coords points="1139,3261 1139,3321 1341,3321 1341,3261"/>
                    <TextEquiv>
                        <Unicode>prunkvollen</Unicode>
                    </TextEquiv>
                </Word>
                <TextEquiv>
                    <Unicode>beigestellt hat. An erster Stelle standen die prunkvollen</Unicode>
                </TextEquiv>
            </TextLine>
            <TextLine id="tr_2_tl_50" custom="readingOrder {index:49;}">
                <Coords points="261,3348 1350,3357 1350,3318 1273,3309 261,3302"/>
                <Baseline points="271,3334 325,3338 379,3340 433,3338 487,3337 542,3340 596,3340 650,3340 704,3340 758,3340 813,3343 867,3341 921,3343 975,3343 1029,3343 1084,3346 1138,3346 1192,3346 1246,3346 1300,3346 1355,3343"/>
                <Word id="tr_2_tl_50_w1" custom="readingOrder {index:0;}">
                    <Coords points="261,3299 261,3359 458,3359 458,3299"/>
                    <TextEquiv>
                        <Unicode>Begrabnisse</Unicode>
                    </TextEquiv>
                </Word>
                <Word id="tr_2_tl_50_w2" custom="readingOrder {index:1;}">
                    <Coords points="495,3298 495,3358 551,3358 551,3298"/>
                    <TextEquiv>
                        <Unicode>von</Unicode>
                    </TextEquiv>
                </Word>
                <Word id="tr_2_tl_50_w3" custom="readingOrder {index:2;}">
                    <Coords points="594,3300 594,3360 801,3360 801,3300"/>
                    <TextEquiv>
                        <Unicode>Mitgliedern</Unicode>
                    </TextEquiv>
                </Word>
                <Word id="tr_2_tl_50_w4" custom="readingOrder {index:3;}">
                    <Coords points="854,3301 854,3361 906,3361 906,3301"/>
                    <TextEquiv>
                        <Unicode>des</Unicode>
                    </TextEquiv>
                </Word>
                <Word id="tr_2_tl_50_w5" custom="readingOrder {index:4;}">
                    <Coords points="958,3305 958,3365 1202,3365 1202,3305"/>
                    <TextEquiv>
                        <Unicode>Kaiserhauses.</Unicode>
                    </TextEquiv>
                </Word>
                <Word id="tr_2_tl_50_w6" custom="readingOrder {index:5;}">
                    <Coords points="1239,3306 1239,3366 1337,3366 1337,3306"/>
                    <TextEquiv>
                        <Unicode>Dann</Unicode>
                    </TextEquiv>
                </Word>
                <TextEquiv>
                    <Unicode>Begrabnisse von Mitgliedern des Kaiserhauses. Dann</Unicode>
                </TextEquiv>
            </TextLine>
            <TextLine id="tr_2_tl_51" custom="readingOrder {index:50;}">
                <Coords points="258,3390 1348,3406 1337,3353 258,3342"/>
                <Baseline points="268,3382 322,3382 376,3383 430,3385 484,3385 539,3382 593,3385 647,3384 701,3384 755,3385 810,3385 864,3388 918,3388 972,3386 1026,3388 1081,3385 1135,3388 1189,3388 1243,3388 1297,3391 1352,3394"/>
                <Word id="tr_2_tl_51_w1" custom="readingOrder {index:0;}">
                    <Coords points="263,3342 263,3402 360,3402 360,3342"/>
                    <TextEquiv>
                        <Unicode>kamen</Unicode>
                    </TextEquiv>
                </Word>
                <Word id="tr_2_tl_51_w2" custom="readingOrder {index:1;}">
                    <Coords points="402,3344 402,3404 443,3404 443,3344"/>
                    <TextEquiv>
                        <Unicode>die</Unicode>
                    </TextEquiv>
                </Word>
                <Word id="tr_2_tl_51_w3" custom="readingOrder {index:2;}">
                    <Coords points="474,3344 474,3404 680,3404 680,3344"/>
                    <TextEquiv>
                        <Unicode>Begräbnisse</Unicode>
                    </TextEquiv>
                </Word>
                <Word id="tr_2_tl_51_w4" custom="readingOrder {index:3;}">
                    <Coords points="712,3344 712,3404 763,3404 763,3344"/>
                    <TextEquiv>
                        <Unicode>von</Unicode>
                    </TextEquiv>
                </Word>
                <Word id="tr_2_tl_51_w5" custom="readingOrder {index:4;}">
                    <Coords points="800,3348 800,3408 979,3408 979,3348"/>
                    <TextEquiv>
                        <Unicode>Generälen</Unicode>
                    </TextEquiv>
                </Word>
                <Word id="tr_2_tl_51_w6" custom="readingOrder {index:5;}">
                    <Coords points="1017,3346 1017,3406 1073,3406 1073,3346"/>
                    <TextEquiv>
                        <Unicode>mit</Unicode>
                    </TextEquiv>
                </Word>
                <Word id="tr_2_tl_51_w7" custom="readingOrder {index:6;}">
                    <Coords points="1104,3348 1104,3408 1351,3408 1351,3348"/>
                    <TextEquiv>
                        <Unicode>Militärmusik,</Unicode>
                    </TextEquiv>
                </Word>
                <TextEquiv>
                    <Unicode>kamen die Begräbnisse von Generälen mit Militärmusik,</Unicode>
                </TextEquiv>
            </TextLine>
            <TextLine id="tr_2_tl_52" custom="readingOrder {index:51;}">
                <Coords points="267,3435 1351,3446 1351,3406 1273,3397 267,3393"/>
                <Baseline points="277,3427 330,3427 384,3427 438,3427 492,3427 546,3430 600,3427 654,3428 708,3430 762,3430 816,3433 869,3432 923,3431 977,3433 1031,3430 1085,3433 1139,3433 1193,3433 1247,3435 1301,3433 1355,3433"/>
                <Word id="tr_2_tl_52_w1" custom="readingOrder {index:0;}">
                    <Coords points="261,3387 261,3447 572,3447 572,3387"/>
                    <TextEquiv>
                        <Unicode>Ehrenkompanien,</Unicode>
                    </TextEquiv>
                </Word>
                <Word id="tr_2_tl_52_w2" custom="readingOrder {index:1;}">
                    <Coords points="593,3390 593,3450 885,3450 885,3390"/>
                    <TextEquiv>
                        <Unicode>Generaldecharge</Unicode>
                    </TextEquiv>
                </Word>
                <Word id="tr_2_tl_52_w3" custom="readingOrder {index:2;}">
                    <Coords points="915,3391 915,3451 974,3451 974,3391"/>
                    <TextEquiv>
                        <Unicode>und</Unicode>
                    </TextEquiv>
                </Word>
                <Word id="tr_2_tl_52_w4" custom="readingOrder {index:3;}">
                    <Coords points="1004,3393 1004,3453 1216,3453 1216,3393"/>
                    <TextEquiv>
                        <Unicode>Trauerpferd</Unicode>
                    </TextEquiv>
                </Word>
                <Word id="tr_2_tl_52_w5" custom="readingOrder {index:4;}">
                    <Coords points="1246,3393 1246,3453 1344,3453 1344,3393"/>
                    <TextEquiv>
                        <Unicode>hinter</Unicode>
                    </TextEquiv>
                </Word>
                <TextEquiv>
                    <Unicode>Ehrenkompanien, Generaldecharge und Trauerpferd hinter</Unicode>
                </TextEquiv>
            </TextLine>
            <TextLine id="tr_2_tl_53" custom="readingOrder {index:52;}">
                <Coords points="258,3479 1353,3484 1353,3453 1240,3439 258,3435"/>
                <Baseline points="268,3466 322,3471 377,3470 431,3472 486,3472 540,3469 595,3472 649,3472 704,3472 758,3472 813,3472 867,3475 922,3475 976,3475 1031,3475 1085,3477 1140,3475 1194,3475 1249,3478 1303,3478 1358,3475"/>
                <Word id="tr_2_tl_53_w1" custom="readingOrder {index:0;}">
                    <Coords points="263,3427 263,3487 313,3487 313,3427"/>
                    <TextEquiv>
                        <Unicode>dem</Unicode>
                    </TextEquiv>
                </Word>
                <Word id="tr_2_tl_53_w2" custom="readingOrder {index:1;}">
                    <Coords points="364,3432 364,3492 561,3492 561,3432"/>
                    <TextEquiv>
                        <Unicode>Prunksarg.</Unicode>
                    </TextEquiv>
                </Word>
                <Word id="tr_2_tl_53_w3" custom="readingOrder {index:2;}">
                    <Coords points="587,3432 587,3492 682,3492 682,3432"/>
                    <TextEquiv>
                        <Unicode>Dann</Unicode>
                    </TextEquiv>
                </Word>
                <Word id="tr_2_tl_53_w4" custom="readingOrder {index:3;}">
                    <Coords points="723,3432 723,3492 773,3492 773,3432"/>
                    <TextEquiv>
                        <Unicode>die</Unicode>
                    </TextEquiv>
                </Word>
                <Word id="tr_2_tl_53_w5" custom="readingOrder {index:4;}">
                    <Coords points="805,3435 805,3495 1012,3495 1012,3435"/>
                    <TextEquiv>
                        <Unicode>Begräbnisse</Unicode>
                    </TextEquiv>
                </Word>
                <Word id="tr_2_tl_53_w6" custom="readingOrder {index:5;}">
                    <Coords points="1048,3435 1048,3495 1194,3495 1194,3435"/>
                    <TextEquiv>
                        <Unicode>beliebter</Unicode>
                    </TextEquiv>
                </Word>
                <Word id="tr_2_tl_53_w7" custom="readingOrder {index:6;}">
                    <Coords points="1225,3438 1225,3498 1351,3498 1351,3438"/>
                    <TextEquiv>
                        <Unicode>Schau¬</Unicode>
                    </TextEquiv>
                </Word>
                <TextEquiv>
                    <Unicode>dem Prunksarg. Dann die Begräbnisse beliebter Schau¬</Unicode>
                </TextEquiv>
            </TextLine>
            <TextLine id="tr_2_tl_54" custom="readingOrder {index:53;}">
                <Coords points="267,3525 1342,3539 1350,3488 265,3477"/>
                <Baseline points="277,3516 330,3513 384,3513 438,3513 492,3513 546,3513 600,3514 654,3516 708,3514 762,3513 816,3519 869,3517 923,3519 977,3519 1031,3516 1085,3519 1139,3519 1193,3519 1247,3519 1301,3519 1355,3522"/>
                <Word id="tr_2_tl_54_w1" custom="readingOrder {index:0;}">
                    <Coords points="260,3473 260,3533 381,3533 381,3473"/>
                    <TextEquiv>
                        <Unicode>spieler.</Unicode>
                    </TextEquiv>
                </Word>
                <Word id="tr_2_tl_54_w2" custom="readingOrder {index:1;}">
                    <Coords points="408,3473 408,3533 477,3533 477,3473"/>
                    <TextEquiv>
                        <Unicode>Und</Unicode>
                    </TextEquiv>
                </Word>
                <Word id="tr_2_tl_54_w3" custom="readingOrder {index:2;}">
                    <Coords points="509,3473 509,3533 674,3533 674,3473"/>
                    <TextEquiv>
                        <Unicode>schließlich</Unicode>
                    </TextEquiv>
                </Word>
                <Word id="tr_2_tl_54_w4" custom="readingOrder {index:3;}">
                    <Coords points="712,3473 712,3533 759,3533 759,3473"/>
                    <TextEquiv>
                        <Unicode>die</Unicode>
                    </TextEquiv>
                </Word>
                <Word id="tr_2_tl_54_w5" custom="readingOrder {index:4;}">
                    <Coords points="797,3478 797,3538 1004,3538 1004,3478"/>
                    <TextEquiv>
                        <Unicode>Begräbnisse</Unicode>
                    </TextEquiv>
                </Word>
                <Word id="tr_2_tl_54_w6" custom="readingOrder {index:5;}">
                    <Coords points="1036,3479 1036,3539 1147,3539 1147,3479"/>
                    <TextEquiv>
                        <Unicode>großer</Unicode>
                    </TextEquiv>
                </Word>
                <Word id="tr_2_tl_54_w7" custom="readingOrder {index:6;}">
                    <Coords points="1179,3479 1179,3539 1349,3539 1349,3479"/>
                    <TextEquiv>
                        <Unicode>Künstler,</Unicode>
                    </TextEquiv>
                </Word>
                <TextEquiv>
                    <Unicode>spieler. Und schließlich die Begräbnisse großer Künstler,</Unicode>
                </TextEquiv>
            </TextLine>
            <TextLine id="tr_2_tl_55" custom="readingOrder {index:54;}">
                <Coords points="258,3570 1348,3572 1322,3526 258,3525"/>
                <Baseline points="268,3558 322,3558 376,3558 430,3558 484,3558 539,3558 593,3559 647,3561 701,3561 755,3561 810,3561 864,3561 918,3561 972,3561 1026,3561 1081,3561 1135,3564 1189,3564 1243,3564 1297,3561 1352,3561"/>
                <Word id="tr_2_tl_55_w1" custom="readingOrder {index:0;}">
                    <Coords points="258,3518 258,3578 382,3578 382,3518"/>
                    <TextEquiv>
                        <Unicode>Dichter</Unicode>
                    </TextEquiv>
                </Word>
                <Word id="tr_2_tl_55_w2" custom="readingOrder {index:1;}">
                    <Coords points="414,3518 414,3578 471,3578 471,3518"/>
                    <TextEquiv>
                        <Unicode>und</Unicode>
                    </TextEquiv>
                </Word>
                <Word id="tr_2_tl_55_w3" custom="readingOrder {index:2;}">
                    <Coords points="508,3518 508,3578 658,3578 658,3518"/>
                    <TextEquiv>
                        <Unicode>Musiker,</Unicode>
                    </TextEquiv>
                </Word>
                <Word id="tr_2_tl_55_w4" custom="readingOrder {index:3;}">
                    <Coords points="685,3521 685,3581 851,3581 851,3521"/>
                    <TextEquiv>
                        <Unicode>besonders</Unicode>
                    </TextEquiv>
                </Word>
                <Word id="tr_2_tl_55_w5" custom="readingOrder {index:4;}">
                    <Coords points="883,3521 883,3581 1007,3581 1007,3521"/>
                    <TextEquiv>
                        <Unicode>solcher,</Unicode>
                    </TextEquiv>
                </Word>
                <Word id="tr_2_tl_55_w6" custom="readingOrder {index:5;}">
                    <Coords points="1034,3521 1034,3581 1080,3581 1080,3521"/>
                    <TextEquiv>
                        <Unicode>die</Unicode>
                    </TextEquiv>
                </Word>
                <Word id="tr_2_tl_55_w7" custom="readingOrder {index:6;}">
                    <Coords points="1112,3524 1112,3584 1206,3584 1206,3524"/>
                    <TextEquiv>
                        <Unicode>man,</Unicode>
                    </TextEquiv>
                </Word>
                <Word id="tr_2_tl_55_w8" custom="readingOrder {index:7;}">
                    <Coords points="1232,3523 1232,3583 1278,3583 1278,3523"/>
                    <TextEquiv>
                        <Unicode>als</Unicode>
                    </TextEquiv>
                </Word>
                <Word id="tr_2_tl_55_w9" custom="readingOrder {index:8;}">
                    <Coords points="1310,3521 1310,3581 1346,3581 1346,3521"/>
                    <TextEquiv>
                        <Unicode>sie</Unicode>
                    </TextEquiv>
                </Word>
                <TextEquiv>
                    <Unicode>Dichter und Musiker, besonders solcher, die man, als sie</Unicode>
                </TextEquiv>
            </TextLine>
            <TextLine id="tr_2_tl_56" custom="readingOrder {index:55;}">
                <Coords points="261,3609 1348,3614 1348,3572 1291,3565 261,3570"/>
                <Baseline points="271,3600 325,3603 379,3603 433,3603 487,3601 541,3603 595,3603 649,3602 703,3602 757,3603 811,3606 865,3605 919,3603 973,3605 1027,3606 1081,3606 1135,3607 1189,3609 1243,3609 1297,3609 1352,3603"/>
                <Word id="tr_2_tl_56_w1" custom="readingOrder {index:0;}">
                    <Coords points="260,3561 260,3621 329,3621 329,3561"/>
                    <TextEquiv>
                        <Unicode>noch</Unicode>
                    </TextEquiv>
                </Word>
                <Word id="tr_2_tl_56_w2" custom="readingOrder {index:1;}">
                    <Coords points="364,3563 364,3623 482,3623 482,3563"/>
                    <TextEquiv>
                        <Unicode>lebten,</Unicode>
                    </TextEquiv>
                </Word>
                <Word id="tr_2_tl_56_w3" custom="readingOrder {index:2;}">
                    <Coords points="507,3563 507,3623 665,3623 665,3563"/>
                    <TextEquiv>
                        <Unicode>verhöhnt</Unicode>
                    </TextEquiv>
                </Word>
                <Word id="tr_2_tl_56_w4" custom="readingOrder {index:3;}">
                    <Coords points="695,3562 695,3622 769,3622 769,3562"/>
                    <TextEquiv>
                        <Unicode>oder</Unicode>
                    </TextEquiv>
                </Word>
                <Word id="tr_2_tl_56_w5" custom="readingOrder {index:4;}">
                    <Coords points="799,3565 799,3625 882,3625 882,3565"/>
                    <TextEquiv>
                        <Unicode>nicht</Unicode>
                    </TextEquiv>
                </Word>
                <Word id="tr_2_tl_56_w6" custom="readingOrder {index:5;}">
                    <Coords points="913,3565 913,3625 1090,3625 1090,3565"/>
                    <TextEquiv>
                        <Unicode>verstanden</Unicode>
                    </TextEquiv>
                </Word>
                <Word id="tr_2_tl_56_w7" custom="readingOrder {index:6;}">
                    <Coords points="1130,3567 1130,3627 1193,3627 1193,3567"/>
                    <TextEquiv>
                        <Unicode>hat.</Unicode>
                    </TextEquiv>
                </Word>
                <Word id="tr_2_tl_56_w8" custom="readingOrder {index:7;}">
                    <Coords points="1244,3569 1244,3629 1342,3629 1342,3569"/>
                    <TextEquiv>
                        <Unicode>Jedes</Unicode>
                    </TextEquiv>
                </Word>
                <TextEquiv>
                    <Unicode>noch lebten, verhöhnt oder nicht verstanden hat. Jedes</Unicode>
                </TextEquiv>
            </TextLine>
            <TextLine id="tr_2_tl_57" custom="readingOrder {index:56;}">
                <Coords points="261,3652 1350,3667 1350,3616 261,3609"/>
                <Baseline points="271,3645 325,3645 379,3645 433,3645 487,3647 542,3648 596,3645 650,3646 704,3648 758,3648 813,3648 867,3648 921,3648 975,3650 1029,3648 1084,3651 1138,3651 1192,3651 1246,3651 1300,3654 1355,3651"/>
                <Word id="tr_2_tl_57_w1" custom="readingOrder {index:0;}">
                    <Coords points="256,3605 256,3665 345,3665 345,3605"/>
                    <TextEquiv>
                        <Unicode>dieser</Unicode>
                    </TextEquiv>
                </Word>
                <Word id="tr_2_tl_57_w2" custom="readingOrder {index:1;}">
                    <Coords points="378,3606 378,3666 580,3666 580,3606"/>
                    <TextEquiv>
                        <Unicode>Begräbnisse</Unicode>
                    </TextEquiv>
                </Word>
                <Word id="tr_2_tl_57_w3" custom="readingOrder {index:2;}">
                    <Coords points="607,3605 607,3665 676,3665 676,3605"/>
                    <TextEquiv>
                        <Unicode>war</Unicode>
                    </TextEquiv>
                </Word>
                <Word id="tr_2_tl_57_w4" custom="readingOrder {index:3;}">
                    <Coords points="703,3608 703,3668 745,3668 745,3608"/>
                    <TextEquiv>
                        <Unicode>ein</Unicode>
                    </TextEquiv>
                </Word>
                <Word id="tr_2_tl_57_w5" custom="readingOrder {index:4;}">
                    <Coords points="778,3608 778,3668 847,3668 847,3608"/>
                    <TextEquiv>
                        <Unicode>Fest</Unicode>
                    </TextEquiv>
                </Word>
                <Word id="tr_2_tl_57_w6" custom="readingOrder {index:5;}">
                    <Coords points="869,3608 869,3668 921,3668 921,3608"/>
                    <TextEquiv>
                        <Unicode>für</Unicode>
                    </TextEquiv>
                </Word>
                <Word id="tr_2_tl_57_w7" custom="readingOrder {index:6;}">
                    <Coords points="948,3609 948,3669 996,3669 996,3609"/>
                    <TextEquiv>
                        <Unicode>den</Unicode>
                    </TextEquiv>
                </Word>
                <Word id="tr_2_tl_57_w8" custom="readingOrder {index:7;}">
                    <Coords points="1029,3611 1029,3671 1247,3671 1247,3611"/>
                    <TextEquiv>
                        <Unicode>schaulustigen</Unicode>
                    </TextEquiv>
                </Word>
                <Word id="tr_2_tl_57_w9" custom="readingOrder {index:8;}">
                    <Coords points="1279,3613 1279,3673 1337,3673 1337,3613"/>
                    <TextEquiv>
                        <Unicode>und</Unicode>
                    </TextEquiv>
                </Word>
                <TextEquiv>
                    <Unicode>dieser Begräbnisse war ein Fest für den schaulustigen und</Unicode>
                </TextEquiv>
            </TextLine>
            <TextLine id="tr_2_tl_58" custom="readingOrder {index:57;}">
                <Coords points="258,3700 1324,3713 1344,3667 256,3649"/>
                <Baseline points="268,3687 322,3690 376,3690 430,3690 484,3690 538,3690 592,3690 646,3690 700,3690 754,3693 808,3693 862,3693 916,3693 970,3693 1024,3693 1078,3693 1132,3696 1186,3696 1240,3694 1294,3696 1349,3693"/>
                <Word id="tr_2_tl_58_w1" custom="readingOrder {index:0;}">
                    <Coords points="260,3649 260,3709 348,3709 348,3649"/>
                    <TextEquiv>
                        <Unicode>leicht</Unicode>
                    </TextEquiv>
                </Word>
                <Word id="tr_2_tl_58_w2" custom="readingOrder {index:1;}">
                    <Coords points="368,3650 368,3710 535,3710 535,3650"/>
                    <TextEquiv>
                        <Unicode>geruhrten</Unicode>
                    </TextEquiv>
                </Word>
                <Word id="tr_2_tl_58_w3" custom="readingOrder {index:2;}">
                    <Coords points="570,3650 570,3710 713,3710 713,3650"/>
                    <TextEquiv>
                        <Unicode>Wiener.</Unicode>
                    </TextEquiv>
                </Word>
                <Word id="tr_2_tl_58_w4" custom="readingOrder {index:3;}">
                    <Coords points="733,3653 733,3713 801,3713 801,3653"/>
                    <TextEquiv>
                        <Unicode>Der</Unicode>
                    </TextEquiv>
                </Word>
                <Word id="tr_2_tl_58_w5" custom="readingOrder {index:4;}">
                    <Coords points="831,3653 831,3713 894,3713 894,3653"/>
                    <TextEquiv>
                        <Unicode>Tod</Unicode>
                    </TextEquiv>
                </Word>
                <Word id="tr_2_tl_58_w6" custom="readingOrder {index:5;}">
                    <Coords points="925,3653 925,3713 978,3713 978,3653"/>
                    <TextEquiv>
                        <Unicode>hat</Unicode>
                    </TextEquiv>
                </Word>
                <Word id="tr_2_tl_58_w7" custom="readingOrder {index:6;}">
                    <Coords points="1004,3653 1004,3713 1028,3713 1028,3653"/>
                    <TextEquiv>
                        <Unicode>in</Unicode>
                    </TextEquiv>
                </Word>
                <Word id="tr_2_tl_58_w8" custom="readingOrder {index:7;}">
                    <Coords points="1063,3655 1063,3715 1190,3715 1190,3655"/>
                    <TextEquiv>
                        <Unicode>unserer</Unicode>
                    </TextEquiv>
                </Word>
                <Word id="tr_2_tl_58_w9" custom="readingOrder {index:8;}">
                    <Coords points="1220,3655 1220,3715 1342,3715 1342,3655"/>
                    <TextEquiv>
                        <Unicode>lebens¬</Unicode>
                    </TextEquiv>
                </Word>
                <TextEquiv>
                    <Unicode>leicht geruhrten Wiener. Der Tod hat in unserer lebens¬</Unicode>
                </TextEquiv>
            </TextLine>
            <TextLine id="tr_2_tl_59" custom="readingOrder {index:58;}">
                <Coords points="267,3749 1348,3751 1348,3702 267,3696"/>
                <Baseline points="277,3734 330,3734 384,3733 438,3733 492,3734 545,3734 599,3732 653,3734 707,3734 760,3734 814,3737 868,3736 922,3735 975,3737 1029,3737 1083,3737 1137,3738 1190,3739 1244,3739 1298,3738 1352,3740"/>
                <Word id="tr_2_tl_59_w1" custom="readingOrder {index:0;}">
                    <Coords points="262,3694 262,3754 362,3754 362,3694"/>
                    <TextEquiv>
                        <Unicode>frohen</Unicode>
                    </TextEquiv>
                </Word>
                <Word id="tr_2_tl_59_w2" custom="readingOrder {index:1;}">
                    <Coords points="402,3693 402,3753 503,3753 503,3693"/>
                    <TextEquiv>
                        <Unicode>Stadt</Unicode>
                    </TextEquiv>
                </Word>
                <Word id="tr_2_tl_59_w3" custom="readingOrder {index:2;}">
                    <Coords points="534,3693 534,3753 594,3753 594,3693"/>
                    <TextEquiv>
                        <Unicode>mit</Unicode>
                    </TextEquiv>
                </Word>
                <Word id="tr_2_tl_59_w4" custom="readingOrder {index:3;}">
                    <Coords points="625,3695 625,3755 952,3755 952,3695"/>
                    <TextEquiv>
                        <Unicode>Prunkbegräbnissen</Unicode>
                    </TextEquiv>
                </Word>
                <Word id="tr_2_tl_59_w5" custom="readingOrder {index:4;}">
                    <Coords points="994,3697 994,3757 1109,3757 1109,3697"/>
                    <TextEquiv>
                        <Unicode>immer</Unicode>
                    </TextEquiv>
                </Word>
                <Word id="tr_2_tl_59_w6" custom="readingOrder {index:5;}">
                    <Coords points="1145,3698 1145,3758 1195,3758 1195,3698"/>
                    <TextEquiv>
                        <Unicode>für</Unicode>
                    </TextEquiv>
                </Word>
                <Word id="tr_2_tl_59_w7" custom="readingOrder {index:6;}">
                    <Coords points="1231,3698 1231,3758 1341,3758 1341,3698"/>
                    <TextEquiv>
                        <Unicode>Gafser</Unicode>
                    </TextEquiv>
                </Word>
                <TextEquiv>
                    <Unicode>frohen Stadt mit Prunkbegräbnissen immer für Gafser</Unicode>
                </TextEquiv>
            </TextLine>
            <TextLine id="tr_2_tl_60" custom="readingOrder {index:59;}">
                <Coords points="261,3789 1282,3804 1346,3799 1344,3753 259,3751"/>
                <Baseline points="271,3782 324,3776 378,3776 432,3778 486,3777 540,3779 594,3778 648,3776 702,3778 756,3779 810,3779 863,3779 917,3779 971,3779 1025,3779 1079,3782 1133,3780 1187,3782 1241,3782 1295,3782 1349,3785"/>
                <Word id="tr_2_tl_60_w1" custom="readingOrder {index:0;}">
                    <Coords points="254,3737 254,3797 373,3797 373,3737"/>
                    <TextEquiv>
                        <Unicode>gesorgt</Unicode>
                    </TextEquiv>
                </Word>
                <Word id="tr_2_tl_60_w2" custom="readingOrder {index:1;}">
                    <Coords points="394,3737 394,3797 451,3797 451,3737"/>
                    <TextEquiv>
                        <Unicode>und</Unicode>
                    </TextEquiv>
                </Word>
                <Word id="tr_2_tl_60_w3" custom="readingOrder {index:2;}">
                    <Coords points="478,3737 478,3797 529,3797 529,3737"/>
                    <TextEquiv>
                        <Unicode>für</Unicode>
                    </TextEquiv>
                </Word>
                <Word id="tr_2_tl_60_w4" custom="readingOrder {index:3;}">
                    <Coords points="551,3738 551,3798 592,3798 592,3738"/>
                    <TextEquiv>
                        <Unicode>die</Unicode>
                    </TextEquiv>
                </Word>
                <Word id="tr_2_tl_60_w5" custom="readingOrder {index:4;}">
                    <Coords points="619,3738 619,3798 801,3798 801,3738"/>
                    <TextEquiv>
                        <Unicode>zahlreichen</Unicode>
                    </TextEquiv>
                </Word>
                <Word id="tr_2_tl_60_w6" custom="readingOrder {index:5;}">
                    <Coords points="833,3739 833,3799 932,3799 932,3739"/>
                    <TextEquiv>
                        <Unicode>Leite,</Unicode>
                    </TextEquiv>
                </Word>
                <Word id="tr_2_tl_60_w7" custom="readingOrder {index:6;}">
                    <Coords points="948,3739 948,3799 994,3799 994,3739"/>
                    <TextEquiv>
                        <Unicode>die</Unicode>
                    </TextEquiv>
                </Word>
                <Word id="tr_2_tl_60_w8" custom="readingOrder {index:7;}">
                    <Coords points="1016,3740 1016,3800 1104,3800 1104,3740"/>
                    <TextEquiv>
                        <Unicode>dabei</Unicode>
                    </TextEquiv>
                </Word>
                <Word id="tr_2_tl_60_w9" custom="readingOrder {index:8;}">
                    <Coords points="1125,3740 1125,3800 1182,3800 1182,3740"/>
                    <TextEquiv>
                        <Unicode>sein</Unicode>
                    </TextEquiv>
                </Word>
                <Word id="tr_2_tl_60_w10" custom="readingOrder {index:9;}">
                    <Coords points="1214,3742 1214,3802 1349,3802 1349,3742"/>
                    <TextEquiv>
                        <Unicode>müssen,</Unicode>
                    </TextEquiv>
                </Word>
                <TextEquiv>
                    <Unicode>gesorgt und für die zahlreichen Leite, die dabei sein müssen,</Unicode>
                </TextEquiv>
            </TextLine>
            <TextLine id="tr_2_tl_61" custom="readingOrder {index:60;}">
                <Coords points="252,3830 1346,3835 1322,3789 252,3793"/>
                <Baseline points="262,3821 316,3821 370,3820 425,3820 479,3821 533,3821 588,3821 642,3821 696,3821 751,3821 805,3821 859,3823 914,3823 968,3824 1022,3824 1077,3824 1131,3824 1185,3826 1240,3827 1294,3824 1349,3827"/>
                <Word id="tr_2_tl_61_w1" custom="readingOrder {index:0;}">
                    <Coords points="256,3781 256,3841 300,3841 300,3781"/>
                    <TextEquiv>
                        <Unicode>wo</Unicode>
                    </TextEquiv>
                </Word>
                <Word id="tr_2_tl_61_w2" custom="readingOrder {index:1;}">
                    <Coords points="335,3780 335,3840 374,3840 374,3780"/>
                    <TextEquiv>
                        <Unicode>sie</Unicode>
                    </TextEquiv>
                </Word>
                <Word id="tr_2_tl_61_w3" custom="readingOrder {index:2;}">
                    <Coords points="405,3780 405,3840 537,3840 537,3780"/>
                    <TextEquiv>
                        <Unicode>bemerkt</Unicode>
                    </TextEquiv>
                </Word>
                <Word id="tr_2_tl_61_w4" custom="readingOrder {index:3;}">
                    <Coords points="568,3781 568,3841 686,3841 686,3781"/>
                    <TextEquiv>
                        <Unicode>werden</Unicode>
                    </TextEquiv>
                </Word>
                <Word id="tr_2_tl_61_w5" custom="readingOrder {index:4;}">
                    <Coords points="732,3781 732,3841 854,3841 854,3781"/>
                    <TextEquiv>
                        <Unicode>Arthur</Unicode>
                    </TextEquiv>
                </Word>
                <Word id="tr_2_tl_61_w6" custom="readingOrder {index:5;}">
                    <Coords points="885,3784 885,3844 1073,3844 1073,3784"/>
                    <TextEquiv>
                        <Unicode>Schnitzler,</Unicode>
                    </TextEquiv>
                </Word>
                <Word id="tr_2_tl_61_w7" custom="readingOrder {index:6;}">
                    <Coords points="1098,3784 1098,3844 1147,3844 1147,3784"/>
                    <TextEquiv>
                        <Unicode>der</Unicode>
                    </TextEquiv>
                </Word>
                <Word id="tr_2_tl_61_w8" custom="readingOrder {index:7;}">
                    <Coords points="1177,3786 1177,3846 1265,3846 1265,3786"/>
                    <TextEquiv>
                        <Unicode>durch</Unicode>
                    </TextEquiv>
                </Word>
                <Word id="tr_2_tl_61_w9" custom="readingOrder {index:8;}">
                    <Coords points="1301,3785 1301,3845 1344,3845 1344,3785"/>
                    <TextEquiv>
                        <Unicode>die</Unicode>
                    </TextEquiv>
                </Word>
                <TextEquiv>
                    <Unicode>wo sie bemerkt werden Arthur Schnitzler, der durch die</Unicode>
                </TextEquiv>
            </TextLine>
            <TextLine id="tr_2_tl_62" custom="readingOrder {index:61;}">
                <Coords points="252,3866 1342,3879 1342,3833 1289,3828 252,3830"/>
                <Baseline points="262,3860 316,3863 370,3863 424,3863 478,3865 533,3863 587,3866 641,3865 695,3865 749,3866 804,3866 858,3866 912,3866 966,3868 1020,3869 1075,3869 1129,3867 1183,3869 1237,3869 1291,3869 1346,3866"/>
                <Word id="tr_2_tl_62_w1" custom="readingOrder {index:0;}">
                    <Coords points="256,3823 256,3883 423,3883 423,3823"/>
                    <TextEquiv>
                        <Unicode>Komödien</Unicode>
                    </TextEquiv>
                </Word>
                <Word id="tr_2_tl_62_w2" custom="readingOrder {index:1;}">
                    <Coords points="462,3824 462,3884 510,3884 510,3824"/>
                    <TextEquiv>
                        <Unicode>des</Unicode>
                    </TextEquiv>
                </Word>
                <Word id="tr_2_tl_62_w3" custom="readingOrder {index:2;}">
                    <Coords points="539,3825 539,3885 654,3885 654,3825"/>
                    <TextEquiv>
                        <Unicode>Lebens</Unicode>
                    </TextEquiv>
                </Word>
                <Word id="tr_2_tl_62_w4" custom="readingOrder {index:3;}">
                    <Coords points="688,3825 688,3885 745,3885 745,3825"/>
                    <TextEquiv>
                        <Unicode>mit</Unicode>
                    </TextEquiv>
                </Word>
                <Word id="tr_2_tl_62_w5" custom="readingOrder {index:4;}">
                    <Coords points="770,3826 770,3886 817,3886 817,3826"/>
                    <TextEquiv>
                        <Unicode>dem</Unicode>
                    </TextEquiv>
                </Word>
                <Word id="tr_2_tl_62_w6" custom="readingOrder {index:5;}">
                    <Coords points="861,3826 861,3886 990,3886 990,3826"/>
                    <TextEquiv>
                        <Unicode>ruhigen</Unicode>
                    </TextEquiv>
                </Word>
                <Word id="tr_2_tl_62_w7" custom="readingOrder {index:6;}">
                    <Coords points="1025,3829 1025,3889 1081,3889 1081,3829"/>
                    <TextEquiv>
                        <Unicode>und</Unicode>
                    </TextEquiv>
                </Word>
                <Word id="tr_2_tl_62_w8" custom="readingOrder {index:7;}">
                    <Coords points="1111,3828 1111,3888 1226,3888 1226,3828"/>
                    <TextEquiv>
                        <Unicode>ernsten</Unicode>
                    </TextEquiv>
                </Word>
                <Word id="tr_2_tl_62_w9" custom="readingOrder {index:8;}">
                    <Coords points="1265,3828 1265,3888 1341,3888 1341,3828"/>
                    <TextEquiv>
                        <Unicode>Blick</Unicode>
                    </TextEquiv>
                </Word>
                <TextEquiv>
                    <Unicode>Komödien des Lebens mit dem ruhigen und ernsten Blick</Unicode>
                </TextEquiv>
            </TextLine>
            <TextLine id="tr_2_tl_63" custom="readingOrder {index:62;}">
                <Coords points="258,3914 1342,3923 1342,3879 1256,3873 258,3872"/>
                <Baseline points="268,3905 321,3906 375,3908 429,3906 483,3907 537,3908 591,3908 645,3909 699,3910 753,3910 807,3910 860,3910 914,3910 968,3912 1022,3910 1076,3910 1130,3911 1184,3912 1238,3912 1292,3913 1346,3910"/>
                <Word id="tr_2_tl_63_w1" custom="readingOrder {index:0;}">
                    <Coords points="262,3865 262,3925 306,3925 306,3865"/>
                    <TextEquiv>
                        <Unicode>des</Unicode>
                    </TextEquiv>
                </Word>
                <Word id="tr_2_tl_63_w2" custom="readingOrder {index:1;}">
                    <Coords points="336,3867 336,3927 444,3927 444,3867"/>
                    <TextEquiv>
                        <Unicode>Arztes</Unicode>
                    </TextEquiv>
                </Word>
                <Word id="tr_2_tl_63_w3" custom="readingOrder {index:2;}">
                    <Coords points="469,3868 469,3928 690,3928 690,3868"/>
                    <TextEquiv>
                        <Unicode>hindurchsah,</Unicode>
                    </TextEquiv>
                </Word>
                <Word id="tr_2_tl_63_w4" custom="readingOrder {index:3;}">
                    <Coords points="705,3870 705,3930 808,3930 808,3870"/>
                    <TextEquiv>
                        <Unicode>wollte</Unicode>
                    </TextEquiv>
                </Word>
                <Word id="tr_2_tl_63_w5" custom="readingOrder {index:4;}">
                    <Coords points="834,3870 834,3930 888,3930 888,3870"/>
                    <TextEquiv>
                        <Unicode>von</Unicode>
                    </TextEquiv>
                </Word>
                <Word id="tr_2_tl_63_w6" custom="readingOrder {index:5;}">
                    <Coords points="918,3871 918,3931 1000,3931 1000,3871"/>
                    <TextEquiv>
                        <Unicode>einem</Unicode>
                    </TextEquiv>
                </Word>
                <Word id="tr_2_tl_63_w7" custom="readingOrder {index:6;}">
                    <Coords points="1046,3872 1046,3932 1336,3932 1336,3872"/>
                    <TextEquiv>
                        <Unicode>Dichterbegräbnis</Unicode>
                    </TextEquiv>
                </Word>
                <TextEquiv>
                    <Unicode>des Arztes hindurchsah, wollte von einem Dichterbegräbnis</Unicode>
                </TextEquiv>
            </TextLine>
            <TextLine id="tr_2_tl_64" custom="readingOrder {index:63;}">
                <Coords points="261,3959 1339,3967 1337,3921 1300,3919 261,3914"/>
                <Baseline points="271,3949 324,3949 377,3949 431,3949 484,3951 538,3952 591,3949 645,3952 698,3952 752,3952 805,3955 858,3952 912,3953 965,3955 1019,3955 1072,3955 1126,3955 1179,3955 1233,3955 1286,3955 1340,3955"/>
                <Word id="tr_2_tl_64_w1" custom="readingOrder {index:0;}">
                    <Coords points="261,3909 261,3969 285,3969 285,3909"/>
                    <TextEquiv>
                        <Unicode>im</Unicode>
                    </TextEquiv>
                </Word>
                <Word id="tr_2_tl_64_w2" custom="readingOrder {index:1;}">
                    <Coords points="331,3909 331,3969 456,3969 456,3909"/>
                    <TextEquiv>
                        <Unicode>Wiener</Unicode>
                    </TextEquiv>
                </Word>
                <Word id="tr_2_tl_64_w3" custom="readingOrder {index:2;}">
                    <Coords points="482,3911 482,3971 557,3971 557,3911"/>
                    <TextEquiv>
                        <Unicode>Stil</Unicode>
                    </TextEquiv>
                </Word>
                <Word id="tr_2_tl_64_w4" custom="readingOrder {index:3;}">
                    <Coords points="583,3911 583,3971 672,3971 672,3911"/>
                    <TextEquiv>
                        <Unicode>nichts</Unicode>
                    </TextEquiv>
                </Word>
                <Word id="tr_2_tl_64_w5" custom="readingOrder {index:4;}">
                    <Coords points="708,3912 708,3972 829,3972 829,3912"/>
                    <TextEquiv>
                        <Unicode>wissen.</Unicode>
                    </TextEquiv>
                </Word>
                <Word id="tr_2_tl_64_w6" custom="readingOrder {index:5;}">
                    <Coords points="850,3912 850,3972 894,3972 894,3912"/>
                    <TextEquiv>
                        <Unicode>Er</Unicode>
                    </TextEquiv>
                </Word>
                <Word id="tr_2_tl_64_w7" custom="readingOrder {index:6;}">
                    <Coords points="925,3915 925,3975 1050,3975 1050,3915"/>
                    <TextEquiv>
                        <Unicode>ordnete</Unicode>
                    </TextEquiv>
                </Word>
                <Word id="tr_2_tl_64_w8" custom="readingOrder {index:7;}">
                    <Coords points="1081,3915 1081,3975 1121,3975 1121,3915"/>
                    <TextEquiv>
                        <Unicode>ein</Unicode>
                    </TextEquiv>
                </Word>
                <Word id="tr_2_tl_64_w9" custom="readingOrder {index:8;}">
                    <Coords points="1152,3915 1152,3975 1247,3975 1247,3915"/>
                    <TextEquiv>
                        <Unicode>stilles</Unicode>
                    </TextEquiv>
                </Word>
                <Word id="tr_2_tl_64_w10" custom="readingOrder {index:9;}">
                    <Coords points="1277,3915 1277,3975 1337,3975 1337,3915"/>
                    <TextEquiv>
                        <Unicode>Be¬</Unicode>
                    </TextEquiv>
                </Word>
                <TextEquiv>
                    <Unicode>im Wiener Stil nichts wissen. Er ordnete ein stilles Be¬</Unicode>
                </TextEquiv>
            </TextLine>
            <TextLine id="tr_2_tl_65" custom="readingOrder {index:64;}">
                <Coords points="261,4014 1342,4010 1342,3967 261,3957"/>
                <Baseline points="271,3994 324,3994 378,3994 432,3994 486,3994 539,3994 593,3994 647,3994 701,3996 754,3995 808,3997 862,3995 916,3997 969,3999 1023,3998 1077,3997 1131,3998 1184,3999 1238,3999 1292,4000 1346,4000"/>
                <Word id="tr_2_tl_65_w1" custom="readingOrder {index:0;}">
                    <Coords points="261,3954 261,4014 389,4014 389,3954"/>
                    <TextEquiv>
                        <Unicode>gräbnis</Unicode>
                    </TextEquiv>
                </Word>
                <Word id="tr_2_tl_65_w2" custom="readingOrder {index:1;}">
                    <Coords points="421,3954 421,4014 513,4014 513,3954"/>
                    <TextEquiv>
                        <Unicode>letzter</Unicode>
                    </TextEquiv>
                </Word>
                <Word id="tr_2_tl_65_w3" custom="readingOrder {index:2;}">
                    <Coords points="545,3954 545,4014 647,4014 647,3954"/>
                    <TextEquiv>
                        <Unicode>Klasse</Unicode>
                    </TextEquiv>
                </Word>
                <Word id="tr_2_tl_65_w4" custom="readingOrder {index:3;}">
                    <Coords points="674,3955 674,4015 736,4015 736,3955"/>
                    <TextEquiv>
                        <Unicode>an.</Unicode>
                    </TextEquiv>
                </Word>
                <Word id="tr_2_tl_65_w5" custom="readingOrder {index:4;}">
                    <Coords points="757,3956 757,4016 828,4016 828,3956"/>
                    <TextEquiv>
                        <Unicode>Nur</Unicode>
                    </TextEquiv>
                </Word>
                <Word id="tr_2_tl_65_w6" custom="readingOrder {index:5;}">
                    <Coords points="860,3955 860,4015 901,4015 901,3955"/>
                    <TextEquiv>
                        <Unicode>ein</Unicode>
                    </TextEquiv>
                </Word>
                <Word id="tr_2_tl_65_w7" custom="readingOrder {index:6;}">
                    <Coords points="938,3958 938,4018 1045,4018 1045,3958"/>
                    <TextEquiv>
                        <Unicode>großer</Unicode>
                    </TextEquiv>
                </Word>
                <Word id="tr_2_tl_65_w8" custom="readingOrder {index:7;}">
                    <Coords points="1072,3958 1072,4018 1196,4018 1196,3958"/>
                    <TextEquiv>
                        <Unicode>Dichter</Unicode>
                    </TextEquiv>
                </Word>
                <Word id="tr_2_tl_65_w9" custom="readingOrder {index:8;}">
                    <Coords points="1227,3959 1227,4019 1335,4019 1335,3959"/>
                    <TextEquiv>
                        <Unicode>konnte</Unicode>
                    </TextEquiv>
                </Word>
                <TextEquiv>
                    <Unicode>gräbnis letzter Klasse an. Nur ein großer Dichter konnte</Unicode>
                </TextEquiv>
            </TextLine>
            <TextLine id="tr_2_tl_66" custom="readingOrder {index:65;}">
                <Coords points="265,4052 1342,4052 1326,4007 265,4014"/>
                <Baseline points="274,4036 327,4037 381,4039 434,4037 488,4038 542,4039 595,4036 649,4039 702,4037 756,4038 810,4039 863,4039 917,4040 970,4042 1024,4040 1078,4042 1131,4042 1185,4042 1238,4042 1292,4042 1346,4042"/>
                <Word id="tr_2_tl_66_w1" custom="readingOrder {index:0;}">
                    <Coords points="264,3996 264,4056 303,4056 303,3996"/>
                    <TextEquiv>
                        <Unicode>sich</Unicode>
                    </TextEquiv>
                </Word>
                <Word id="tr_2_tl_66_w2" custom="readingOrder {index:1;}">
                    <Coords points="333,3998 333,4058 421,4058 421,3998"/>
                    <TextEquiv>
                        <Unicode>einen</Unicode>
                    </TextEquiv>
                </Word>
                <Word id="tr_2_tl_66_w3" custom="readingOrder {index:2;}">
                    <Coords points="451,3998 451,4058 558,4058 558,3998"/>
                    <TextEquiv>
                        <Unicode>solchen</Unicode>
                    </TextEquiv>
                </Word>
                <Word id="tr_2_tl_66_w4" custom="readingOrder {index:3;}">
                    <Coords points="593,3998 593,4058 696,4058 696,3998"/>
                    <TextEquiv>
                        <Unicode>Luxus</Unicode>
                    </TextEquiv>
                </Word>
                <Word id="tr_2_tl_66_w5" custom="readingOrder {index:4;}">
                    <Coords points="727,3999 727,4059 893,4059 893,3999"/>
                    <TextEquiv>
                        <Unicode>erlauben,</Unicode>
                    </TextEquiv>
                </Word>
                <Word id="tr_2_tl_66_w6" custom="readingOrder {index:5;}">
                    <Coords points="918,4001 918,4061 1002,4061 1002,4001"/>
                    <TextEquiv>
                        <Unicode>einem</Unicode>
                    </TextEquiv>
                </Word>
                <Word id="tr_2_tl_66_w7" custom="readingOrder {index:6;}">
                    <Coords points="1046,4002 1046,4062 1227,4062 1227,4002"/>
                    <TextEquiv>
                        <Unicode>Begräbnis</Unicode>
                    </TextEquiv>
                </Word>
                <Word id="tr_2_tl_66_w8" custom="readingOrder {index:7;}">
                    <Coords points="1258,4002 1258,4062 1336,4062 1336,4002"/>
                    <TextEquiv>
                        <Unicode>nicht</Unicode>
                    </TextEquiv>
                </Word>
                <TextEquiv>
                    <Unicode>sich einen solchen Luxus erlauben, einem Begräbnis nicht</Unicode>
                </TextEquiv>
            </TextLine>
            <TextLine id="tr_2_tl_67" custom="readingOrder {index:66;}">
                <Coords points="256,4093 1340,4104 1340,4051 256,4056"/>
                <Baseline points="265,4081 318,4081 372,4081 426,4081 480,4081 534,4084 588,4081 642,4081 696,4083 750,4084 804,4084 857,4083 911,4082 965,4082 1019,4083 1073,4084 1127,4084 1181,4084 1235,4086 1289,4084 1343,4087"/>
                <Word id="tr_2_tl_67_w1" custom="readingOrder {index:0;}">
                    <Coords points="261,4041 261,4101 320,4101 320,4041"/>
                    <TextEquiv>
                        <Unicode>mit</Unicode>
                    </TextEquiv>
                </Word>
                <Word id="tr_2_tl_67_w2" custom="readingOrder {index:1;}">
                    <Coords points="351,4041 351,4101 477,4101 477,4041"/>
                    <TextEquiv>
                        <Unicode>Prunk,</Unicode>
                    </TextEquiv>
                </Word>
                <Word id="tr_2_tl_67_w3" custom="readingOrder {index:2;}">
                    <Coords points="502,4041 502,4101 728,4101 728,4041"/>
                    <TextEquiv>
                        <Unicode>Zeremonien,</Unicode>
                    </TextEquiv>
                </Word>
                <Word id="tr_2_tl_67_w4" custom="readingOrder {index:3;}">
                    <Coords points="764,4043 764,4103 870,4103 870,4043"/>
                    <TextEquiv>
                        <Unicode>Reden</Unicode>
                    </TextEquiv>
                </Word>
                <Word id="tr_2_tl_67_w5" custom="readingOrder {index:4;}">
                    <Coords points="911,4042 911,4102 970,4102 970,4042"/>
                    <TextEquiv>
                        <Unicode>und</Unicode>
                    </TextEquiv>
                </Word>
                <Word id="tr_2_tl_67_w6" custom="readingOrder {index:5;}">
                    <Coords points="1002,4044 1002,4104 1167,4104 1167,4044"/>
                    <TextEquiv>
                        <Unicode>Kränzen,</Unicode>
                    </TextEquiv>
                </Word>
                <Word id="tr_2_tl_67_w7" custom="readingOrder {index:6;}">
                    <Coords points="1203,4044 1203,4104 1328,4104 1328,4044"/>
                    <TextEquiv>
                        <Unicode>sondern</Unicode>
                    </TextEquiv>
                </Word>
                <TextEquiv>
                    <Unicode>mit Prunk, Zeremonien, Reden und Kränzen, sondern</Unicode>
                </TextEquiv>
            </TextLine>
            <TextLine id="tr_2_tl_68" custom="readingOrder {index:67;}">
                <Coords points="252,4142 1251,4142 1251,4100 1191,4089 252,4093"/>
                <Baseline points="262,4122 311,4125 361,4123 411,4125 460,4125 510,4125 560,4125 609,4125 659,4125 709,4125 759,4125 808,4125 858,4125 908,4125 957,4125 1007,4127 1057,4126 1106,4128 1156,4128 1206,4128 1256,4131"/>
                <Word id="tr_2_tl_68_w1" custom="readingOrder {index:0;}">
                    <Coords points="259,4083 259,4143 321,4143 321,4083"/>
                    <TextEquiv>
                        <Unicode>nur</Unicode>
                    </TextEquiv>
                </Word>
                <Word id="tr_2_tl_68_w2" custom="readingOrder {index:1;}">
                    <Coords points="351,4084 351,4144 432,4144 432,4084"/>
                    <TextEquiv>
                        <Unicode>durch</Unicode>
                    </TextEquiv>
                </Word>
                <Word id="tr_2_tl_68_w3" custom="readingOrder {index:2;}">
                    <Coords points="461,4085 461,4145 547,4145 547,4085"/>
                    <TextEquiv>
                        <Unicode>Geist</Unicode>
                    </TextEquiv>
                </Word>
                <Word id="tr_2_tl_68_w4" custom="readingOrder {index:3;}">
                    <Coords points="577,4085 577,4145 634,4145 634,4085"/>
                    <TextEquiv>
                        <Unicode>und</Unicode>
                    </TextEquiv>
                </Word>
                <Word id="tr_2_tl_68_w5" custom="readingOrder {index:4;}">
                    <Coords points="670,4085 670,4145 837,4145 837,4085"/>
                    <TextEquiv>
                        <Unicode>Phantasie</Unicode>
                    </TextEquiv>
                </Word>
                <Word id="tr_2_tl_68_w6" custom="readingOrder {index:5;}">
                    <Coords points="866,4085 866,4145 1045,4145 1045,4085"/>
                    <TextEquiv>
                        <Unicode>Bedeutung</Unicode>
                    </TextEquiv>
                </Word>
                <Word id="tr_2_tl_68_w7" custom="readingOrder {index:6;}">
                    <Coords points="1080,4087 1080,4147 1109,4147 1109,4087"/>
                    <TextEquiv>
                        <Unicode>zu</Unicode>
                    </TextEquiv>
                </Word>
                <Word id="tr_2_tl_68_w8" custom="readingOrder {index:7;}">
                    <Coords points="1139,4088 1139,4148 1248,4148 1248,4088"/>
                    <TextEquiv>
                        <Unicode>geben.</Unicode>
                    </TextEquiv>
                </Word>
                <TextEquiv>
                    <Unicode>nur durch Geist und Phantasie Bedeutung zu geben.</Unicode>
                </TextEquiv>
            </TextLine>
            <TextEquiv>
                <Unicode></Unicode>
            </TextEquiv>
        </TextRegion>
        <TextRegion orientation="0.0" id="tr_3" custom="readingOrder {index:2;}">
            <Coords points="1427,316 1427,3480 2952,3480 2952,316"/>
            <TextLine id="tr_3_tl_1" custom="readingOrder {index:0;}">
                <Coords points="1417,380 1622,356 1775,360 1813,380 1885,362 1887,283 1788,298 1748,281 1669,285 1642,309 1419,283"/>
                <Baseline points="1427,349 1452,352 1478,352 1504,351 1529,349 1555,349 1581,349 1606,349 1632,349 1658,349 1683,349 1709,349 1735,349 1760,349 1786,347 1812,346 1837,346 1863,344 1889,340"/>
                <Word id="tr_3_tl_1_w1" custom="readingOrder {index:0;}">
                    <Coords points="1414,311 1414,371 1545,371 1545,311"/>
                    <TextEquiv>
                        <Unicode>box</Unicode>
                    </TextEquiv>
                </Word>
                <Word id="tr_3_tl_1_w2" custom="readingOrder {index:1;}">
                    <Coords points="1623,309 1623,369 1848,369 1848,309"/>
                    <TextEquiv>
                        <Unicode>43/25</Unicode>
                    </TextEquiv>
                </Word>
                <TextEquiv>
                    <Unicode>box 43/25</Unicode>
                </TextEquiv>
            </TextLine>
            <TextLine id="tr_3_tl_2" custom="readingOrder {index:1;}">
                <Coords points="1583,1308 1965,1344 2425,1333 2423,1229 2162,1251 2042,1218 1950,1238 1916,1209 1861,1235 1815,1198 1582,1253"/>
                <Baseline points="1594,1307 1635,1307 1677,1310 1719,1310 1761,1308 1803,1309 1844,1312 1886,1311 1928,1309 1970,1306 2012,1306 2053,1310 2095,1311 2137,1313 2179,1313 2221,1319 2262,1322 2304,1319 2346,1319 2388,1315 2430,1310"/>
                <Word id="tr_3_tl_2_w1" custom="readingOrder {index:0;}">
                    <Coords points="1596,1267 1596,1327 2309,1327 2309,1267"/>
                    <TextEquiv>
                        <Unicode>OBSERVER</Unicode>
                    </TextEquiv>
                </Word>
                <TextEquiv>
                    <Unicode>OBSERVER</Unicode>
                </TextEquiv>
            </TextLine>
            <TextLine id="tr_3_tl_3" custom="readingOrder {index:2;}">
                <Coords points="1691,1381 2332,1381 2330,1335 1691,1333"/>
                <Baseline points="1701,1364 1732,1366 1764,1367 1795,1367 1827,1367 1859,1369 1890,1370 1922,1370 1954,1370 1985,1370 2017,1370 2049,1370 2080,1370 2112,1371 2144,1373 2175,1373 2207,1373 2239,1373 2270,1371 2302,1371 2334,1373"/>
                <Word id="tr_3_tl_3_w1" custom="readingOrder {index:0;}">
                    <Coords points="1689,1324 1689,1384 1716,1384 1716,1324"/>
                    <TextEquiv>
                        <Unicode>I.</Unicode>
                    </TextEquiv>
                </Word>
                <Word id="tr_3_tl_3_w2" custom="readingOrder {index:1;}">
                    <Coords points="1730,1327 1730,1387 1850,1387 1850,1327"/>
                    <TextEquiv>
                        <Unicode>österr.</Unicode>
                    </TextEquiv>
                </Word>
                <Word id="tr_3_tl_3_w3" custom="readingOrder {index:2;}">
                    <Coords points="1863,1330 1863,1390 2015,1390 2015,1330"/>
                    <TextEquiv>
                        <Unicode>behördl.</Unicode>
                    </TextEquiv>
                </Word>
                <Word id="tr_3_tl_3_w4" custom="readingOrder {index:3;}">
                    <Coords points="2029,1333 2029,1393 2323,1393 2323,1333"/>
                    <TextEquiv>
                        <Unicode>konzessioniertes</Unicode>
                    </TextEquiv>
                </Word>
                <TextEquiv>
                    <Unicode>I. österr. behördl. konzessioniertes</Unicode>
                </TextEquiv>
            </TextLine>
            <TextLine id="tr_3_tl_4" custom="readingOrder {index:3;}">
                <Coords points="1640,1430 2378,1424 2358,1373 1640,1370"/>
                <Baseline points="1650,1409 1686,1409 1723,1409 1759,1410 1796,1411 1833,1409 1869,1412 1906,1412 1942,1410 1979,1410 2016,1412 2052,1412 2089,1412 2125,1412 2162,1413 2199,1415 2235,1415 2272,1415 2308,1415 2345,1415 2382,1412"/>
                <Word id="tr_3_tl_4_w1" custom="readingOrder {index:0;}">
                    <Coords points="1643,1370 1643,1430 1879,1430 1879,1370"/>
                    <TextEquiv>
                        <Unicode>Unternehmen</Unicode>
                    </TextEquiv>
                </Word>
                <Word id="tr_3_tl_4_w2" custom="readingOrder {index:1;}">
                    <Coords points="1910,1370 1910,1430 1959,1430 1959,1370"/>
                    <TextEquiv>
                        <Unicode>für</Unicode>
                    </TextEquiv>
                </Word>
                <Word id="tr_3_tl_4_w3" custom="readingOrder {index:2;}">
                    <Coords points="1982,1373 1982,1433 2369,1433 2369,1373"/>
                    <TextEquiv>
                        <Unicode>Zeitungs-Ausschnitte</Unicode>
                    </TextEquiv>
                </Word>
                <TextEquiv>
                    <Unicode>Unternehmen für Zeitungs-Ausschnitte</Unicode>
                </TextEquiv>
            </TextLine>
            <TextLine id="tr_3_tl_5" custom="readingOrder {index:4;}">
                <Coords points="1691,1485 2328,1483 2328,1423 2274,1452 2241,1423 1691,1426"/>
                <Baseline points="1701,1468 1732,1468 1764,1467 1795,1466 1827,1470 1858,1472 1890,1474 1921,1474 1953,1466 1984,1467 2016,1469 2047,1471 2079,1473 2110,1475 2142,1477 2173,1477 2205,1477 2236,1477 2268,1477 2299,1477 2331,1477"/>
                <Word id="tr_3_tl_5_w1" custom="readingOrder {index:0;}">
                    <Coords points="1694,1426 1694,1486 1840,1486 1840,1426"/>
                    <TextEquiv>
                        <Unicode>WIEN,</Unicode>
                    </TextEquiv>
                </Word>
                <Word id="tr_3_tl_5_w2" custom="readingOrder {index:1;}">
                    <Coords points="1868,1434 1868,1494 1921,1494 1921,1434"/>
                    <TextEquiv>
                        <Unicode>I.,</Unicode>
                    </TextEquiv>
                </Word>
                <Word id="tr_3_tl_5_w3" custom="readingOrder {index:2;}">
                    <Coords points="1941,1433 1941,1493 2229,1493 2229,1433"/>
                    <TextEquiv>
                        <Unicode>WOLLZEILE</Unicode>
                    </TextEquiv>
                </Word>
                <Word id="tr_3_tl_5_w4" custom="readingOrder {index:3;}">
                    <Coords points="2277,1437 2277,1497 2316,1497 2316,1437"/>
                    <TextEquiv>
                        <Unicode>11</Unicode>
                    </TextEquiv>
                </Word>
                <TextEquiv>
                    <Unicode>WIEN, I., WOLLZEILE 11</Unicode>
                </TextEquiv>
            </TextLine>
            <TextLine id="tr_3_tl_6" custom="readingOrder {index:5;}">
                <Coords points="1786,1536 2235,1534 2235,1488 1786,1487"/>
                <Baseline points="1797,1522 1823,1519 1849,1516 1875,1518 1901,1520 1927,1522 1953,1522 1979,1522 2005,1524 2031,1525 2057,1525 2083,1525 2109,1525 2135,1525 2161,1525 2187,1525 2213,1526 2239,1528"/>
                <Word id="tr_3_tl_6_w1" custom="readingOrder {index:0;}">
                    <Coords points="1791,1479 1791,1539 2006,1539 2006,1479"/>
                    <TextEquiv>
                        <Unicode>TELEPHON</Unicode>
                    </TextEquiv>
                </Word>
                <Word id="tr_3_tl_6_w2" custom="readingOrder {index:1;}">
                    <Coords points="2044,1485 2044,1545 2217,1545 2217,1485"/>
                    <TextEquiv>
                        <Unicode>R-23-0-43</Unicode>
                    </TextEquiv>
                </Word>
                <TextEquiv>
                    <Unicode>TELEPHON R-23-0-43</Unicode>
                </TextEquiv>
            </TextLine>
            <TextLine id="tr_3_tl_7" custom="readingOrder {index:6;}">
                <Coords points="1583,1671 1645,1693 1675,1676 1724,1676 1748,1691 1804,1684 1832,1698 1866,1682 1947,1687 1947,1633 1874,1616 1830,1625 1799,1613 1759,1627 1729,1616 1713,1633 1624,1609 1583,1624"/>
                <Baseline points="1594,1662 1619,1662 1645,1662 1670,1662 1696,1662 1721,1662 1747,1662 1773,1662 1798,1662 1824,1662 1849,1662 1875,1663 1900,1665 1926,1665 1952,1665"/>
                <Word id="tr_3_tl_7_w1" custom="readingOrder {index:0;}">
                    <Coords points="1589,1622 1589,1682 1815,1682 1815,1622"/>
                    <TextEquiv>
                        <Unicode>Ausschnitt</Unicode>
                    </TextEquiv>
                </Word>
                <Word id="tr_3_tl_7_w2" custom="readingOrder {index:1;}">
                    <Coords points="1843,1624 1843,1684 1934,1684 1934,1624"/>
                    <TextEquiv>
                        <Unicode>aus:</Unicode>
                    </TextEquiv>
                </Word>
                <TextEquiv>
                    <Unicode>Ausschnitt aus:</Unicode>
                </TextEquiv>
            </TextLine>
            <TextLine id="tr_3_tl_8" custom="readingOrder {index:7;}">
                <Coords points="1653,1792 2186,1817 2383,1788 2489,1813 2467,1728 1892,1744 1812,1717 1653,1750"/>
                <Baseline points="1662,1782 1703,1782 1745,1782 1786,1782 1828,1782 1869,1782 1911,1782 1952,1782 1994,1783 2035,1785 2077,1785 2118,1785 2160,1785 2201,1782 2243,1782 2284,1782 2326,1782 2367,1782 2409,1784 2450,1787 2492,1791"/>
                <Word id="tr_3_tl_8_w1" custom="readingOrder {index:0;}">
                    <Coords points="1660,1742 1660,1802 1838,1802 1838,1742"/>
                    <TextEquiv>
                        <Unicode>Kurjer</Unicode>
                    </TextEquiv>
                </Word>
                <Word id="tr_3_tl_8_w2" custom="readingOrder {index:1;}">
                    <Coords points="1886,1744 1886,1804 2147,1804 2147,1744"/>
                    <TextEquiv>
                        <Unicode>Poranny,</Unicode>
                    </TextEquiv>
                </Word>
                <Word id="tr_3_tl_8_w3" custom="readingOrder {index:2;}">
                    <Coords points="2171,1742 2171,1802 2479,1802 2479,1742"/>
                    <TextEquiv>
                        <Unicode>(arszawa)</Unicode>
                    </TextEquiv>
                </Word>
                <TextEquiv>
                    <Unicode>Kurjer Poranny, (arszawa)</Unicode>
                </TextEquiv>
            </TextLine>
            <TextLine id="tr_3_tl_9" custom="readingOrder {index:8;}">
                <Coords points="1592,1919 1731,1894 1846,1930 1950,1901 2166,1910 2164,1832 2089,1813 1989,1857 1855,1843 1735,1876 1680,1850 1591,1854"/>
                <Baseline points="1600,1886 1628,1886 1656,1887 1685,1889 1713,1889 1741,1892 1770,1894 1798,1896 1826,1898 1855,1896 1883,1896 1911,1898 1940,1896 1968,1895 1996,1895 2025,1895 2053,1895 2081,1897 2110,1898 2138,1898 2167,1898"/>
                <Word id="tr_3_tl_9_w1" custom="readingOrder {index:0;}">
                    <Coords points="1593,1846 1593,1906 1701,1906 1701,1846"/>
                    <TextEquiv>
                        <Unicode>vom:</Unicode>
                    </TextEquiv>
                </Word>
                <Word id="tr_3_tl_9_w2" custom="readingOrder {index:1;}">
                    <Coords points="1829,1855 1829,1915 2150,1915 2150,1855"/>
                    <TextEquiv>
                        <Unicode>27.10.1931</Unicode>
                    </TextEquiv>
                </Word>
                <TextEquiv>
                    <Unicode>vom: 27.10.1931</Unicode>
                </TextEquiv>
            </TextLine>
            <TextLine id="tr_3_tl_10" custom="readingOrder {index:9;}">
                <Coords points="2188,2080 2288,2060 2370,2082 2440,2040 2818,2086 2864,2049 2920,2060 2922,1976 2851,1939 2566,1941 2535,1963 2445,1914 2190,1919"/>
                <Baseline points="2197,2051 2233,2049 2269,2048 2306,2047 2342,2045 2379,2045 2415,2042 2451,2040 2488,2039 2524,2039 2561,2039 2597,2039 2633,2039 2670,2037 2706,2036 2743,2036 2779,2036 2815,2038 2852,2041 2888,2045 2925,2051"/>
                <Word id="tr_3_tl_10_w1" custom="readingOrder {index:0;}">
                    <Coords points="2191,2007 2191,2067 2385,2067 2385,2007"/>
                    <TextEquiv>
                        <Unicode>piarza</Unicode>
                    </TextEquiv>
                </Word>
                <Word id="tr_3_tl_10_w2" custom="readingOrder {index:1;}">
                    <Coords points="2442,1996 2442,2056 2900,2056 2900,1996"/>
                    <TextEquiv>
                        <Unicode>wiedenskiego,</Unicode>
                    </TextEquiv>
                </Word>
                <TextEquiv>
                    <Unicode>piarza wiedenskiego,</Unicode>
                </TextEquiv>
            </TextLine>
            <TextLine id="tr_3_tl_11" custom="readingOrder {index:10;}">
                <Coords points="1499,2062 1748,2080 1854,2053 2098,2078 2148,2060 2148,1930 1684,1939 1498,1907"/>
                <Baseline points="1510,2039 1542,2039 1574,2042 1606,2045 1638,2042 1670,2042 1702,2042 1734,2042 1766,2040 1798,2039 1831,2039 1863,2039 1895,2039 1927,2040 1959,2042 1991,2042 2023,2043 2055,2045 2087,2048 2119,2048 2152,2048"/>
                <Word id="tr_3_tl_11_w1" custom="readingOrder {index:0;}">
                    <Coords points="1515,2002 1515,2062 1769,2062 1769,2002"/>
                    <TextEquiv>
                        <Unicode>Pogrzeb</Unicode>
                    </TextEquiv>
                </Word>
                <Word id="tr_3_tl_11_w2" custom="readingOrder {index:1;}">
                    <Coords points="1829,2002 1829,2062 2126,2062 2126,2002"/>
                    <TextEquiv>
                        <Unicode>wielkiego</Unicode>
                    </TextEquiv>
                </Word>
                <TextEquiv>
                    <Unicode>Pogrzeb wielkiego</Unicode>
                </TextEquiv>
            </TextLine>
            <TextLine id="tr_3_tl_12" custom="readingOrder {index:11;}">
                <Coords points="1883,2192 2157,2179 2341,2208 2544,2188 2544,2113 2518,2107 2356,2129 2272,2107 2173,2139 2062,2107 1883,2117"/>
                <Baseline points="1892,2176 1924,2173 1957,2173 1990,2175 2023,2176 2056,2176 2089,2178 2121,2178 2154,2176 2187,2176 2220,2176 2253,2177 2286,2179 2319,2179 2351,2177 2384,2175 2417,2173 2450,2173 2483,2173 2516,2173 2549,2173"/>
                <Word id="tr_3_tl_12_w1" custom="readingOrder {index:0;}">
                    <Coords points="1892,2135 1892,2195 2108,2195 2108,2135"/>
                    <TextEquiv>
                        <Unicode>Artura</Unicode>
                    </TextEquiv>
                </Word>
                <Word id="tr_3_tl_12_w2" custom="readingOrder {index:1;}">
                    <Coords points="2158,2138 2158,2198 2512,2198 2512,2138"/>
                    <TextEquiv>
                        <Unicode>Sclnitzlera</Unicode>
                    </TextEquiv>
                </Word>
                <TextEquiv>
                    <Unicode>Artura Sclnitzlera</Unicode>
                </TextEquiv>
            </TextLine>
            <TextLine id="tr_3_tl_13" custom="readingOrder {index:12;}">
                <Coords points="1541,2274 2937,2259 2922,2210 2710,2237 2624,2201 2383,2243 2270,2204 2135,2239 1846,2199 1724,2241 1541,2228"/>
                <Baseline points="1552,2262 1621,2265 1690,2265 1760,2265 1829,2266 1899,2268 1968,2269 2037,2271 2107,2272 2176,2274 2246,2274 2315,2274 2384,2272 2454,2271 2523,2268 2593,2268 2662,2266 2731,2264 2801,2262 2870,2260 2940,2251"/>
                <Word id="tr_3_tl_13_w1" custom="readingOrder {index:0;}">
                    <Coords points="1545,2224 1545,2284 1694,2284 1694,2224"/>
                    <TextEquiv>
                        <Unicode>Donoszą</Unicode>
                    </TextEquiv>
                </Word>
                <Word id="tr_3_tl_13_w2" custom="readingOrder {index:1;}">
                    <Coords points="1723,2225 1723,2285 1736,2285 1736,2225"/>
                    <TextEquiv>
                        <Unicode>z</Unicode>
                    </TextEquiv>
                </Word>
                <Word id="tr_3_tl_13_w3" custom="readingOrder {index:2;}">
                    <Coords points="1759,2226 1759,2286 1901,2286 1901,2226"/>
                    <TextEquiv>
                        <Unicode>Wiednia</Unicode>
                    </TextEquiv>
                </Word>
                <Word id="tr_3_tl_13_w4" custom="readingOrder {index:3;}">
                    <Coords points="1931,2228 1931,2288 1987,2288 1987,2228"/>
                    <TextEquiv>
                        <Unicode>pod</Unicode>
                    </TextEquiv>
                </Word>
                <Word id="tr_3_tl_13_w5" custom="readingOrder {index:4;}">
                    <Coords points="2016,2231 2016,2291 2087,2291 2087,2231"/>
                    <TextEquiv>
                        <Unicode>datą</Unicode>
                    </TextEquiv>
                </Word>
                <Word id="tr_3_tl_13_w6" custom="readingOrder {index:5;}">
                    <Coords points="2117,2232 2117,2292 2152,2292 2152,2232"/>
                    <TextEquiv>
                        <Unicode>23</Unicode>
                    </TextEquiv>
                </Word>
                <Word id="tr_3_tl_13_w7" custom="readingOrder {index:6;}">
                    <Coords points="2174,2234 2174,2294 2209,2294 2209,2234"/>
                    <TextEquiv>
                        <Unicode>b.</Unicode>
                    </TextEquiv>
                </Word>
                <Word id="tr_3_tl_13_w8" custom="readingOrder {index:7;}">
                    <Coords points="2231,2234 2231,2294 2323,2294 2323,2234"/>
                    <TextEquiv>
                        <Unicode>syolm</Unicode>
                    </TextEquiv>
                </Word>
                <Word id="tr_3_tl_13_w9" custom="readingOrder {index:8;}">
                    <Coords points="2366,2231 2366,2291 2466,2291 2466,2231"/>
                    <TextEquiv>
                        <Unicode>czasie</Unicode>
                    </TextEquiv>
                </Word>
                <Word id="tr_3_tl_13_w10" custom="readingOrder {index:9;}">
                    <Coords points="2496,2228 2496,2288 2609,2288 2609,2228"/>
                    <TextEquiv>
                        <Unicode>sztuka</Unicode>
                    </TextEquiv>
                </Word>
                <Word id="tr_3_tl_13_w11" custom="readingOrder {index:10;}">
                    <Coords points="2645,2225 2645,2285 2717,2285 2717,2225"/>
                    <TextEquiv>
                        <Unicode>jego</Unicode>
                    </TextEquiv>
                </Word>
                <Word id="tr_3_tl_13_w12" custom="readingOrder {index:11;}">
                    <Coords points="2746,2223 2746,2283 2781,2283 2781,2223"/>
                    <TextEquiv>
                        <Unicode>p.</Unicode>
                    </TextEquiv>
                </Word>
                <Word id="tr_3_tl_13_w13" custom="readingOrder {index:12;}">
                    <Coords points="2803,2221 2803,2281 2831,2281 2831,2221"/>
                    <TextEquiv>
                        <Unicode>t.</Unicode>
                    </TextEquiv>
                </Word>
                <Word id="tr_3_tl_13_w14" custom="readingOrder {index:13;}">
                    <Coords points="2853,2216 2853,2276 2938,2276 2938,2216"/>
                    <TextEquiv>
                        <Unicode>„Ma-</Unicode>
                    </TextEquiv>
                </Word>
                <TextEquiv>
                    <Unicode>Donoszą z Wiednia pod datą 23 b. syolm czasie sztuka jego p. t. „Ma-</Unicode>
                </TextEquiv>
            </TextLine>
            <TextLine id="tr_3_tl_14" custom="readingOrder {index:13;}">
                <Coords points="1494,2327 2938,2318 2938,2259 2202,2297 1494,2270"/>
                <Baseline points="1504,2307 1579,2310 1655,2310 1731,2310 1806,2311 1882,2313 1958,2316 2034,2318 2109,2319 2185,2318 2261,2319 2337,2319 2412,2319 2488,2313 2564,2313 2640,2310 2715,2307 2791,2305 2867,2303 2943,2301"/>
                <Word id="tr_3_tl_14_w1" custom="readingOrder {index:0;}">
                    <Coords points="1498,2268 1498,2328 1567,2328 1567,2268"/>
                    <TextEquiv>
                        <Unicode>m.:</Unicode>
                    </TextEquiv>
                </Word>
                <Word id="tr_3_tl_14_w2" custom="readingOrder {index:1;}">
                    <Coords points="1582,2270 1582,2330 1658,2330 1658,2270"/>
                    <TextEquiv>
                        <Unicode>Dzis</Unicode>
                    </TextEquiv>
                </Word>
                <Word id="tr_3_tl_14_w3" custom="readingOrder {index:2;}">
                    <Coords points="1687,2270 1687,2330 1693,2330 1693,2270"/>
                    <TextEquiv>
                        <Unicode>w</Unicode>
                    </TextEquiv>
                </Word>
                <Word id="tr_3_tl_14_w4" custom="readingOrder {index:3;}">
                    <Coords points="1729,2270 1729,2330 1882,2330 1882,2270"/>
                    <TextEquiv>
                        <Unicode>poludnie</Unicode>
                    </TextEquiv>
                </Word>
                <Word id="tr_3_tl_14_w5" custom="readingOrder {index:4;}">
                    <Coords points="1904,2275 1904,2335 2008,2335 2008,2275"/>
                    <TextEquiv>
                        <Unicode>odbyl</Unicode>
                    </TextEquiv>
                </Word>
                <Word id="tr_3_tl_14_w6" custom="readingOrder {index:5;}">
                    <Coords points="2023,2278 2023,2338 2071,2338 2071,2278"/>
                    <TextEquiv>
                        <Unicode>się</Unicode>
                    </TextEquiv>
                </Word>
                <Word id="tr_3_tl_14_w7" custom="readingOrder {index:6;}">
                    <Coords points="2093,2278 2093,2338 2120,2338 2120,2278"/>
                    <TextEquiv>
                        <Unicode>tu</Unicode>
                    </TextEquiv>
                </Word>
                <Word id="tr_3_tl_14_w8" custom="readingOrder {index:7;}">
                    <Coords points="2149,2278 2149,2338 2204,2338 2204,2278"/>
                    <TextEquiv>
                        <Unicode>po-</Unicode>
                    </TextEquiv>
                </Word>
                <Word id="tr_3_tl_14_w9" custom="readingOrder {index:8;}">
                    <Coords points="2226,2279 2226,2339 2365,2339 2365,2279"/>
                    <TextEquiv>
                        <Unicode>lestki",</Unicode>
                    </TextEquiv>
                </Word>
                <Word id="tr_3_tl_14_w10" custom="readingOrder {index:9;}">
                    <Coords points="2380,2277 2380,2337 2477,2337 2477,2277"/>
                    <TextEquiv>
                        <Unicode>grana</Unicode>
                    </TextEquiv>
                </Word>
                <Word id="tr_3_tl_14_w11" custom="readingOrder {index:10;}">
                    <Coords points="2499,2273 2499,2333 2533,2333 2533,2273"/>
                    <TextEquiv>
                        <Unicode>na</Unicode>
                    </TextEquiv>
                </Word>
                <Word id="tr_3_tl_14_w12" custom="readingOrder {index:11;}">
                    <Coords points="2562,2269 2562,2329 2757,2329 2757,2269"/>
                    <TextEquiv>
                        <Unicode>wszystkich</Unicode>
                    </TextEquiv>
                </Word>
                <Word id="tr_3_tl_14_w13" custom="readingOrder {index:12;}">
                    <Coords points="2786,2263 2786,2323 2918,2323 2918,2263"/>
                    <TextEquiv>
                        <Unicode>scenach</Unicode>
                    </TextEquiv>
                </Word>
                <TextEquiv>
                    <Unicode>m.: Dzis w poludnie odbyl się tu po- lestki", grana na wszystkich scenach</Unicode>
                </TextEquiv>
            </TextLine>
            <TextLine id="tr_3_tl_15" custom="readingOrder {index:14;}">
                <Coords points="1494,2365 2935,2354 2907,2310 2778,2307 1494,2327"/>
                <Baseline points="1504,2358 1575,2353 1647,2355 1718,2355 1790,2355 1862,2358 1933,2360 2005,2361 2077,2363 2148,2362 2220,2365 2292,2364 2363,2361 2435,2359 2507,2358 2578,2355 2650,2355 2722,2351 2793,2349 2865,2346 2937,2340"/>
                <Word id="tr_3_tl_15_w1" custom="readingOrder {index:0;}">
                    <Coords points="1496,2315 1496,2375 1591,2375 1591,2315"/>
                    <TextEquiv>
                        <Unicode>grzeb</Unicode>
                    </TextEquiv>
                </Word>
                <Word id="tr_3_tl_15_w2" custom="readingOrder {index:1;}">
                    <Coords points="1624,2315 1624,2375 1784,2375 1784,2315"/>
                    <TextEquiv>
                        <Unicode>słynnego</Unicode>
                    </TextEquiv>
                </Word>
                <Word id="tr_3_tl_15_w3" custom="readingOrder {index:2;}">
                    <Coords points="1829,2320 1829,2380 2053,2380 2053,2320"/>
                    <TextEquiv>
                        <Unicode>dramaturga</Unicode>
                    </TextEquiv>
                </Word>
                <Word id="tr_3_tl_15_w4" custom="readingOrder {index:3;}">
                    <Coords points="2079,2322 2079,2382 2091,2382 2091,2322"/>
                    <TextEquiv>
                        <Unicode>i</Unicode>
                    </TextEquiv>
                </Word>
                <Word id="tr_3_tl_15_w5" custom="readingOrder {index:4;}">
                    <Coords points="2111,2322 2111,2382 2206,2382 2206,2322"/>
                    <TextEquiv>
                        <Unicode>pisa-</Unicode>
                    </TextEquiv>
                </Word>
                <Word id="tr_3_tl_15_w6" custom="readingOrder {index:5;}">
                    <Coords points="2227,2323 2227,2383 2392,2383 2392,2323"/>
                    <TextEquiv>
                        <Unicode>plskich.</Unicode>
                    </TextEquiv>
                </Word>
                <Word id="tr_3_tl_15_w7" custom="readingOrder {index:6;}">
                    <Coords points="2412,2319 2412,2379 2424,2379 2424,2319"/>
                    <TextEquiv>
                        <Unicode>W</Unicode>
                    </TextEquiv>
                </Word>
                <Word id="tr_3_tl_15_w8" custom="readingOrder {index:7;}">
                    <Coords points="2470,2317 2470,2377 2553,2377 2553,2317"/>
                    <TextEquiv>
                        <Unicode>tejże</Unicode>
                    </TextEquiv>
                </Word>
                <Word id="tr_3_tl_15_w9" custom="readingOrder {index:8;}">
                    <Coords points="2572,2315 2572,2375 2687,2375 2687,2315"/>
                    <TextEquiv>
                        <Unicode>sztuce</Unicode>
                    </TextEquiv>
                </Word>
                <Word id="tr_3_tl_15_w10" custom="readingOrder {index:9;}">
                    <Coords points="2714,2310 2714,2370 2790,2370 2790,2310"/>
                    <TextEquiv>
                        <Unicode>grał</Unicode>
                    </TextEquiv>
                </Word>
                <Word id="tr_3_tl_15_w11" custom="readingOrder {index:10;}">
                    <Coords points="2803,2308 2803,2368 2815,2368 2815,2308"/>
                    <TextEquiv>
                        <Unicode>w</Unicode>
                    </TextEquiv>
                </Word>
                <Word id="tr_3_tl_15_w12" custom="readingOrder {index:11;}">
                    <Coords points="2854,2303 2854,2363 2937,2363 2937,2303"/>
                    <TextEquiv>
                        <Unicode>swo-</Unicode>
                    </TextEquiv>
                </Word>
                <TextEquiv>
                    <Unicode>grzeb słynnego dramaturga i pisa- plskich. W tejże sztuce grał w swo-</Unicode>
                </TextEquiv>
            </TextLine>
            <TextLine id="tr_3_tl_16" custom="readingOrder {index:15;}">
                <Coords points="1498,2407 2215,2434 2942,2398 2924,2352 1498,2367"/>
                <Baseline points="1507,2397 1582,2397 1658,2398 1734,2400 1809,2402 1885,2403 1961,2406 2037,2406 2112,2406 2188,2408 2264,2409 2340,2408 2415,2406 2491,2403 2567,2400 2643,2397 2718,2394 2794,2392 2870,2391 2946,2391"/>
                <Word id="tr_3_tl_16_w1" custom="readingOrder {index:0;}">
                    <Coords points="1501,2357 1501,2417 1569,2417 1569,2357"/>
                    <TextEquiv>
                        <Unicode>rza,</Unicode>
                    </TextEquiv>
                </Word>
                <Word id="tr_3_tl_16_w2" custom="readingOrder {index:1;}">
                    <Coords points="1591,2357 1591,2417 1714,2417 1714,2357"/>
                    <TextEquiv>
                        <Unicode>Artura</Unicode>
                    </TextEquiv>
                </Word>
                <Word id="tr_3_tl_16_w3" custom="readingOrder {index:2;}">
                    <Coords points="1743,2362 1743,2422 1970,2422 1970,2362"/>
                    <TextEquiv>
                        <Unicode>Schnitzlera,</Unicode>
                    </TextEquiv>
                </Word>
                <Word id="tr_3_tl_16_w4" custom="readingOrder {index:3;}">
                    <Coords points="1984,2366 1984,2426 2066,2426 2066,2366"/>
                    <TextEquiv>
                        <Unicode>przy</Unicode>
                    </TextEquiv>
                </Word>
                <Word id="tr_3_tl_16_w5" custom="readingOrder {index:4;}">
                    <Coords points="2094,2366 2094,2426 2204,2426 2204,2366"/>
                    <TextEquiv>
                        <Unicode>udzia-</Unicode>
                    </TextEquiv>
                </Word>
                <Word id="tr_3_tl_16_w6" custom="readingOrder {index:5;}">
                    <Coords points="2233,2368 2233,2428 2259,2428 2259,2368"/>
                    <TextEquiv>
                        <Unicode>in</Unicode>
                    </TextEquiv>
                </Word>
                <Word id="tr_3_tl_16_w7" custom="readingOrder {index:6;}">
                    <Coords points="2288,2368 2288,2428 2391,2428 2391,2368"/>
                    <TextEquiv>
                        <Unicode>czasie</Unicode>
                    </TextEquiv>
                </Word>
                <Word id="tr_3_tl_16_w8" custom="readingOrder {index:7;}">
                    <Coords points="2419,2363 2419,2423 2536,2423 2536,2363"/>
                    <TextEquiv>
                        <Unicode>słynny</Unicode>
                    </TextEquiv>
                </Word>
                <Word id="tr_3_tl_16_w9" custom="readingOrder {index:8;}">
                    <Coords points="2565,2358 2565,2418 2639,2418 2639,2358"/>
                    <TextEquiv>
                        <Unicode>nasz</Unicode>
                    </TextEquiv>
                </Word>
                <Word id="tr_3_tl_16_w10" custom="readingOrder {index:9;}">
                    <Coords points="2661,2353 2661,2413 2792,2413 2792,2353"/>
                    <TextEquiv>
                        <Unicode>artysta</Unicode>
                    </TextEquiv>
                </Word>
                <Word id="tr_3_tl_16_w11" custom="readingOrder {index:10;}">
                    <Coords points="2820,2351 2820,2411 2929,2411 2929,2351"/>
                    <TextEquiv>
                        <Unicode>drama</Unicode>
                    </TextEquiv>
                </Word>
                <TextEquiv>
                    <Unicode>rza, Artura Schnitzlera, przy udzia- in czasie słynny nasz artysta drama</Unicode>
                </TextEquiv>
            </TextLine>
            <TextLine id="tr_3_tl_17" custom="readingOrder {index:16;}">
                <Coords points="1490,2449 2942,2453 2924,2398 2215,2434 1490,2402"/>
                <Baseline points="1501,2442 1573,2444 1645,2445 1717,2445 1790,2445 1862,2448 1934,2448 2006,2451 2079,2451 2151,2451 2223,2454 2295,2454 2368,2451 2440,2449 2512,2447 2584,2445 2657,2439 2729,2439 2801,2437 2873,2436 2946,2442"/>
                <Word id="tr_3_tl_17_w1" custom="readingOrder {index:0;}">
                    <Coords points="1493,2402 1493,2462 1525,2462 1525,2402"/>
                    <TextEquiv>
                        <Unicode>le</Unicode>
                    </TextEquiv>
                </Word>
                <Word id="tr_3_tl_17_w2" custom="readingOrder {index:1;}">
                    <Coords points="1546,2405 1546,2465 1877,2465 1877,2405"/>
                    <TextEquiv>
                        <Unicode>najwybitniejszych</Unicode>
                    </TextEquiv>
                </Word>
                <Word id="tr_3_tl_17_w3" custom="readingOrder {index:2;}">
                    <Coords points="1910,2411 1910,2471 2188,2471 2188,2411"/>
                    <TextEquiv>
                        <Unicode>reprezentantów</Unicode>
                    </TextEquiv>
                </Word>
                <Word id="tr_3_tl_17_w4" custom="readingOrder {index:3;}">
                    <Coords points="2229,2413 2229,2473 2367,2473 2367,2413"/>
                    <TextEquiv>
                        <Unicode>tyczny,</Unicode>
                    </TextEquiv>
                </Word>
                <Word id="tr_3_tl_17_w5" custom="readingOrder {index:4;}">
                    <Coords points="2388,2410 2388,2470 2420,2470 2420,2410"/>
                    <TextEquiv>
                        <Unicode>6.</Unicode>
                    </TextEquiv>
                </Word>
                <Word id="tr_3_tl_17_w6" custom="readingOrder {index:5;}">
                    <Coords points="2441,2408 2441,2468 2473,2468 2473,2408"/>
                    <TextEquiv>
                        <Unicode>p.</Unicode>
                    </TextEquiv>
                </Word>
                <Word id="tr_3_tl_17_w7" custom="readingOrder {index:6;}">
                    <Coords points="2501,2405 2501,2465 2652,2465 2652,2405"/>
                    <TextEquiv>
                        <Unicode>Bolesław</Unicode>
                    </TextEquiv>
                </Word>
                <Word id="tr_3_tl_17_w8" custom="readingOrder {index:7;}">
                    <Coords points="2693,2396 2693,2456 2937,2456 2937,2396"/>
                    <TextEquiv>
                        <Unicode>Leszczynski,</Unicode>
                    </TextEquiv>
                </Word>
                <TextEquiv>
                    <Unicode>le najwybitniejszych reprezentantów tyczny, 6. p. Bolesław Leszczynski,</Unicode>
                </TextEquiv>
            </TextLine>
            <TextLine id="tr_3_tl_18" custom="readingOrder {index:17;}">
                <Coords points="2230,2502 2938,2491 2917,2445 2232,2460"/>
                <Baseline points="2239,2498 2274,2498 2309,2495 2344,2495 2379,2494 2415,2492 2450,2492 2485,2490 2520,2489 2555,2489 2591,2489 2626,2486 2661,2486 2696,2485 2731,2482 2767,2480 2802,2480 2837,2480 2872,2480 2907,2480 2943,2480"/>
                <Word id="tr_3_tl_18_w1" custom="readingOrder {index:0;}">
                    <Coords points="2229,2455 2229,2515 2455,2515 2455,2455"/>
                    <TextEquiv>
                        <Unicode>mistrzowsko</Unicode>
                    </TextEquiv>
                </Word>
                <Word id="tr_3_tl_18_w2" custom="readingOrder {index:1;}">
                    <Coords points="2489,2449 2489,2509 2561,2509 2561,2449"/>
                    <TextEquiv>
                        <Unicode>rolę</Unicode>
                    </TextEquiv>
                </Word>
                <Word id="tr_3_tl_18_w3" custom="readingOrder {index:2;}">
                    <Coords points="2591,2445 2591,2505 2749,2505 2749,2445"/>
                    <TextEquiv>
                        <Unicode>„Pana".</Unicode>
                    </TextEquiv>
                </Word>
                <Word id="tr_3_tl_18_w4" custom="readingOrder {index:3;}">
                    <Coords points="2793,2440 2793,2500 2942,2500 2942,2440"/>
                    <TextEquiv>
                        <Unicode>Sztuka,</Unicode>
                    </TextEquiv>
                </Word>
                <TextEquiv>
                    <Unicode>mistrzowsko rolę „Pana". Sztuka,</Unicode>
                </TextEquiv>
            </TextLine>
            <TextLine id="tr_3_tl_19" custom="readingOrder {index:18;}">
                <Coords points="1494,2495 2201,2507 2199,2467 2146,2460 1494,2454"/>
                <Baseline points="1504,2486 1540,2486 1577,2486 1614,2487 1651,2489 1687,2489 1724,2486 1761,2488 1798,2489 1835,2489 1871,2490 1908,2492 1945,2492 1982,2492 2019,2492 2055,2493 2092,2495 2129,2495 2166,2495 2203,2495"/>
                <Word id="tr_3_tl_19_w1" custom="readingOrder {index:0;}">
                    <Coords points="1493,2446 1493,2506 1685,2506 1685,2446"/>
                    <TextEquiv>
                        <Unicode>tutejszego</Unicode>
                    </TextEquiv>
                </Word>
                <Word id="tr_3_tl_19_w2" custom="readingOrder {index:1;}">
                    <Coords points="1709,2448 1709,2508 1829,2508 1829,2448"/>
                    <TextEquiv>
                        <Unicode>świata</Unicode>
                    </TextEquiv>
                </Word>
                <Word id="tr_3_tl_19_w3" custom="readingOrder {index:2;}">
                    <Coords points="1859,2452 1859,2512 2075,2512 2075,2452"/>
                    <TextEquiv>
                        <Unicode>literackiego</Unicode>
                    </TextEquiv>
                </Word>
                <Word id="tr_3_tl_19_w4" custom="readingOrder {index:3;}">
                    <Coords points="2100,2455 2100,2515 2113,2515 2113,2455"/>
                    <TextEquiv>
                        <Unicode>i</Unicode>
                    </TextEquiv>
                </Word>
                <Word id="tr_3_tl_19_w5" custom="readingOrder {index:4;}">
                    <Coords points="2133,2455 2133,2515 2205,2515 2205,2455"/>
                    <TextEquiv>
                        <Unicode>tea-</Unicode>
                    </TextEquiv>
                </Word>
                <TextEquiv>
                    <Unicode>tutejszego świata literackiego i tea-</Unicode>
                </TextEquiv>
            </TextLine>
            <TextLine id="tr_3_tl_20" custom="readingOrder {index:19;}">
                <Coords points="2232,2544 2942,2540 2926,2489 2781,2480 2679,2506 2644,2487 2234,2502"/>
                <Baseline points="2242,2531 2277,2531 2312,2531 2347,2531 2382,2531 2418,2530 2453,2528 2488,2528 2523,2526 2558,2526 2594,2528 2629,2528 2664,2528 2699,2528 2734,2527 2770,2525 2805,2525 2840,2525 2875,2524 2910,2521 2946,2519"/>
                <Word id="tr_3_tl_20_w1" custom="readingOrder {index:0;}">
                    <Coords points="2231,2487 2231,2547 2751,2547 2751,2487"/>
                    <TextEquiv>
                        <Unicode>trwwbornej</Unicode>
                    </TextEquiv>
                </Word>
                <Word id="tr_3_tl_20_w2" custom="readingOrder {index:1;}">
                    <Coords points="2777,2485 2777,2545 2850,2545 2850,2485"/>
                    <TextEquiv>
                        <Unicode>grze</Unicode>
                    </TextEquiv>
                </Word>
                <Word id="tr_3_tl_20_w3" custom="readingOrder {index:2;}">
                    <Coords points="2875,2481 2875,2541 2938,2541 2938,2481"/>
                    <TextEquiv>
                        <Unicode>na-</Unicode>
                    </TextEquiv>
                </Word>
                <TextEquiv>
                    <Unicode>trwwbornej grze na-</Unicode>
                </TextEquiv>
            </TextLine>
            <TextLine id="tr_3_tl_21" custom="readingOrder {index:20;}">
                <Coords points="1498,2548 2201,2538 2199,2507 2151,2502 1496,2495"/>
                <Baseline points="1507,2531 1543,2531 1580,2531 1617,2531 1654,2531 1690,2531 1727,2534 1764,2532 1801,2533 1838,2534 1874,2534 1911,2534 1948,2534 1985,2532 2022,2532 2058,2534 2095,2534 2132,2534 2169,2534 2206,2531"/>
                <Word id="tr_3_tl_21_w1" custom="readingOrder {index:0;}">
                    <Coords points="1495,2491 1495,2551 1667,2551 1667,2491"/>
                    <TextEquiv>
                        <Unicode>tralnego,</Unicode>
                    </TextEquiv>
                </Word>
                <Word id="tr_3_tl_21_w2" custom="readingOrder {index:1;}">
                    <Coords points="1686,2492 1686,2552 1836,2552 1836,2492"/>
                    <TextEquiv>
                        <Unicode>delegata</Unicode>
                    </TextEquiv>
                </Word>
                <Word id="tr_3_tl_21_w3" custom="readingOrder {index:2;}">
                    <Coords points="1864,2494 1864,2554 1986,2554 1986,2494"/>
                    <TextEquiv>
                        <Unicode>miasta</Unicode>
                    </TextEquiv>
                </Word>
                <Word id="tr_3_tl_21_w4" custom="readingOrder {index:3;}">
                    <Coords points="2014,2493 2014,2553 2091,2553 2091,2493"/>
                    <TextEquiv>
                        <Unicode>orns</Unicode>
                    </TextEquiv>
                </Word>
                <Word id="tr_3_tl_21_w5" custom="readingOrder {index:4;}">
                    <Coords points="2115,2494 2115,2554 2205,2554 2205,2494"/>
                    <TextEquiv>
                        <Unicode>deie¬</Unicode>
                    </TextEquiv>
                </Word>
                <TextEquiv>
                    <Unicode>tralnego, delegata miasta orns deie¬</Unicode>
                </TextEquiv>
            </TextLine>
            <TextLine id="tr_3_tl_22" custom="readingOrder {index:21;}">
                <Coords points="1494,2590 2944,2570 2865,2528 1494,2548"/>
                <Baseline points="1504,2579 1576,2576 1648,2576 1720,2576 1793,2576 1865,2576 1937,2578 2009,2578 2082,2576 2154,2576 2226,2578 2298,2574 2371,2573 2443,2573 2515,2572 2587,2570 2660,2569 2732,2567 2804,2570 2876,2567 2949,2561"/>
                <Word id="tr_3_tl_22_w1" custom="readingOrder {index:0;}">
                    <Coords points="1494,2537 1494,2597 1593,2597 1593,2537"/>
                    <TextEquiv>
                        <Unicode>gatów</Unicode>
                    </TextEquiv>
                </Word>
                <Word id="tr_3_tl_22_w2" custom="readingOrder {index:1;}">
                    <Coords points="1629,2536 1629,2596 1840,2596 1840,2536"/>
                    <TextEquiv>
                        <Unicode>ministerjum</Unicode>
                    </TextEquiv>
                </Word>
                <Word id="tr_3_tl_22_w3" custom="readingOrder {index:2;}">
                    <Coords points="1876,2538 1876,2598 2036,2598 2036,2538"/>
                    <TextEquiv>
                        <Unicode>oświaty.</Unicode>
                    </TextEquiv>
                </Word>
                <Word id="tr_3_tl_22_w4" custom="readingOrder {index:3;}">
                    <Coords points="2057,2536 2057,2596 2071,2596 2071,2536"/>
                    <TextEquiv>
                        <Unicode>W</Unicode>
                    </TextEquiv>
                </Word>
                <Word id="tr_3_tl_22_w5" custom="readingOrder {index:4;}">
                    <Coords points="2112,2536 2112,2596 2203,2596 2203,2536"/>
                    <TextEquiv>
                        <Unicode>myśl</Unicode>
                    </TextEquiv>
                </Word>
                <Word id="tr_3_tl_22_w6" custom="readingOrder {index:5;}">
                    <Coords points="2228,2535 2228,2595 2324,2595 2324,2535"/>
                    <TextEquiv>
                        <Unicode>szych</Unicode>
                    </TextEquiv>
                </Word>
                <Word id="tr_3_tl_22_w7" custom="readingOrder {index:6;}">
                    <Coords points="2359,2532 2359,2592 2529,2592 2529,2532"/>
                    <TextEquiv>
                        <Unicode>aktorów,</Unicode>
                    </TextEquiv>
                </Word>
                <Word id="tr_3_tl_22_w8" custom="readingOrder {index:7;}">
                    <Coords points="2556,2529 2556,2589 2696,2589 2696,2529"/>
                    <TextEquiv>
                        <Unicode>cieszyła</Unicode>
                    </TextEquiv>
                </Word>
                <Word id="tr_3_tl_22_w9" custom="readingOrder {index:8;}">
                    <Coords points="2726,2527 2726,2587 2777,2587 2777,2527"/>
                    <TextEquiv>
                        <Unicode>się</Unicode>
                    </TextEquiv>
                </Word>
                <Word id="tr_3_tl_22_w10" custom="readingOrder {index:9;}">
                    <Coords points="2807,2527 2807,2587 2942,2587 2942,2527"/>
                    <TextEquiv>
                        <Unicode>ogrom-</Unicode>
                    </TextEquiv>
                </Word>
                <TextEquiv>
                    <Unicode>gatów ministerjum oświaty. W myśl szych aktorów, cieszyła się ogrom-</Unicode>
                </TextEquiv>
            </TextLine>
            <TextLine id="tr_3_tl_23" custom="readingOrder {index:22;}">
                <Coords points="1494,2626 2944,2624 2944,2570 1494,2590"/>
                <Baseline points="1504,2618 1576,2620 1648,2621 1720,2621 1792,2619 1864,2621 1936,2621 2008,2621 2080,2621 2152,2621 2225,2618 2297,2618 2369,2618 2441,2618 2513,2615 2585,2615 2657,2614 2729,2612 2801,2612 2873,2612 2946,2609"/>
                <Word id="tr_3_tl_23_w1" custom="readingOrder {index:0;}">
                    <Coords points="1493,2580 1493,2640 1688,2640 1688,2580"/>
                    <TextEquiv>
                        <Unicode>wyraźnego</Unicode>
                    </TextEquiv>
                </Word>
                <Word id="tr_3_tl_23_w2" custom="readingOrder {index:1;}">
                    <Coords points="1718,2579 1718,2639 1871,2639 1871,2579"/>
                    <TextEquiv>
                        <Unicode>życzenia</Unicode>
                    </TextEquiv>
                </Word>
                <Word id="tr_3_tl_23_w3" custom="readingOrder {index:2;}">
                    <Coords points="1905,2581 1905,2641 2076,2641 2076,2581"/>
                    <TextEquiv>
                        <Unicode>zmarlego</Unicode>
                    </TextEquiv>
                </Word>
                <Word id="tr_3_tl_23_w4" custom="readingOrder {index:3;}">
                    <Coords points="2106,2580 2106,2640 2201,2640 2201,2580"/>
                    <TextEquiv>
                        <Unicode>arty-</Unicode>
                    </TextEquiv>
                </Word>
                <Word id="tr_3_tl_23_w5" custom="readingOrder {index:4;}">
                    <Coords points="2226,2578 2226,2638 2287,2638 2287,2578"/>
                    <TextEquiv>
                        <Unicode>nem</Unicode>
                    </TextEquiv>
                </Word>
                <Word id="tr_3_tl_23_w6" custom="readingOrder {index:5;}">
                    <Coords points="2326,2577 2326,2637 2594,2637 2594,2577"/>
                    <TextEquiv>
                        <Unicode>powodzeniem.</Unicode>
                    </TextEquiv>
                </Word>
                <Word id="tr_3_tl_23_w7" custom="readingOrder {index:6;}">
                    <Coords points="2633,2572 2633,2632 2790,2632 2790,2572"/>
                    <TextEquiv>
                        <Unicode>Również</Unicode>
                    </TextEquiv>
                </Word>
                <Word id="tr_3_tl_23_w8" custom="readingOrder {index:7;}">
                    <Coords points="2819,2571 2819,2631 2938,2631 2938,2571"/>
                    <TextEquiv>
                        <Unicode>dobrze</Unicode>
                    </TextEquiv>
                </Word>
                <TextEquiv>
                    <Unicode>wyraźnego życzenia zmarlego arty- nem powodzeniem. Również dobrze</Unicode>
                </TextEquiv>
            </TextLine>
            <TextLine id="tr_3_tl_24" custom="readingOrder {index:23;}">
                <Coords points="1490,2679 2944,2666 2944,2619 1490,2639"/>
                <Baseline points="1501,2663 1573,2666 1645,2663 1718,2666 1790,2664 1863,2666 1935,2666 2007,2666 2080,2666 2152,2664 2225,2665 2297,2663 2369,2663 2442,2663 2514,2660 2587,2657 2659,2657 2731,2657 2804,2657 2876,2656 2949,2654"/>
                <Word id="tr_3_tl_24_w1" custom="readingOrder {index:0;}">
                    <Coords points="1489,2624 1489,2684 1567,2684 1567,2624"/>
                    <TextEquiv>
                        <Unicode>sty,</Unicode>
                    </TextEquiv>
                </Word>
                <Word id="tr_3_tl_24_w2" custom="readingOrder {index:1;}">
                    <Coords points="1602,2624 1602,2684 1748,2684 1748,2624"/>
                    <TextEquiv>
                        <Unicode>pogrzeb</Unicode>
                    </TextEquiv>
                </Word>
                <Word id="tr_3_tl_24_w3" custom="readingOrder {index:2;}">
                    <Coords points="1798,2626 1798,2686 1939,2686 1939,2626"/>
                    <TextEquiv>
                        <Unicode>trzeciej</Unicode>
                    </TextEquiv>
                </Word>
                <Word id="tr_3_tl_24_w4" custom="readingOrder {index:3;}">
                    <Coords points="1984,2626 1984,2686 2101,2686 2101,2626"/>
                    <TextEquiv>
                        <Unicode>klasy,</Unicode>
                    </TextEquiv>
                </Word>
                <Word id="tr_3_tl_24_w5" custom="readingOrder {index:4;}">
                    <Coords points="2121,2624 2121,2684 2194,2684 2194,2624"/>
                    <TextEquiv>
                        <Unicode>więc</Unicode>
                    </TextEquiv>
                </Word>
                <Word id="tr_3_tl_24_w6" custom="readingOrder {index:5;}">
                    <Coords points="2228,2623 2228,2683 2394,2683 2394,2623"/>
                    <TextEquiv>
                        <Unicode>pamiętny</Unicode>
                    </TextEquiv>
                </Word>
                <Word id="tr_3_tl_24_w7" custom="readingOrder {index:6;}">
                    <Coords points="2424,2617 2424,2677 2708,2677 2708,2617"/>
                    <TextEquiv>
                        <Unicode>przedwojennym</Unicode>
                    </TextEquiv>
                </Word>
                <Word id="tr_3_tl_24_w8" custom="readingOrder {index:7;}">
                    <Coords points="2752,2616 2752,2676 2918,2676 2918,2616"/>
                    <TextEquiv>
                        <Unicode>bywalcom</Unicode>
                    </TextEquiv>
                </Word>
                <TextEquiv>
                    <Unicode>sty, pogrzeb trzeciej klasy, więc pamiętny przedwojennym bywalcom</Unicode>
                </TextEquiv>
            </TextLine>
            <TextLine id="tr_3_tl_25" custom="readingOrder {index:24;}">
                <Coords points="2232,2717 2942,2707 2942,2675 2913,2666 2232,2677"/>
                <Baseline points="2242,2707 2277,2707 2312,2707 2347,2707 2382,2707 2418,2707 2453,2707 2488,2705 2523,2704 2558,2703 2594,2701 2629,2704 2664,2704 2699,2703 2734,2701 2770,2701 2805,2701 2840,2701 2875,2700 2910,2697 2946,2695"/>
                <Word id="tr_3_tl_25_w1" custom="readingOrder {index:0;}">
                    <Coords points="2231,2667 2231,2727 2448,2727 2448,2667"/>
                    <TextEquiv>
                        <Unicode>teatralnym,</Unicode>
                    </TextEquiv>
                </Word>
                <Word id="tr_3_tl_25_w2" custom="readingOrder {index:1;}">
                    <Coords points="2468,2664 2468,2724 2536,2724 2536,2664"/>
                    <TextEquiv>
                        <Unicode>jest</Unicode>
                    </TextEquiv>
                </Word>
                <Word id="tr_3_tl_25_w3" custom="readingOrder {index:2;}">
                    <Coords points="2561,2663 2561,2723 2773,2723 2773,2663"/>
                    <TextEquiv>
                        <Unicode>Schnitzlera</Unicode>
                    </TextEquiv>
                </Word>
                <Word id="tr_3_tl_25_w4" custom="readingOrder {index:3;}">
                    <Coords points="2803,2660 2803,2720 2940,2720 2940,2660"/>
                    <TextEquiv>
                        <Unicode>drama-</Unicode>
                    </TextEquiv>
                </Word>
                <TextEquiv>
                    <Unicode>teatralnym, jest Schnitzlera drama-</Unicode>
                </TextEquiv>
            </TextLine>
            <TextLine id="tr_3_tl_26" custom="readingOrder {index:25;}">
                <Coords points="1490,2717 2201,2723 2201,2675 2120,2670 2097,2690 1781,2666 1490,2683"/>
                <Baseline points="1501,2707 1536,2707 1571,2707 1606,2707 1641,2707 1676,2710 1711,2710 1746,2709 1781,2708 1816,2710 1852,2710 1887,2708 1922,2708 1957,2709 1992,2707 2027,2707 2062,2709 2097,2710 2132,2710 2167,2710 2203,2710"/>
                <Word id="tr_3_tl_26_w1" custom="readingOrder {index:0;}">
                    <Coords points="1494,2668 1494,2728 1825,2728 1825,2668"/>
                    <TextEquiv>
                        <Unicode>najskromniejszy,</Unicode>
                    </TextEquiv>
                </Word>
                <Word id="tr_3_tl_26_w2" custom="readingOrder {index:1;}">
                    <Coords points="1840,2668 1840,2728 1940,2728 1940,2668"/>
                    <TextEquiv>
                        <Unicode>odbył</Unicode>
                    </TextEquiv>
                </Word>
                <Word id="tr_3_tl_26_w3" custom="readingOrder {index:2;}">
                    <Coords points="1960,2667 1960,2727 2003,2727 2003,2667"/>
                    <TextEquiv>
                        <Unicode>się</Unicode>
                    </TextEquiv>
                </Word>
                <Word id="tr_3_tl_26_w4" custom="readingOrder {index:3;}">
                    <Coords points="2027,2668 2027,2728 2085,2728 2085,2668"/>
                    <TextEquiv>
                        <Unicode>bez</Unicode>
                    </TextEquiv>
                </Word>
                <Word id="tr_3_tl_26_w5" custom="readingOrder {index:4;}">
                    <Coords points="2105,2670 2105,2730 2205,2730 2205,2670"/>
                    <TextEquiv>
                        <Unicode>wień-</Unicode>
                    </TextEquiv>
                </Word>
                <TextEquiv>
                    <Unicode>najskromniejszy, odbył się bez wień-</Unicode>
                </TextEquiv>
            </TextLine>
            <TextLine id="tr_3_tl_27" custom="readingOrder {index:26;}">
                <Coords points="1488,2769 2944,2754 2931,2705 1488,2732"/>
                <Baseline points="1498,2752 1570,2750 1643,2752 1715,2752 1788,2753 1860,2752 1933,2753 2005,2752 2078,2755 2150,2755 2223,2754 2296,2755 2368,2752 2441,2750 2513,2748 2586,2749 2658,2746 2731,2749 2803,2746 2876,2746 2949,2746"/>
                <Word id="tr_3_tl_27_w1" custom="readingOrder {index:0;}">
                    <Coords points="1493,2710 1493,2770 1580,2770 1580,2710"/>
                    <TextEquiv>
                        <Unicode>ców,</Unicode>
                    </TextEquiv>
                </Word>
                <Word id="tr_3_tl_27_w2" custom="readingOrder {index:1;}">
                    <Coords points="1601,2712 1601,2772 1739,2772 1739,2712"/>
                    <TextEquiv>
                        <Unicode>asysty,</Unicode>
                    </TextEquiv>
                </Word>
                <Word id="tr_3_tl_27_w3" custom="readingOrder {index:2;}">
                    <Coords points="1766,2712 1766,2772 1816,2772 1816,2712"/>
                    <TextEquiv>
                        <Unicode>bez</Unicode>
                    </TextEquiv>
                </Word>
                <Word id="tr_3_tl_27_w4" custom="readingOrder {index:3;}">
                    <Coords points="1848,2712 1848,2772 2068,2772 2068,2712"/>
                    <TextEquiv>
                        <Unicode>przemówień</Unicode>
                    </TextEquiv>
                </Word>
                <Word id="tr_3_tl_27_w5" custom="readingOrder {index:4;}">
                    <Coords points="2100,2715 2100,2775 2115,2775 2115,2715"/>
                    <TextEquiv>
                        <Unicode>i</Unicode>
                    </TextEquiv>
                </Word>
                <Word id="tr_3_tl_27_w6" custom="readingOrder {index:5;}">
                    <Coords points="2141,2714 2141,2774 2197,2774 2197,2714"/>
                    <TextEquiv>
                        <Unicode>bez</Unicode>
                    </TextEquiv>
                </Word>
                <Word id="tr_3_tl_27_w7" custom="readingOrder {index:6;}">
                    <Coords points="2228,2714 2228,2774 2346,2774 2346,2714"/>
                    <TextEquiv>
                        <Unicode>tyczny</Unicode>
                    </TextEquiv>
                </Word>
                <Word id="tr_3_tl_27_w8" custom="readingOrder {index:7;}">
                    <Coords points="2372,2710 2372,2770 2454,2770 2454,2710"/>
                    <TextEquiv>
                        <Unicode>cykl</Unicode>
                    </TextEquiv>
                </Word>
                <Word id="tr_3_tl_27_w9" custom="readingOrder {index:8;}">
                    <Coords points="2470,2708 2470,2768 2624,2768 2624,2708"/>
                    <TextEquiv>
                        <Unicode>aktówek</Unicode>
                    </TextEquiv>
                </Word>
                <Word id="tr_3_tl_27_w10" custom="readingOrder {index:9;}">
                    <Coords points="2650,2706 2650,2766 2691,2766 2691,2706"/>
                    <TextEquiv>
                        <Unicode>p.</Unicode>
                    </TextEquiv>
                </Word>
                <Word id="tr_3_tl_27_w11" custom="readingOrder {index:10;}">
                    <Coords points="2707,2708 2707,2768 2737,2768 2737,2708"/>
                    <TextEquiv>
                        <Unicode>t.</Unicode>
                    </TextEquiv>
                </Word>
                <Word id="tr_3_tl_27_w12" custom="readingOrder {index:11;}">
                    <Coords points="2753,2706 2753,2766 2943,2766 2943,2706"/>
                    <TextEquiv>
                        <Unicode>„Anatol".</Unicode>
                    </TextEquiv>
                </Word>
                <TextEquiv>
                    <Unicode>ców, asysty, bez przemówień i bez tyczny cykl aktówek p. t. „Anatol".</Unicode>
                </TextEquiv>
            </TextLine>
            <TextLine id="tr_3_tl_28" custom="readingOrder {index:27;}">
                <Coords points="1485,2805 2944,2805 2917,2754 1485,2769"/>
                <Baseline points="1495,2797 1567,2795 1640,2795 1712,2797 1785,2797 1857,2797 1930,2798 2002,2798 2075,2800 2147,2800 2220,2799 2293,2797 2365,2797 2438,2795 2510,2793 2583,2791 2655,2791 2728,2791 2800,2789 2873,2787 2946,2788"/>
                <Word id="tr_3_tl_28_w1" custom="readingOrder {index:0;}">
                    <Coords points="1484,2755 1484,2815 1635,2815 1635,2755"/>
                    <TextEquiv>
                        <Unicode>żadnych</Unicode>
                    </TextEquiv>
                </Word>
                <Word id="tr_3_tl_28_w2" custom="readingOrder {index:1;}">
                    <Coords points="1670,2757 1670,2817 1895,2817 1895,2757"/>
                    <TextEquiv>
                        <Unicode>wystawnych</Unicode>
                    </TextEquiv>
                </Word>
                <Word id="tr_3_tl_28_w3" custom="readingOrder {index:2;}">
                    <Coords points="1925,2759 1925,2819 2203,2819 2203,2759"/>
                    <TextEquiv>
                        <Unicode>ceremonjałów.</Unicode>
                    </TextEquiv>
                </Word>
                <Word id="tr_3_tl_28_w4" custom="readingOrder {index:3;}">
                    <Coords points="2229,2757 2229,2817 2355,2817 2355,2757"/>
                    <TextEquiv>
                        <Unicode>Autor,</Unicode>
                    </TextEquiv>
                </Word>
                <Word id="tr_3_tl_28_w5" custom="readingOrder {index:4;}">
                    <Coords points="2375,2754 2375,2814 2561,2814 2561,2754"/>
                    <TextEquiv>
                        <Unicode>nazywany</Unicode>
                    </TextEquiv>
                </Word>
                <Word id="tr_3_tl_28_w6" custom="readingOrder {index:5;}">
                    <Coords points="2591,2751 2591,2811 2708,2811 2708,2751"/>
                    <TextEquiv>
                        <Unicode>nawet</Unicode>
                    </TextEquiv>
                </Word>
                <Word id="tr_3_tl_28_w7" custom="readingOrder {index:6;}">
                    <Coords points="2733,2750 2733,2810 2771,2810 2771,2750"/>
                    <TextEquiv>
                        <Unicode>od</Unicode>
                    </TextEquiv>
                </Word>
                <Word id="tr_3_tl_28_w8" custom="readingOrder {index:7;}">
                    <Coords points="2821,2747 2821,2807 2933,2807 2933,2747"/>
                    <TextEquiv>
                        <Unicode>swego</Unicode>
                    </TextEquiv>
                </Word>
                <TextEquiv>
                    <Unicode>żadnych wystawnych ceremonjałów. Autor, nazywany nawet od swego</Unicode>
                </TextEquiv>
            </TextLine>
            <TextLine id="tr_3_tl_29" custom="readingOrder {index:28;}">
                <Coords points="2858,2838 2867,2838 2873,2843 2887,2840 2900,2849 2913,2842 2922,2845 2942,2842 2942,2805 2933,2805 2926,2800 2906,2807 2895,2803 2887,2807 2875,2798 2867,2803 2858,2803"/>
                <Baseline points="2869,2830 2894,2832 2920,2832 2946,2830"/>
                <Word id="tr_3_tl_29_w1" custom="readingOrder {index:0;}">
                    <Coords points="2862,2791 2862,2851 2916,2851 2916,2791"/>
                    <TextEquiv>
                        <Unicode>tem</Unicode>
                    </TextEquiv>
                </Word>
                <TextEquiv>
                    <Unicode>tem</Unicode>
                </TextEquiv>
            </TextLine>
            <TextLine id="tr_3_tl_30" custom="readingOrder {index:29;}">
                <Coords points="2232,2849 2458,2845 2496,2865 2533,2843 2765,2853 2767,2801 2674,2796 2632,2818 2584,2796 2559,2814 2402,2803 2363,2823 2336,2803 2232,2803"/>
                <Baseline points="2242,2842 2268,2842 2294,2842 2321,2842 2347,2842 2374,2842 2400,2840 2426,2839 2453,2839 2479,2839 2506,2839 2532,2837 2558,2837 2585,2839 2611,2838 2638,2836 2664,2836 2690,2835 2717,2834 2743,2833 2770,2833"/>
                <Word id="tr_3_tl_30_w1" custom="readingOrder {index:0;}">
                    <Coords points="2232,2802 2232,2862 2324,2862 2324,2802"/>
                    <TextEquiv>
                        <Unicode>dzieła</Unicode>
                    </TextEquiv>
                </Word>
                <Word id="tr_3_tl_30_w2" custom="readingOrder {index:1;}">
                    <Coords points="2361,2799 2361,2859 2584,2859 2584,2799"/>
                    <TextEquiv>
                        <Unicode>„Anatolem"</Unicode>
                    </TextEquiv>
                </Word>
                <Word id="tr_3_tl_30_w3" custom="readingOrder {index:2;}">
                    <Coords points="2636,2794 2636,2854 2755,2854 2755,2794"/>
                    <TextEquiv>
                        <Unicode>mówil</Unicode>
                    </TextEquiv>
                </Word>
                <TextEquiv>
                    <Unicode>dzieła „Anatolem" mówil</Unicode>
                </TextEquiv>
            </TextLine>
            <TextLine id="tr_3_tl_31" custom="readingOrder {index:30;}">
                <Coords points="1498,2847 2201,2851 2201,2800 1987,2803 1949,2825 1498,2803"/>
                <Baseline points="1507,2839 1543,2839 1580,2839 1617,2840 1654,2841 1690,2839 1727,2842 1764,2842 1801,2842 1838,2842 1874,2842 1911,2842 1948,2842 1985,2842 2022,2843 2058,2844 2095,2842 2132,2845 2169,2845 2206,2842"/>
                <Word id="tr_3_tl_31_w1" custom="readingOrder {index:0;}">
                    <Coords points="1497,2799 1497,2859 1645,2859 1645,2799"/>
                    <TextEquiv>
                        <Unicode>Również</Unicode>
                    </TextEquiv>
                </Word>
                <Word id="tr_3_tl_31_w2" custom="readingOrder {index:1;}">
                    <Coords points="1670,2801 1670,2861 1774,2861 1774,2801"/>
                    <TextEquiv>
                        <Unicode>prosił</Unicode>
                    </TextEquiv>
                </Word>
                <Word id="tr_3_tl_31_w3" custom="readingOrder {index:2;}">
                    <Coords points="1794,2802 1794,2862 1942,2862 1942,2802"/>
                    <TextEquiv>
                        <Unicode>rodzinę,</Unicode>
                    </TextEquiv>
                </Word>
                <Word id="tr_3_tl_31_w4" custom="readingOrder {index:3;}">
                    <Coords points="1957,2802 1957,2862 2017,2862 2017,2802"/>
                    <TextEquiv>
                        <Unicode>aby</Unicode>
                    </TextEquiv>
                </Word>
                <Word id="tr_3_tl_31_w5" custom="readingOrder {index:4;}">
                    <Coords points="2047,2803 2047,2863 2096,2863 2096,2803"/>
                    <TextEquiv>
                        <Unicode>nie</Unicode>
                    </TextEquiv>
                </Word>
                <Word id="tr_3_tl_31_w6" custom="readingOrder {index:5;}">
                    <Coords points="2116,2805 2116,2865 2204,2865 2204,2805"/>
                    <TextEquiv>
                        <Unicode>nosi-</Unicode>
                    </TextEquiv>
                </Word>
                <TextEquiv>
                    <Unicode>Również prosił rodzinę, aby nie nosi-</Unicode>
                </TextEquiv>
            </TextLine>
            <TextLine id="tr_3_tl_32" custom="readingOrder {index:31;}">
                <Coords points="2232,2900 2869,2896 2944,2882 2946,2840 2232,2860"/>
                <Baseline points="2242,2886 2277,2883 2312,2883 2348,2883 2383,2883 2418,2883 2454,2883 2489,2883 2524,2881 2560,2880 2595,2880 2630,2880 2666,2880 2701,2880 2736,2880 2772,2878 2807,2878 2842,2878 2878,2878 2913,2877 2949,2875"/>
                <Word id="tr_3_tl_32_w1" custom="readingOrder {index:0;}">
                    <Coords points="2232,2843 2232,2903 2309,2903 2309,2843"/>
                    <TextEquiv>
                        <Unicode>swem</Unicode>
                    </TextEquiv>
                </Word>
                <Word id="tr_3_tl_32_w2" custom="readingOrder {index:1;}">
                    <Coords points="2356,2843 2356,2903 2479,2903 2479,2843"/>
                    <TextEquiv>
                        <Unicode>dziele:</Unicode>
                    </TextEquiv>
                </Word>
                <Word id="tr_3_tl_32_w3" custom="readingOrder {index:2;}">
                    <Coords points="2506,2840 2506,2900 2640,2900 2640,2840"/>
                    <TextEquiv>
                        <Unicode>„Jestem</Unicode>
                    </TextEquiv>
                </Word>
                <Word id="tr_3_tl_32_w4" custom="readingOrder {index:3;}">
                    <Coords points="2687,2839 2687,2899 2815,2899 2815,2839"/>
                    <TextEquiv>
                        <Unicode>zawsze</Unicode>
                    </TextEquiv>
                </Word>
                <Word id="tr_3_tl_32_w5" custom="readingOrder {index:4;}">
                    <Coords points="2847,2837 2847,2897 2939,2897 2939,2837"/>
                    <TextEquiv>
                        <Unicode>leka-</Unicode>
                    </TextEquiv>
                </Word>
                <TextEquiv>
                    <Unicode>swem dziele: „Jestem zawsze leka-</Unicode>
                </TextEquiv>
            </TextLine>
            <TextLine id="tr_3_tl_33" custom="readingOrder {index:32;}">
                <Coords points="1488,2891 2201,2900 2201,2862 2173,2854 1598,2864 1488,2843"/>
                <Baseline points="1498,2883 1533,2883 1568,2883 1604,2883 1639,2883 1675,2883 1710,2885 1745,2886 1781,2886 1816,2886 1852,2886 1887,2886 1922,2886 1958,2886 1993,2886 2029,2886 2064,2886 2099,2886 2135,2886 2170,2886 2206,2883"/>
                <Word id="tr_3_tl_33_w1" custom="readingOrder {index:0;}">
                    <Coords points="1492,2843 1492,2903 1521,2903 1521,2843"/>
                    <TextEquiv>
                        <Unicode>la</Unicode>
                    </TextEquiv>
                </Word>
                <Word id="tr_3_tl_33_w2" custom="readingOrder {index:1;}">
                    <Coords points="1546,2843 1546,2903 1580,2903 1580,2843"/>
                    <TextEquiv>
                        <Unicode>po</Unicode>
                    </TextEquiv>
                </Word>
                <Word id="tr_3_tl_33_w3" custom="readingOrder {index:2;}">
                    <Coords points="1605,2843 1605,2903 1678,2903 1678,2843"/>
                    <TextEquiv>
                        <Unicode>jego</Unicode>
                    </TextEquiv>
                </Word>
                <Word id="tr_3_tl_33_w4" custom="readingOrder {index:3;}">
                    <Coords points="1704,2846 1704,2906 1836,2906 1836,2846"/>
                    <TextEquiv>
                        <Unicode>śmierci</Unicode>
                    </TextEquiv>
                </Word>
                <Word id="tr_3_tl_33_w5" custom="readingOrder {index:4;}">
                    <Coords points="1856,2846 1856,2906 1968,2906 1968,2846"/>
                    <TextEquiv>
                        <Unicode>żałoby</Unicode>
                    </TextEquiv>
                </Word>
                <Word id="tr_3_tl_33_w6" custom="readingOrder {index:5;}">
                    <Coords points="1999,2846 1999,2906 2086,2906 2086,2846"/>
                    <TextEquiv>
                        <Unicode>Wolą</Unicode>
                    </TextEquiv>
                </Word>
                <Word id="tr_3_tl_33_w7" custom="readingOrder {index:6;}">
                    <Coords points="2107,2846 2107,2906 2199,2906 2199,2846"/>
                    <TextEquiv>
                        <Unicode>zmar</Unicode>
                    </TextEquiv>
                </Word>
                <TextEquiv>
                    <Unicode>la po jego śmierci żałoby Wolą zmar</Unicode>
                </TextEquiv>
            </TextLine>
            <TextLine id="tr_3_tl_34" custom="readingOrder {index:33;}">
                <Coords points="2232,2946 2944,2929 2944,2887 2893,2884 2232,2898"/>
                <Baseline points="2242,2931 2277,2928 2312,2928 2348,2928 2383,2928 2418,2928 2454,2928 2489,2928 2524,2926 2560,2925 2595,2925 2630,2925 2666,2925 2701,2924 2736,2922 2772,2922 2807,2922 2842,2922 2878,2921 2913,2919 2949,2919"/>
                <Word id="tr_3_tl_34_w1" custom="readingOrder {index:0;}">
                    <Coords points="2231,2888 2231,2948 2329,2948 2329,2888"/>
                    <TextEquiv>
                        <Unicode>rzem.</Unicode>
                    </TextEquiv>
                </Word>
                <Word id="tr_3_tl_34_w2" custom="readingOrder {index:1;}">
                    <Coords points="2349,2888 2349,2948 2481,2948 2481,2888"/>
                    <TextEquiv>
                        <Unicode>Anatol</Unicode>
                    </TextEquiv>
                </Word>
                <Word id="tr_3_tl_34_w3" custom="readingOrder {index:2;}">
                    <Coords points="2502,2886 2502,2946 2530,2946 2530,2886"/>
                    <TextEquiv>
                        <Unicode>to</Unicode>
                    </TextEquiv>
                </Word>
                <Word id="tr_3_tl_34_w4" custom="readingOrder {index:3;}">
                    <Coords points="2560,2885 2560,2945 2653,2945 2653,2885"/>
                    <TextEquiv>
                        <Unicode>tylko</Unicode>
                    </TextEquiv>
                </Word>
                <Word id="tr_3_tl_34_w5" custom="readingOrder {index:4;}">
                    <Coords points="2683,2882 2683,2942 2850,2942 2850,2882"/>
                    <TextEquiv>
                        <Unicode>djagnoza</Unicode>
                    </TextEquiv>
                </Word>
                <Word id="tr_3_tl_34_w6" custom="readingOrder {index:5;}">
                    <Coords points="2880,2879 2880,2939 2938,2939 2938,2879"/>
                    <TextEquiv>
                        <Unicode>du-</Unicode>
                    </TextEquiv>
                </Word>
                <TextEquiv>
                    <Unicode>rzem. Anatol to tylko djagnoza du-</Unicode>
                </TextEquiv>
            </TextLine>
            <TextLine id="tr_3_tl_35" custom="readingOrder {index:34;}">
                <Coords points="1485,2938 2199,2946 2199,2896 1485,2891"/>
                <Baseline points="1495,2925 1530,2927 1565,2928 1601,2928 1636,2928 1672,2928 1707,2930 1742,2931 1778,2931 1813,2931 1849,2931 1884,2931 1919,2932 1955,2933 1990,2931 2026,2928 2061,2930 2096,2931 2132,2931 2167,2931 2203,2931"/>
                <Word id="tr_3_tl_35_w1" custom="readingOrder {index:0;}">
                    <Coords points="1490,2886 1490,2946 1565,2946 1565,2886"/>
                    <TextEquiv>
                        <Unicode>łego</Unicode>
                    </TextEquiv>
                </Word>
                <Word id="tr_3_tl_35_w2" custom="readingOrder {index:1;}">
                    <Coords points="1590,2888 1590,2948 1661,2948 1661,2888"/>
                    <TextEquiv>
                        <Unicode>było</Unicode>
                    </TextEquiv>
                </Word>
                <Word id="tr_3_tl_35_w3" custom="readingOrder {index:2;}">
                    <Coords points="1687,2891 1687,2951 1802,2951 1802,2891"/>
                    <TextEquiv>
                        <Unicode>także,</Unicode>
                    </TextEquiv>
                </Word>
                <Word id="tr_3_tl_35_w4" custom="readingOrder {index:3;}">
                    <Coords points="1818,2891 1818,2951 1879,2951 1879,2891"/>
                    <TextEquiv>
                        <Unicode>aby</Unicode>
                    </TextEquiv>
                </Word>
                <Word id="tr_3_tl_35_w5" custom="readingOrder {index:4;}">
                    <Coords points="1904,2892 1904,2952 1944,2952 1944,2892"/>
                    <TextEquiv>
                        <Unicode>po</Unicode>
                    </TextEquiv>
                </Word>
                <Word id="tr_3_tl_35_w6" custom="readingOrder {index:5;}">
                    <Coords points="1971,2889 1971,2949 2045,2949 2045,2889"/>
                    <TextEquiv>
                        <Unicode>jego</Unicode>
                    </TextEquiv>
                </Word>
                <Word id="tr_3_tl_35_w7" custom="readingOrder {index:6;}">
                    <Coords points="2071,2891 2071,2951 2192,2951 2192,2891"/>
                    <TextEquiv>
                        <Unicode>śmiere</Unicode>
                    </TextEquiv>
                </Word>
                <TextEquiv>
                    <Unicode>łego było także, aby po jego śmiere</Unicode>
                </TextEquiv>
            </TextLine>
            <TextLine id="tr_3_tl_36" custom="readingOrder {index:35;}">
                <Coords points="2230,2982 2949,2973 2938,2926 2230,2948"/>
                <Baseline points="2239,2973 2274,2973 2310,2973 2345,2973 2381,2973 2417,2971 2452,2968 2488,2967 2524,2970 2559,2970 2595,2970 2631,2969 2666,2967 2702,2970 2738,2968 2773,2967 2809,2967 2845,2967 2880,2967 2916,2967 2952,2967"/>
                <Word id="tr_3_tl_36_w1" custom="readingOrder {index:0;}">
                    <Coords points="2230,2933 2230,2993 2281,2993 2281,2933"/>
                    <TextEquiv>
                        <Unicode>szy</Unicode>
                    </TextEquiv>
                </Word>
                <Word id="tr_3_tl_36_w2" custom="readingOrder {index:1;}">
                    <Coords points="2313,2931 2313,2991 2499,2991 2499,2931"/>
                    <TextEquiv>
                        <Unicode>kobiecej".</Unicode>
                    </TextEquiv>
                </Word>
                <Word id="tr_3_tl_36_w3" custom="readingOrder {index:2;}">
                    <Coords points="2521,2929 2521,2989 2874,2989 2874,2929"/>
                    <TextEquiv>
                        <Unicode>Najpopularniejszą</Unicode>
                    </TextEquiv>
                </Word>
                <Word id="tr_3_tl_36_w4" custom="readingOrder {index:3;}">
                    <Coords points="2922,2927 2922,2987 2936,2987 2936,2927"/>
                    <TextEquiv>
                        <Unicode>z</Unicode>
                    </TextEquiv>
                </Word>
                <TextEquiv>
                    <Unicode>szy kobiecej". Najpopularniejszą z</Unicode>
                </TextEquiv>
            </TextLine>
            <TextLine id="tr_3_tl_37" custom="readingOrder {index:36;}">
                <Coords points="1494,2984 2184,2995 2199,2944 1492,2944"/>
                <Baseline points="1504,2973 1540,2973 1577,2973 1614,2973 1651,2973 1687,2973 1724,2973 1761,2973 1798,2973 1835,2973 1871,2974 1908,2976 1945,2976 1982,2974 2019,2974 2055,2976 2092,2976 2129,2976 2166,2976 2203,2979"/>
                <Word id="tr_3_tl_37_w1" custom="readingOrder {index:0;}">
                    <Coords points="1490,2933 1490,2993 1667,2993 1667,2933"/>
                    <TextEquiv>
                        <Unicode>przekłuto</Unicode>
                    </TextEquiv>
                </Word>
                <Word id="tr_3_tl_37_w2" custom="readingOrder {index:1;}">
                    <Coords points="1694,2933 1694,2993 1747,2993 1747,2933"/>
                    <TextEquiv>
                        <Unicode>mu</Unicode>
                    </TextEquiv>
                </Word>
                <Word id="tr_3_tl_37_w3" custom="readingOrder {index:2;}">
                    <Coords points="1778,2933 1778,2993 1889,2993 1889,2933"/>
                    <TextEquiv>
                        <Unicode>serce.</Unicode>
                    </TextEquiv>
                </Word>
                <Word id="tr_3_tl_37_w4" custom="readingOrder {index:3;}">
                    <Coords points="1933,2935 1933,2995 1990,2995 1990,2935"/>
                    <TextEquiv>
                        <Unicode>Jak</Unicode>
                    </TextEquiv>
                </Word>
                <Word id="tr_3_tl_37_w5" custom="readingOrder {index:4;}">
                    <Coords points="2027,2936 2027,2996 2190,2996 2190,2936"/>
                    <TextEquiv>
                        <Unicode>wiadomo</Unicode>
                    </TextEquiv>
                </Word>
                <TextEquiv>
                    <Unicode>przekłuto mu serce. Jak wiadomo</Unicode>
                </TextEquiv>
            </TextLine>
            <TextLine id="tr_3_tl_38" custom="readingOrder {index:37;}">
                <Coords points="2230,3026 2946,3026 2948,2973 2920,2969 2232,2980"/>
                <Baseline points="2239,3018 2274,3018 2310,3018 2345,3017 2381,3015 2417,3015 2452,3015 2488,3013 2524,3012 2559,3013 2595,3015 2631,3015 2666,3013 2702,3012 2738,3012 2773,3012 2809,3012 2845,3012 2880,3011 2916,3007 2952,3000"/>
                <Word id="tr_3_tl_38_w1" custom="readingOrder {index:0;}">
                    <Coords points="2230,2978 2230,3038 2300,3038 2300,2978"/>
                    <TextEquiv>
                        <Unicode>tego</Unicode>
                    </TextEquiv>
                </Word>
                <Word id="tr_3_tl_38_w2" custom="readingOrder {index:1;}">
                    <Coords points="2325,2975 2325,3035 2416,3035 2416,2975"/>
                    <TextEquiv>
                        <Unicode>cyklu</Unicode>
                    </TextEquiv>
                </Word>
                <Word id="tr_3_tl_38_w3" custom="readingOrder {index:2;}">
                    <Coords points="2447,2973 2447,3033 2517,3033 2517,2973"/>
                    <TextEquiv>
                        <Unicode>była</Unicode>
                    </TextEquiv>
                </Word>
                <Word id="tr_3_tl_38_w4" custom="readingOrder {index:3;}">
                    <Coords points="2542,2972 2542,3032 2557,3032 2557,2972"/>
                    <TextEquiv>
                        <Unicode>u</Unicode>
                    </TextEquiv>
                </Word>
                <Word id="tr_3_tl_38_w5" custom="readingOrder {index:4;}">
                    <Coords points="2583,2975 2583,3035 2643,3035 2643,2975"/>
                    <TextEquiv>
                        <Unicode>nas</Unicode>
                    </TextEquiv>
                </Word>
                <Word id="tr_3_tl_38_w6" custom="readingOrder {index:5;}">
                    <Coords points="2669,2972 2669,3032 2825,3032 2825,2972"/>
                    <TextEquiv>
                        <Unicode>aktówka</Unicode>
                    </TextEquiv>
                </Word>
                <Word id="tr_3_tl_38_w7" custom="readingOrder {index:6;}">
                    <Coords points="2851,2969 2851,3029 2941,3029 2941,2969"/>
                    <TextEquiv>
                        <Unicode>„Ko-</Unicode>
                    </TextEquiv>
                </Word>
                <TextEquiv>
                    <Unicode>tego cyklu była u nas aktówka „Ko-</Unicode>
                </TextEquiv>
            </TextLine>
            <TextLine id="tr_3_tl_39" custom="readingOrder {index:38;}">
                <Coords points="1488,3037 2058,3022 2106,3050 2195,3032 2195,2993 1487,2982"/>
                <Baseline points="1498,3015 1533,3015 1568,3015 1603,3015 1638,3015 1673,3015 1708,3017 1743,3017 1778,3015 1813,3015 1849,3018 1884,3018 1919,3018 1954,3018 1989,3018 2024,3020 2059,3021 2094,3020 2129,3018 2164,3021 2200,3021"/>
                <Word id="tr_3_tl_39_w1" custom="readingOrder {index:0;}">
                    <Coords points="1491,2975 1491,3035 1553,3035 1553,2975"/>
                    <TextEquiv>
                        <Unicode>był</Unicode>
                    </TextEquiv>
                </Word>
                <Word id="tr_3_tl_39_w2" custom="readingOrder {index:1;}">
                    <Coords points="1572,2975 1572,3035 1768,3035 1768,2975"/>
                    <TextEquiv>
                        <Unicode>Schmitzler</Unicode>
                    </TextEquiv>
                </Word>
                <Word id="tr_3_tl_39_w3" custom="readingOrder {index:2;}">
                    <Coords points="1797,2978 1797,3038 1955,3038 1955,2978"/>
                    <TextEquiv>
                        <Unicode>doktorem</Unicode>
                    </TextEquiv>
                </Word>
                <Word id="tr_3_tl_39_w4" custom="readingOrder {index:3;}">
                    <Coords points="1999,2980 1999,3040 2185,3040 2185,2980"/>
                    <TextEquiv>
                        <Unicode>medycyny</Unicode>
                    </TextEquiv>
                </Word>
                <TextEquiv>
                    <Unicode>był Schmitzler doktorem medycyny</Unicode>
                </TextEquiv>
            </TextLine>
            <TextLine id="tr_3_tl_40" custom="readingOrder {index:39;}">
                <Coords points="2232,3081 2948,3070 2949,3024 2842,3015 2756,3037 2234,3024"/>
                <Baseline points="2242,3063 2277,3063 2313,3061 2348,3062 2384,3063 2419,3063 2455,3060 2490,3060 2526,3060 2561,3060 2597,3060 2632,3057 2668,3057 2703,3057 2739,3057 2774,3057 2810,3057 2845,3055 2881,3055 2916,3058 2952,3060"/>
                <Word id="tr_3_tl_40_w1" custom="readingOrder {index:0;}">
                    <Coords points="2232,3021 2232,3081 2382,3081 2382,3021"/>
                    <TextEquiv>
                        <Unicode>lacyjka"</Unicode>
                    </TextEquiv>
                </Word>
                <Word id="tr_3_tl_40_w2" custom="readingOrder {index:1;}">
                    <Coords points="2413,3022 2413,3082 2428,3082 2428,3022"/>
                    <TextEquiv>
                        <Unicode>z</Unicode>
                    </TextEquiv>
                </Word>
                <Word id="tr_3_tl_40_w3" custom="readingOrder {index:2;}">
                    <Coords points="2454,3020 2454,3080 2624,3080 2624,3020"/>
                    <TextEquiv>
                        <Unicode>popisową</Unicode>
                    </TextEquiv>
                </Word>
                <Word id="tr_3_tl_40_w4" custom="readingOrder {index:3;}">
                    <Coords points="2660,3017 2660,3077 2730,3077 2730,3017"/>
                    <TextEquiv>
                        <Unicode>rolą</Unicode>
                    </TextEquiv>
                </Word>
                <Word id="tr_3_tl_40_w5" custom="readingOrder {index:4;}">
                    <Coords points="2786,3015 2786,3075 2942,3075 2942,3015"/>
                    <TextEquiv>
                        <Unicode>kobiecą,</Unicode>
                    </TextEquiv>
                </Word>
                <TextEquiv>
                    <Unicode>lacyjka" z popisową rolą kobiecą,</Unicode>
                </TextEquiv>
            </TextLine>
            <TextLine id="tr_3_tl_41" custom="readingOrder {index:40;}">
                <Coords points="1527,3074 1832,3066 1912,3090 1939,3068 2201,3070 2201,3033 2168,3028 2098,3052 2067,3026 1527,3026"/>
                <Baseline points="1537,3060 1570,3060 1603,3060 1636,3060 1670,3060 1703,3060 1736,3060 1770,3060 1803,3060 1836,3062 1870,3063 1903,3063 1936,3063 1969,3063 2003,3063 2036,3063 2069,3063 2103,3063 2136,3063 2169,3063 2203,3063"/>
                <Word id="tr_3_tl_41_w1" custom="readingOrder {index:0;}">
                    <Coords points="1531,3020 1531,3080 1614,3080 1614,3020"/>
                    <TextEquiv>
                        <Unicode>Poza</Unicode>
                    </TextEquiv>
                </Word>
                <Word id="tr_3_tl_41_w2" custom="readingOrder {index:1;}">
                    <Coords points="1649,3020 1649,3080 1796,3080 1796,3020"/>
                    <TextEquiv>
                        <Unicode>wieloma</Unicode>
                    </TextEquiv>
                </Word>
                <Word id="tr_3_tl_41_w3" custom="readingOrder {index:2;}">
                    <Coords points="1826,3023 1826,3083 2072,3083 2072,3023"/>
                    <TextEquiv>
                        <Unicode>dziesiątkami</Unicode>
                    </TextEquiv>
                </Word>
                <Word id="tr_3_tl_41_w4" custom="readingOrder {index:3;}">
                    <Coords points="2112,3023 2112,3083 2204,3083 2204,3023"/>
                    <TextEquiv>
                        <Unicode>dziel</Unicode>
                    </TextEquiv>
                </Word>
                <TextEquiv>
                    <Unicode>Poza wieloma dziesiątkami dziel</Unicode>
                </TextEquiv>
            </TextLine>
            <TextLine id="tr_3_tl_42" custom="readingOrder {index:41;}">
                <Coords points="1481,3125 2949,3116 2949,3070 2834,3057 2223,3092 1481,3063"/>
                <Baseline points="1492,3104 1565,3104 1638,3104 1711,3104 1784,3106 1857,3104 1930,3107 2003,3107 2076,3107 2149,3107 2222,3110 2295,3104 2368,3107 2441,3107 2514,3104 2587,3104 2660,3102 2733,3101 2806,3101 2879,3098 2952,3098"/>
                <Word id="tr_3_tl_42_w1" custom="readingOrder {index:0;}">
                    <Coords points="1482,3064 1482,3124 1504,3124 1504,3064"/>
                    <TextEquiv>
                        <Unicode>i</Unicode>
                    </TextEquiv>
                </Word>
                <Word id="tr_3_tl_42_w2" custom="readingOrder {index:1;}">
                    <Coords points="1522,3064 1522,3124 1614,3124 1614,3064"/>
                    <TextEquiv>
                        <Unicode>sztuk</Unicode>
                    </TextEquiv>
                </Word>
                <Word id="tr_3_tl_42_w3" custom="readingOrder {index:2;}">
                    <Coords points="1661,3065 1661,3125 1902,3125 1902,3065"/>
                    <TextEquiv>
                        <Unicode>teatralnych,</Unicode>
                    </TextEquiv>
                </Word>
                <Word id="tr_3_tl_42_w4" custom="readingOrder {index:3;}">
                    <Coords points="1938,3067 1938,3127 2191,3127 2191,3067"/>
                    <TextEquiv>
                        <Unicode>tłómaczonych</Unicode>
                    </TextEquiv>
                </Word>
                <Word id="tr_3_tl_42_w5" custom="readingOrder {index:4;}">
                    <Coords points="2226,3064 2226,3124 2387,3124 2387,3064"/>
                    <TextEquiv>
                        <Unicode>grywaną</Unicode>
                    </TextEquiv>
                </Word>
                <Word id="tr_3_tl_42_w6" custom="readingOrder {index:5;}">
                    <Coords points="2422,3065 2422,3125 2519,3125 2519,3065"/>
                    <TextEquiv>
                        <Unicode>przez</Unicode>
                    </TextEquiv>
                </Word>
                <Word id="tr_3_tl_42_w7" custom="readingOrder {index:6;}">
                    <Coords points="2549,3062 2549,3122 2733,3122 2733,3062"/>
                    <TextEquiv>
                        <Unicode>wszystkie</Unicode>
                    </TextEquiv>
                </Word>
                <Word id="tr_3_tl_42_w8" custom="readingOrder {index:7;}">
                    <Coords points="2762,3059 2762,3119 2935,3119 2935,3059"/>
                    <TextEquiv>
                        <Unicode>najlepsze</Unicode>
                    </TextEquiv>
                </Word>
                <TextEquiv>
                    <Unicode>i sztuk teatralnych, tłómaczonych grywaną przez wszystkie najlepsze</Unicode>
                </TextEquiv>
            </TextLine>
            <TextLine id="tr_3_tl_43" custom="readingOrder {index:42;}">
                <Coords points="2223,3165 2504,3158 2506,3117 2467,3110 2391,3121 2341,3112 2310,3123 2294,3116 2281,3128 2265,3117 2224,3125"/>
                <Baseline points="2233,3149 2258,3149 2283,3149 2308,3149 2333,3149 2358,3149 2384,3148 2409,3147 2434,3147 2459,3149 2484,3148 2510,3146"/>
                <Word id="tr_3_tl_43_w1" custom="readingOrder {index:0;}">
                    <Coords points="2227,3109 2227,3169 2325,3169 2325,3109"/>
                    <TextEquiv>
                        <Unicode>nasze</Unicode>
                    </TextEquiv>
                </Word>
                <Word id="tr_3_tl_43_w2" custom="readingOrder {index:1;}">
                    <Coords points="2354,3107 2354,3167 2505,3167 2505,3107"/>
                    <TextEquiv>
                        <Unicode>aktorki.</Unicode>
                    </TextEquiv>
                </Word>
                <TextEquiv>
                    <Unicode>nasze aktorki.</Unicode>
                </TextEquiv>
            </TextLine>
            <TextLine id="tr_3_tl_44" custom="readingOrder {index:43;}">
                <Coords points="1488,3161 2193,3159 2193,3121 2160,3112 1488,3121"/>
                <Baseline points="1498,3146 1534,3146 1571,3146 1608,3147 1645,3149 1681,3149 1718,3149 1755,3149 1792,3149 1829,3149 1865,3149 1902,3149 1939,3149 1976,3149 2013,3149 2049,3150 2086,3152 2123,3152 2160,3152 2197,3149"/>
                <Word id="tr_3_tl_44_w1" custom="readingOrder {index:0;}">
                    <Coords points="1492,3106 1492,3166 1526,3166 1526,3106"/>
                    <TextEquiv>
                        <Unicode>na</Unicode>
                    </TextEquiv>
                </Word>
                <Word id="tr_3_tl_44_w2" custom="readingOrder {index:1;}">
                    <Coords points="1556,3106 1556,3166 1654,3166 1654,3106"/>
                    <TextEquiv>
                        <Unicode>różne</Unicode>
                    </TextEquiv>
                </Word>
                <Word id="tr_3_tl_44_w3" custom="readingOrder {index:2;}">
                    <Coords points="1680,3109 1680,3169 1812,3169 1812,3109"/>
                    <TextEquiv>
                        <Unicode>języki,</Unicode>
                    </TextEquiv>
                </Word>
                <Word id="tr_3_tl_44_w4" custom="readingOrder {index:3;}">
                    <Coords points="1827,3109 1827,3169 2029,3169 2029,3109"/>
                    <TextEquiv>
                        <Unicode>pozostawił</Unicode>
                    </TextEquiv>
                </Word>
                <Word id="tr_3_tl_44_w5" custom="readingOrder {index:4;}">
                    <Coords points="2049,3112 2049,3172 2186,3172 2186,3112"/>
                    <TextEquiv>
                        <Unicode>Schnitz</Unicode>
                    </TextEquiv>
                </Word>
                <TextEquiv>
                    <Unicode>na różne języki, pozostawił Schnitz</Unicode>
                </TextEquiv>
            </TextLine>
            <TextLine id="tr_3_tl_45" custom="readingOrder {index:44;}">
                <Coords points="2257,3212 2944,3203 2944,3130 2257,3167"/>
                <Baseline points="2268,3191 2302,3194 2336,3194 2370,3194 2404,3192 2438,3193 2472,3194 2506,3194 2540,3194 2574,3192 2608,3191 2642,3191 2676,3191 2710,3189 2744,3189 2778,3190 2812,3188 2846,3188 2880,3188 2914,3187 2949,3185"/>
                <Word id="tr_3_tl_45_w1" custom="readingOrder {index:0;}">
                    <Coords points="2266,3154 2266,3214 2387,3214 2387,3154"/>
                    <TextEquiv>
                        <Unicode>Zmarl</Unicode>
                    </TextEquiv>
                </Word>
                <Word id="tr_3_tl_45_w2" custom="readingOrder {index:1;}">
                    <Coords points="2407,3153 2407,3213 2496,3213 2496,3153"/>
                    <TextEquiv>
                        <Unicode>jeden</Unicode>
                    </TextEquiv>
                </Word>
                <Word id="tr_3_tl_45_w3" custom="readingOrder {index:2;}">
                    <Coords points="2522,3154 2522,3214 2541,3214 2541,3154"/>
                    <TextEquiv>
                        <Unicode>z</Unicode>
                    </TextEquiv>
                </Word>
                <Word id="tr_3_tl_45_w4" custom="readingOrder {index:3;}">
                    <Coords points="2561,3151 2561,3211 2766,3211 2766,3151"/>
                    <TextEquiv>
                        <Unicode>nielicznych</Unicode>
                    </TextEquiv>
                </Word>
                <Word id="tr_3_tl_45_w5" custom="readingOrder {index:4;}">
                    <Coords points="2792,3148 2792,3208 2850,3208 2850,3148"/>
                    <TextEquiv>
                        <Unicode>już</Unicode>
                    </TextEquiv>
                </Word>
                <Word id="tr_3_tl_45_w6" custom="readingOrder {index:5;}">
                    <Coords points="2876,3147 2876,3207 2946,3207 2946,3147"/>
                    <TextEquiv>
                        <Unicode>epi¬</Unicode>
                    </TextEquiv>
                </Word>
                <TextEquiv>
                    <Unicode>Zmarl jeden z nielicznych już epi¬</Unicode>
                </TextEquiv>
            </TextLine>
            <TextLine id="tr_3_tl_46" custom="readingOrder {index:45;}">
                <Coords points="1488,3205 2199,3203 2184,3158 1488,3161"/>
                <Baseline points="1498,3191 1533,3191 1568,3193 1603,3194 1639,3194 1674,3191 1709,3193 1744,3194 1780,3193 1815,3191 1850,3194 1885,3194 1921,3194 1956,3194 1991,3194 2026,3194 2062,3194 2097,3194 2132,3194 2167,3194 2203,3191"/>
                <Word id="tr_3_tl_46_w1" custom="readingOrder {index:0;}">
                    <Coords points="1491,3151 1491,3211 1554,3211 1554,3151"/>
                    <TextEquiv>
                        <Unicode>ler,</Unicode>
                    </TextEquiv>
                </Word>
                <Word id="tr_3_tl_46_w2" custom="readingOrder {index:1;}">
                    <Coords points="1573,3151 1573,3211 1758,3211 1758,3151"/>
                    <TextEquiv>
                        <Unicode>nazywany</Unicode>
                    </TextEquiv>
                </Word>
                <Word id="tr_3_tl_46_w3" custom="readingOrder {index:2;}">
                    <Coords points="1786,3152 1786,3212 1881,3212 1881,3152"/>
                    <TextEquiv>
                        <Unicode>przez</Unicode>
                    </TextEquiv>
                </Word>
                <Word id="tr_3_tl_46_w4" custom="readingOrder {index:3;}">
                    <Coords points="1909,3154 1909,3214 2008,3214 2008,3154"/>
                    <TextEquiv>
                        <Unicode>prasę</Unicode>
                    </TextEquiv>
                </Word>
                <Word id="tr_3_tl_46_w5" custom="readingOrder {index:4;}">
                    <Coords points="2054,3154 2054,3214 2203,3214 2203,3154"/>
                    <TextEquiv>
                        <Unicode>wiedeń-</Unicode>
                    </TextEquiv>
                </Word>
                <TextEquiv>
                    <Unicode>ler, nazywany przez prasę wiedeń-</Unicode>
                </TextEquiv>
            </TextLine>
            <TextLine id="tr_3_tl_47" custom="readingOrder {index:46;}">
                <Coords points="1488,3249 2948,3253 2920,3196 1488,3207"/>
                <Baseline points="1498,3236 1570,3239 1643,3236 1716,3236 1788,3233 1861,3236 1934,3238 2006,3237 2079,3236 2152,3239 2225,3241 2297,3238 2370,3236 2443,3237 2515,3236 2588,3236 2661,3234 2733,3233 2806,3234 2879,3232 2952,3227"/>
                <Word id="tr_3_tl_47_w1" custom="readingOrder {index:0;}">
                    <Coords points="1488,3196 1488,3256 1547,3256 1547,3196"/>
                    <TextEquiv>
                        <Unicode>ską</Unicode>
                    </TextEquiv>
                </Word>
                <Word id="tr_3_tl_47_w2" custom="readingOrder {index:1;}">
                    <Coords points="1583,3196 1583,3256 1723,3256 1723,3196"/>
                    <TextEquiv>
                        <Unicode>„jednym</Unicode>
                    </TextEquiv>
                </Word>
                <Word id="tr_3_tl_47_w3" custom="readingOrder {index:2;}">
                    <Coords points="1789,3193 1789,3253 1809,3253 1809,3193"/>
                    <TextEquiv>
                        <Unicode>z</Unicode>
                    </TextEquiv>
                </Word>
                <Word id="tr_3_tl_47_w4" custom="readingOrder {index:3;}">
                    <Coords points="1860,3196 1860,3256 2191,3256 2191,3196"/>
                    <TextEquiv>
                        <Unicode>najświetniejszych</Unicode>
                    </TextEquiv>
                </Word>
                <Word id="tr_3_tl_47_w5" custom="readingOrder {index:4;}">
                    <Coords points="2227,3198 2227,3258 2333,3258 2333,3198"/>
                    <TextEquiv>
                        <Unicode>gonów</Unicode>
                    </TextEquiv>
                </Word>
                <Word id="tr_3_tl_47_w6" custom="readingOrder {index:5;}">
                    <Coords points="2373,3196 2373,3256 2680,3256 2680,3196"/>
                    <TextEquiv>
                        <Unicode>poromantycznej</Unicode>
                    </TextEquiv>
                </Word>
                <Word id="tr_3_tl_47_w7" custom="readingOrder {index:6;}">
                    <Coords points="2705,3193 2705,3253 2821,3253 2821,3193"/>
                    <TextEquiv>
                        <Unicode>epoki,</Unicode>
                    </TextEquiv>
                </Word>
                <Word id="tr_3_tl_47_w8" custom="readingOrder {index:7;}">
                    <Coords points="2862,3190 2862,3250 2946,3250 2946,3190"/>
                    <TextEquiv>
                        <Unicode>sub-</Unicode>
                    </TextEquiv>
                </Word>
                <TextEquiv>
                    <Unicode>ską „jednym z najświetniejszych gonów poromantycznej epoki, sub-</Unicode>
                </TextEquiv>
            </TextLine>
            <TextLine id="tr_3_tl_48" custom="readingOrder {index:47;}">
                <Coords points="1488,3298 2938,3289 2938,3242 1488,3249"/>
                <Baseline points="1498,3278 1570,3281 1642,3281 1714,3281 1787,3278 1859,3281 1931,3281 2003,3282 2076,3284 2148,3284 2220,3284 2292,3283 2365,3284 2437,3282 2509,3281 2581,3278 2654,3279 2726,3281 2798,3278 2870,3277 2943,3272"/>
                <Word id="tr_3_tl_48_w1" custom="readingOrder {index:0;}">
                    <Coords points="1488,3241 1488,3301 1804,3301 1804,3241"/>
                    <TextEquiv>
                        <Unicode>Wiedeńczyków",</Unicode>
                    </TextEquiv>
                </Word>
                <Word id="tr_3_tl_48_w2" custom="readingOrder {index:1;}">
                    <Coords points="1840,3241 1840,3301 1925,3301 1925,3241"/>
                    <TextEquiv>
                        <Unicode>dużą</Unicode>
                    </TextEquiv>
                </Word>
                <Word id="tr_3_tl_48_w3" custom="readingOrder {index:2;}">
                    <Coords points="1981,3244 1981,3304 2191,3304 2191,3244"/>
                    <TextEquiv>
                        <Unicode>pośniertną</Unicode>
                    </TextEquiv>
                </Word>
                <Word id="tr_3_tl_48_w4" custom="readingOrder {index:3;}">
                    <Coords points="2222,3243 2222,3303 2312,3303 2312,3243"/>
                    <TextEquiv>
                        <Unicode>telny</Unicode>
                    </TextEquiv>
                </Word>
                <Word id="tr_3_tl_48_w5" custom="readingOrder {index:4;}">
                    <Coords points="2338,3242 2338,3302 2468,3302 2468,3242"/>
                    <TextEquiv>
                        <Unicode>znawca</Unicode>
                    </TextEquiv>
                </Word>
                <Word id="tr_3_tl_48_w6" custom="readingOrder {index:5;}">
                    <Coords points="2489,3239 2489,3299 2589,3299 2589,3239"/>
                    <TextEquiv>
                        <Unicode>duszy</Unicode>
                    </TextEquiv>
                </Word>
                <Word id="tr_3_tl_48_w7" custom="readingOrder {index:6;}">
                    <Coords points="2615,3240 2615,3300 2780,3300 2780,3240"/>
                    <TextEquiv>
                        <Unicode>kobiecej,</Unicode>
                    </TextEquiv>
                </Word>
                <Word id="tr_3_tl_48_w8" custom="readingOrder {index:7;}">
                    <Coords points="2796,3237 2796,3297 2941,3297 2941,3237"/>
                    <TextEquiv>
                        <Unicode>niezwy-</Unicode>
                    </TextEquiv>
                </Word>
                <TextEquiv>
                    <Unicode>Wiedeńczyków", dużą pośniertną telny znawca duszy kobiecej, niezwy-</Unicode>
                </TextEquiv>
            </TextLine>
            <TextLine id="tr_3_tl_49" custom="readingOrder {index:48;}">
                <Coords points="1490,3337 2949,3329 2898,3284 1490,3291"/>
                <Baseline points="1501,3325 1573,3325 1646,3324 1718,3325 1791,3322 1863,3325 1936,3325 2008,3325 2081,3327 2153,3327 2226,3326 2299,3325 2371,3325 2444,3328 2516,3325 2589,3325 2661,3324 2734,3322 2806,3322 2879,3321 2952,3316"/>
                <Word id="tr_3_tl_49_w1" custom="readingOrder {index:0;}">
                    <Coords points="1489,3284 1489,3344 1665,3344 1665,3284"/>
                    <TextEquiv>
                        <Unicode>spuściznę</Unicode>
                    </TextEquiv>
                </Word>
                <Word id="tr_3_tl_49_w2" custom="readingOrder {index:1;}">
                    <Coords points="1695,3282 1695,3342 1876,3342 1876,3282"/>
                    <TextEquiv>
                        <Unicode>literacką,</Unicode>
                    </TextEquiv>
                </Word>
                <Word id="tr_3_tl_49_w3" custom="readingOrder {index:2;}">
                    <Coords points="1896,3285 1896,3345 2013,3345 2013,3285"/>
                    <TextEquiv>
                        <Unicode>której</Unicode>
                    </TextEquiv>
                </Word>
                <Word id="tr_3_tl_49_w4" custom="readingOrder {index:3;}">
                    <Coords points="2038,3286 2038,3346 2277,3346 2277,3286"/>
                    <TextEquiv>
                        <Unicode>uregulo-kły</Unicode>
                    </TextEquiv>
                </Word>
                <Word id="tr_3_tl_49_w5" custom="readingOrder {index:4;}">
                    <Coords points="2312,3285 2312,3345 2463,3345 2463,3285"/>
                    <TextEquiv>
                        <Unicode>artysta,</Unicode>
                    </TextEquiv>
                </Word>
                <Word id="tr_3_tl_49_w6" custom="readingOrder {index:5;}">
                    <Coords points="2488,3285 2488,3345 2600,3345 2600,3285"/>
                    <TextEquiv>
                        <Unicode>pisarz</Unicode>
                    </TextEquiv>
                </Word>
                <Word id="tr_3_tl_49_w7" custom="readingOrder {index:6;}">
                    <Coords points="2630,3282 2630,3342 2796,3342 2796,3282"/>
                    <TextEquiv>
                        <Unicode>wysokiej</Unicode>
                    </TextEquiv>
                </Word>
                <Word id="tr_3_tl_49_w8" custom="readingOrder {index:7;}">
                    <Coords points="2821,3280 2821,3340 2943,3340 2943,3280"/>
                    <TextEquiv>
                        <Unicode>kultu-</Unicode>
                    </TextEquiv>
                </Word>
                <TextEquiv>
                    <Unicode>spuściznę literacką, której uregulo-kły artysta, pisarz wysokiej kultu-</Unicode>
                </TextEquiv>
            </TextLine>
            <TextLine id="tr_3_tl_50" custom="readingOrder {index:49;}">
                <Coords points="1488,3391 1868,3379 2139,3404 2201,3379 2201,3337 2171,3335 1488,3346"/>
                <Baseline points="1498,3367 1533,3367 1568,3369 1604,3370 1639,3370 1675,3370 1710,3370 1745,3370 1781,3370 1816,3370 1852,3370 1887,3370 1922,3370 1958,3370 1993,3370 2029,3370 2064,3370 2099,3370 2135,3371 2170,3373 2206,3373"/>
                <Word id="tr_3_tl_50_w1" custom="readingOrder {index:0;}">
                    <Coords points="1491,3327 1491,3387 1593,3387 1593,3327"/>
                    <TextEquiv>
                        <Unicode>wanie</Unicode>
                    </TextEquiv>
                </Word>
                <Word id="tr_3_tl_50_w2" custom="readingOrder {index:1;}">
                    <Coords points="1617,3330 1617,3390 1631,3390 1631,3330"/>
                    <TextEquiv>
                        <Unicode>i</Unicode>
                    </TextEquiv>
                </Word>
                <Word id="tr_3_tl_50_w3" custom="readingOrder {index:2;}">
                    <Coords points="1655,3330 1655,3390 1803,3390 1803,3330"/>
                    <TextEquiv>
                        <Unicode>wydanie</Unicode>
                    </TextEquiv>
                </Word>
                <Word id="tr_3_tl_50_w4" custom="readingOrder {index:3;}">
                    <Coords points="1832,3330 1832,3390 2014,3390 2014,3330"/>
                    <TextEquiv>
                        <Unicode>przekazał</Unicode>
                    </TextEquiv>
                </Word>
                <Word id="tr_3_tl_50_w5" custom="readingOrder {index:4;}">
                    <Coords points="2033,3330 2033,3390 2191,3390 2191,3330"/>
                    <TextEquiv>
                        <Unicode>swojemu</Unicode>
                    </TextEquiv>
                </Word>
                <TextEquiv>
                    <Unicode>wanie i wydanie przekazał swojemu</Unicode>
                </TextEquiv>
            </TextLine>
            <TextLine id="tr_3_tl_51" custom="readingOrder {index:50;}">
                <Coords points="2232,3380 2374,3404 2948,3395 2935,3329 2232,3344"/>
                <Baseline points="2242,3373 2277,3370 2313,3372 2348,3371 2384,3371 2419,3373 2455,3373 2490,3373 2526,3373 2561,3373 2597,3373 2632,3373 2668,3373 2703,3372 2739,3370 2774,3370 2810,3368 2845,3369 2881,3369 2916,3366 2952,3364"/>
                <Word id="tr_3_tl_51_w1" custom="readingOrder {index:0;}">
                    <Coords points="2228,3332 2228,3392 2258,3392 2258,3332"/>
                    <TextEquiv>
                        <Unicode>ry</Unicode>
                    </TextEquiv>
                </Word>
                <Word id="tr_3_tl_51_w2" custom="readingOrder {index:1;}">
                    <Coords points="2283,3330 2283,3390 2295,3390 2295,3330"/>
                    <TextEquiv>
                        <Unicode>i</Unicode>
                    </TextEquiv>
                </Word>
                <Word id="tr_3_tl_51_w3" custom="readingOrder {index:2;}">
                    <Coords points="2314,3333 2314,3393 2573,3393 2573,3333"/>
                    <TextEquiv>
                        <Unicode>oryginalnego,</Unicode>
                    </TextEquiv>
                </Word>
                <Word id="tr_3_tl_51_w4" custom="readingOrder {index:3;}">
                    <Coords points="2592,3330 2592,3390 2863,3390 2863,3330"/>
                    <TextEquiv>
                        <Unicode>niepospolitego</Unicode>
                    </TextEquiv>
                </Word>
                <Word id="tr_3_tl_51_w5" custom="readingOrder {index:4;}">
                    <Coords points="2883,3326 2883,3386 2937,3386 2937,3326"/>
                    <TextEquiv>
                        <Unicode>ta-</Unicode>
                    </TextEquiv>
                </Word>
                <TextEquiv>
                    <Unicode>ry i oryginalnego, niepospolitego ta-</Unicode>
                </TextEquiv>
            </TextLine>
            <TextLine id="tr_3_tl_52" custom="readingOrder {index:51;}">
                <Coords points="1490,3432 1510,3433 1519,3442 1541,3422 1554,3419 1574,3424 1613,3417 1640,3421 1640,3379 1625,3377 1614,3386 1583,3382 1571,3388 1560,3379 1532,3375 1525,3382 1490,3373"/>
                <Baseline points="1501,3415 1529,3414 1558,3412 1587,3412 1616,3412 1645,3412"/>
                <Word id="tr_3_tl_52_w1" custom="readingOrder {index:0;}">
                    <Coords points="1489,3372 1489,3432 1639,3432 1639,3372"/>
                    <TextEquiv>
                        <Unicode>synowi.</Unicode>
                    </TextEquiv>
                </Word>
                <TextEquiv>
                    <Unicode>synowi.</Unicode>
                </TextEquiv>
            </TextLine>
            <TextLine id="tr_3_tl_53" custom="readingOrder {index:52;}">
                <Coords points="2223,3428 2265,3437 2276,3433 2285,3439 2308,3422 2327,3433 2345,3432 2345,3390 2330,3391 2314,3377 2288,3384 2281,3380 2274,3388 2265,3384 2259,3390 2244,3380 2223,3379"/>
                <Baseline points="2233,3415 2262,3415 2291,3415 2320,3415 2349,3418"/>
                <Word id="tr_3_tl_53_w1" custom="readingOrder {index:0;}">
                    <Coords points="2227,3375 2227,3435 2338,3435 2338,3375"/>
                    <TextEquiv>
                        <Unicode>lentu.</Unicode>
                    </TextEquiv>
                </Word>
                <TextEquiv>
                    <Unicode>lentu.</Unicode>
                </TextEquiv>
            </TextLine>
            <TextLine id="tr_3_tl_54" custom="readingOrder {index:53;}">
                <Coords points="1540,3488 2226,3475 2213,3402 2166,3435 2003,3391 1894,3428 1540,3422"/>
                <Baseline points="1549,3457 1583,3457 1617,3457 1651,3457 1685,3457 1719,3459 1753,3460 1787,3460 1821,3460 1855,3460 1889,3460 1923,3460 1957,3460 1991,3463 2025,3463 2059,3463 2093,3463 2127,3463 2161,3463 2195,3464 2230,3469"/>
                <Word id="tr_3_tl_54_w1" custom="readingOrder {index:0;}">
                    <Coords points="1542,3417 1542,3477 1553,3477 1553,3417"/>
                    <TextEquiv>
                        <Unicode>W</Unicode>
                    </TextEquiv>
                </Word>
                <Word id="tr_3_tl_54_w2" custom="readingOrder {index:1;}">
                    <Coords points="1598,3417 1598,3477 1708,3477 1708,3417"/>
                    <TextEquiv>
                        <Unicode>Polsce</Unicode>
                    </TextEquiv>
                </Word>
                <Word id="tr_3_tl_54_w3" custom="readingOrder {index:2;}">
                    <Coords points="1734,3420 1734,3480 1913,3480 1913,3420"/>
                    <TextEquiv>
                        <Unicode>najwięcej</Unicode>
                    </TextEquiv>
                </Word>
                <Word id="tr_3_tl_54_w4" custom="readingOrder {index:3;}">
                    <Coords points="1938,3422 1938,3482 2043,3482 2043,3422"/>
                    <TextEquiv>
                        <Unicode>znaną</Unicode>
                    </TextEquiv>
                </Word>
                <Word id="tr_3_tl_54_w5" custom="readingOrder {index:4;}">
                    <Coords points="2068,3423 2068,3483 2142,3483 2142,3423"/>
                    <TextEquiv>
                        <Unicode>była</Unicode>
                    </TextEquiv>
                </Word>
                <Word id="tr_3_tl_54_w6" custom="readingOrder {index:5;}">
                    <Coords points="2167,3423 2167,3483 2185,3483 2185,3423"/>
                    <TextEquiv>
                        <Unicode>w</Unicode>
                    </TextEquiv>
                </Word>
                <TextEquiv>
                    <Unicode>W Polsce najwięcej znaną była w</Unicode>
                </TextEquiv>
            </TextLine>
            <TextEquiv>
                <Unicode></Unicode>
            </TextEquiv>
        </TextRegion>
    </Page>
</PcGts>
