3392 4352
543 124 594 184 re
630 126 892 186 caratteristic
937 131 1033 191 poet
1078 131 1103 191 in
1139 133 1252 193 Peter
1279 136 1506 196 Altenberg.

535 171 727 231 ugovon
757 176 1060 236 lofmannstahl
1080 177 1089 237 e
1114 180 1253 240 Arthur
1278 183 1513 243 Schnitzler:

534 219 565 279 ai
593 219 633 279 21
661 222 880 282 d'ottobre,
894 225 957 285 con
985 228 1217 288 Schnitzler,
1236 231 1249 291 è
1282 232 1500 292 scomparso

528 267 690 327 l'ultimo
735 272 799 332 del
834 273 1059 333 gruppetto.
1095 276 1291 336 Cresciuti
1321 279 1414 339 nell'
1424 282 1503 342 am-

533 315 649 375 biente
678 318 719 378 di
734 318 976 378 disinteresse
1005 324 1155 384 politico
1183 327 1384 387 formatosi
1403 331 1496 391 dopo

531 365 541 425 i
551 365 703 425 rovesci
723 366 875 426 militari
895 368 954 428 del
964 369 1043 429 ’66,
1058 373 1265 433 Altenberg
1290 374 1304 434 e
1329 375 1500 435 Schnitz¬

530 413 576 473 ler
616 413 847 473 descrissero
891 416 959 476 una
1011 418 1149 478 Vienna
1192 422 1312 482 spinta
1351 424 1458 484 verso

522 461 782 521 divertimenti
806 464 819 524 e
853 464 959 524 verso
988 467 1243 527 l'esaltazione
1277 470 1369 530 della
1407 474 1500 534 fem¬

529 512 694 572 minilità,
725 513 826 573 dalla
872 514 992 574 voglia
1029 515 1073 575 di
1094 518 1336 578 dimenticare
1372 521 1386 581 i
1412 524 1497 584 pro¬

525 558 638 618 blemi
664 559 727 619 che
757 562 924 622 gravano
960 562 1023 622 sui
1049 565 1186 625 destini
1216 567 1280 627 dei
1311 568 1458 628 popoli,
1483 571 1498 631 o

530 607 879 667 dall’impossibilità
921 610 962 670 di
988 613 1209 673 affrontarli
1241 616 1255 676 e
1292 619 1503 679 risolverli.

529 657 826 717 Hofmannstahl
841 658 951 718 sognó
970 661 1095 721 invece
1119 664 1176 724 una
1201 664 1320 724 nobile
1340 670 1493 730 Austria

524 706 704 766 gloriosa.
741 709 911 769 Univano
942 710 957 770 i
994 712 1050 772 tre
1087 712 1231 772 afsinità
1278 719 1500 779 molteplici.

523 753 538 813 E
571 753 633 813 che
655 753 729 813 dire
761 758 1019 818 dell’analogia
1046 759 1099 819 tra
1126 762 1151 822 la
1173 762 1241 822 fine
1268 764 1305 824 di
1321 767 1495 827 Schnitz¬

521 804 572 864 ler
608 804 623 864 e
665 804 789 864 quella
831 807 872 867 di
898 809 1229 869 Hofmannstahl?
1261 815 1493 875 Hofmanns¬

518 852 603 912 tahl
628 852 643 912 è
674 854 794 914 morto
835 855 879 915 di
910 859 1167 919 crepacuore,
1188 861 1253 921 nel
1283 866 1393 926 luglio
1434 867 1494 927 del

522 902 625 962 1929,
660 903 763 963 sotto
808 907 1089 967 l’impressione
1134 912 1197 972 del
1232 912 1384 972 suicidio
1434 917 1498 977 del

516 950 631 1010 figlio,
667 951 712 1011 un
763 954 919 1014 giovane
965 956 1172 1016 perdutosi
1203 962 1268 1022 nel
1299 964 1490 1024 ginepraio

519 998 612 1058 della
652 1001 775 1061 realtà
819 1005 1065 1065 quotidiana,
1095 1010 1197 1070 assai
1237 1010 1385 1070 diverso
1429 1015 1493 1075 dal

519 1049 642 1109 mondo
674 1052 823 1112 sognato
854 1053 946 1113 nella
982 1058 1114 1118 serena
1149 1058 1233 1118 casa
1268 1062 1449 1122 paterna,
1471 1064 1484 1124 e

513 1097 546 1157 la
575 1100 737 1160 paralisi
763 1103 934 1163 cardiaca
964 1106 1007 1166 ha
1036 1106 1155 1166 ucciso
1180 1111 1295 1171 anche
1319 1112 1496 1172 Schnitz¬

517 1148 589 1208 ler,
603 1148 666 1208 per
693 1150 747 1210 tre
775 1151 861 1211 anni
879 1152 1033 1212 rimasto
1061 1156 1087 1216 in
1115 1156 1232 1216 attesa
1265 1158 1328 1218 del
1383 1161 1486 1221 suo,

512 1198 718 1258 momento,
747 1201 962 1261 soffocando
1007 1204 1035 1264 il
1064 1205 1193 1265 dolore
1237 1210 1495 1270 cagionatogli

520 1247 583 1307 dal
620 1247 773 1307 suicidio
827 1249 953 1309 d’una
1001 1255 1096 1315 figlia
1144 1258 1403 1318 dilettissima.
1435 1261 1482 1321 Se

520 1297 822 1357 Hofmannstahl
863 1302 1024 1362 giovane
1070 1306 1281 1366 contemplò
1327 1308 1357 1368 la
1408 1309 1488 1369 bes¬

514 1344 619 1404 farda
654 1348 879 1408 Giustiziera
918 1350 980 1410 con
1014 1353 1297 1413 accoramento,
1317 1356 1489 1416 Schnitz-

512 1395 563 1455 ler
596 1395 637 1455 ha
666 1398 810 1458 sempre
834 1398 926 1458 visto
955 1400 1048 1460 nella
1076 1402 1192 1462 morte
1225 1404 1239 1464 e
1267 1405 1481 1465 nell'amore

555 1443 622 1503 due
661 1446 742 1506 poli
777 1449 838 1509 dei
868 1449 959 1509 fatti
984 1452 1138 1512 umani:
1162 1452 1176 1512 a
1210 1455 1412 1515 conoscere
1451 1458 1479 1518 la

509 1491 564 1551 sua
600 1494 670 1554 vita
706 1497 858 1557 intima,
884 1498 924 1558 di
944 1500 1091 1560 leggeri
1117 1500 1152 1560 si
1178 1503 1268 1563 vede
1294 1504 1359 1564 che
1390 1505 1481 1565 l'in¬

511 1542 746 1602 fluenzarono
787 1547 1091 1607 costantemente
1128 1550 1254 1610 amore
1295 1553 1306 1613 e
1352 1555 1493 1615 morte.

559 1592 865 1652 Hofmannstahl
890 1596 1010 1656 aveva
1044 1598 1139 1658 nelle
1174 1601 1259 1661 vene
1293 1600 1308 1660 —
1361 1602 1389 1662 il
1414 1606 1480 1666 che

506 1640 519 1700 è
556 1643 792 1703 tipicamente
828 1646 1020 1706 austriaco
1061 1647 1074 1707 —
1129 1652 1265 1712 sangue
1307 1652 1348 1712 di
1380 1653 1484 1713 varie

508 1690 631 1750 stirpi,
651 1691 828 1751 l’ebraica
869 1695 1085 1755 compresa.
1110 1697 1223 1757 Peter
1258 1703 1490 1763 Altenberg,

506 1739 637 1799 ebreo,
660 1741 691 1801 in
723 1741 900 1801 gioventù
936 1744 1050 1804 aveva
1087 1747 1249 1807 studiato
1286 1751 1485 1811 medicina,

504 1786 556 1846 ma
590 1789 657 1849 poi
682 1789 715 1849 la
749 1792 922 1852 passione
956 1795 1052 1855 delle
1086 1798 1225 1858 lettere
1255 1799 1268 1859 e
1307 1801 1336 1861 la
1366 1801 1480 1861 mania

508 1834 546 1894 di
570 1837 805 1897 descrivere,
830 1840 930 1900 sotto
964 1843 1079 1903 forma
1118 1846 1161 1906 di
1180 1849 1333 1909 schizzi,
1353 1850 1386 1910 la
1420 1849 1482 1909 ro¬

502 1886 659 1946 mantica
703 1888 774 1948 vita
818 1891 1071 1951 vindobonese
1115 1897 1248 1957 furono
1287 1898 1339 1958 più
1387 1900 1482 1960 forti

509 1936 594 1996 della
624 1937 796 1997 passione
821 1940 1024 2000 scientifica
1054 1943 1064 2003 e
1095 1943 1185 2003 dello
1216 1947 1342 2007 spirito
1373 1948 1478 2008 d’ab¬

499 1986 700 2046 negazione
742 1988 807 2048 che
845 1990 1013 2050 avrebbe
1056 1992 1098 2052 da
1145 1995 1299 2055 esistere
1342 1998 1375 2058 in
1422 1999 1487 2059 chi

499 2034 643 2094 intenda
680 2038 921 2098 consacrarsi
945 2041 1012 2101 alla
1040 2043 1126 2103 cura
1154 2045 1217 2105 dei
1236 2046 1322 2106 mali
1345 2048 1485 2108 nostri.

550 2083 695 2143 Arthur
727 2088 963 2148 Schnitzler,
984 2091 1045 2151 lui
1070 2093 1160 2153 pure
1192 2096 1327 2156 ebreo,
1349 2097 1474 2157 studiò

497 2133 605 2193 anche
651 2136 704 2196 lui
739 2137 946 2197 medicina:
972 2138 1130 2198 siccome
1165 2143 1194 2203 il
1219 2144 1357 2204 padre,
1382 2146 1475 2206 Gio-

498 2183 623 2243 vanni,
644 2186 866 2246 professore
907 2186 977 2246 all'
988 2189 1205 2249 Università
1241 2193 1286 2253 di
1312 2194 1478 2254 Vienna,

492 2229 554 2289 era
593 2231 631 2291 un
665 2236 900 2296 laringologo
935 2237 977 2297 di
1007 2240 1160 2300 valore,
1180 2243 1396 2303 laureatosi
1421 2245 1478 2305 in¬

498 2282 670 2342 cominciò
708 2281 744 2341 ad
782 2286 987 2346 esercitare
1015 2290 1043 2350 la
1071 2292 1327 2352 professione.
1346 2294 1411 2354 Fra
1449 2296 1476 2356 il

501 2329 584 2389 1886
619 2331 658 2391 ed
693 2333 722 2393 il
752 2334 859 2394 1892,
884 2335 913 2395 il
938 2337 1066 2397 futuro
1101 2341 1307 2401 novelliere
1332 2342 1346 2402 e
1376 2344 1473 2404 com¬

500 2380 727 2440 mediografo
768 2383 940 2443 pubblicó
986 2386 1021 2446 in
1068 2389 1193 2449 riviste
1240 2392 1467 2452 scientifiche

492 2428 611 2488 studii
636 2431 650 2491 e
684 2433 903 2493 recensioni
928 2437 966 2497 di
996 2437 1110 2497 opere
1144 2438 1182 2498 di
1211 2442 1416 2502 medicina:
1441 2444 1474 2504 si

497 2479 635 2539 occupó
672 2481 708 2541 di
734 2484 924 2544 patologia
956 2486 971 2546 e
1007 2488 1239 2548 psicopatia,
1255 2493 1466 2553 dell'igiene

494 2527 653 2587 sessuale
689 2530 702 2590 e
738 2532 831 2592 delle
867 2532 929 2592 sue
965 2538 1218 2598 conseguenze
1254 2538 1391 2598 etiche.

548 2574 583 2634 II
615 2577 795 2637 letterato
837 2584 1054 2644 Schnitzler
1086 2586 1240 2646 debuttò
1277 2589 1339 2649 nel
1365 2590 1478 2650 1889,

491 2628 555 2688 con
595 2628 629 2688 la
669 2628 812 2688 novella
862 2631 896 2691 Il
927 2634 995 2694 mio
1031 2636 1139 2696 amico
1179 2638 1223 2698 Y,
1249 2639 1466 2699 pubblicata

492 2676 591 2736 dalla
635 2679 763 2739 rivista
811 2680 858 2740 Aa
897 2680 954 2740 der
988 2683 1130 2743 »chöien
1174 2688 1288 2748 blauen
1331 2690 1474 2750 Donau,

497 2727 678 2787 periodico
719 2727 757 2787 di
782 2728 846 2788 cui
871 2729 915 2789 da
950 2732 1072 2792 tempo
1107 2732 1151 2792 s’è
1186 2735 1343 2795 perduto
1383 2736 1465 2796 per¬

487 2772 554 2832 fino
589 2774 617 2834 il
642 2776 815 2836 ricordo.
840 2777 912 2837 Per
946 2783 1101 2843 quattro
1135 2783 1226 2843 anni
1261 2786 1420 2846 ancora,
1444 2789 1473 2849 il

485 2825 618 2885 dottor
654 2825 795 2885 Arturo
831 2829 1008 2889 continuò
1044 2831 1083 2891 ad
1119 2831 1239 2891 essere
1266 2836 1465 2896 assistente

488 2873 557 2933 del
588 2876 703 2936 padre
750 2876 790 2936 al
830 2879 1047 2939 Policlinico
1093 2882 1107 2942 e
1148 2882 1178 2942 fu
1224 2885 1365 2945 iscritto
1410 2887 1450 2947 ne

492 2924 626 2984 ranghi
657 2924 724 2984 dei
755 2927 894 2987 medici
926 2929 1085 2989 militari
1112 2932 1204 2992 della
1241 2932 1406 2992 riserva.
1432 2935 1468 2995 Il

493 2974 706 3034 professore
752 2976 892 3036 Johann
938 2980 1174 3040 Schnitzler,
1202 2983 1301 3043 come
1343 2984 1460 3044 aveva

486 3022 632 3082 avviato
664 3022 679 3082 i
705 3025 785 3085 figli
811 3025 877 3085 per
913 3026 943 3086 la
974 3028 1106 3088 strada
1142 3031 1239 3091 sulla
1270 3032 1382 3092 quale
1418 3035 1473 3095 lui

490 3069 601 3129 stesso
639 3074 850 3134 procedeva
888 3077 1019 3137 felice,
1034 3079 1127 3139 cosi,
1147 3079 1207 3139 nel
1226 3082 1286 3142 suo
1320 3082 1460 3142 salotto

485 3123 724 3183 frequentato
764 3124 808 3184 da
849 3125 994 3185 artisti,
1021 3129 1323 3189 commercianti,
1345 3132 1460 3192 avvo¬

480 3171 569 3231 cati,
598 3171 813 3231 banchieri,
842 3176 1021 3236 insomma
1063 3177 1110 3237 da
1153 3180 1274 3240 quella
1317 3180 1453 3240 società

483 3219 709 3279 eterogenea
755 3224 819 3284 che
865 3225 1028 3285 qualche
1074 3225 1169 3285 anno
1215 3231 1387 3291 addietro
1438 3231 1469 3291 si

486 3270 615 3330 poteva
653 3272 790 3332 ancoya
824 3273 1041 3333 incontrare
1079 3276 1171 3336 nelle
1196 3279 1279 3339 case
1309 3279 1459 3339 rimaste

485 3318 600 3378 fedeli
634 3321 705 3381 alle
740 3322 965 3382 tradizioni,
985 3323 1104 3383 aveva
1148 3327 1244 3387 fatto
1278 3329 1455 3389 conoscer

485 3368 561 3428 loro
591 3368 614 3428 il
634 3368 768 3428 mondo
792 3371 984 3431 austriaco
1013 3374 1108 3434 della
1143 3377 1219 3437 fase
1253 3378 1454 3438 tranquilla

481 3416 545 3476 del
570 3419 678 3479 regno
713 3419 758 3479 di
783 3422 995 3482 Francesco
1030 3425 1242 3485 Giuseppe.
1268 3426 1311 3486 Se
1342 3428 1371 3488 le
1401 3429 1459 3489 ca¬

481 3467 638 3527 tastrofi
663 3469 729 3529 del
753 3469 805 3529 ’66
839 3471 983 3531 tolsero
1017 3473 1055 3533 ai
1079 3476 1250 3536 viennesi
1280 3478 1399 3538 voglia
1437 3479 1451 3539 o

483 3518 688 3578 possibilità
735 3520 774 3580 di
805 3520 865 3580 far
906 3522 1082 3582 politica,
1108 3523 1213 3583 tanto
1254 3527 1465 3587 maggiore,

480 3565 691 3625 dicevamo,
720 3568 757 3628 fu
795 3568 827 3628 la
870 3571 991 3631 spinta
1039 3571 1147 3631 verso
1180 3574 1207 3634 la
1245 3575 1325 3635 gaia
1358 3576 1461 3636 vita:

478 3616 487 3676 e
524 3616 733 3676 approvato
770 3617 851 3677 dall
875 3622 1116 3682 Imperatore
1149 3622 1189 3682 un
1226 3625 1331 3685 vasto
1368 3625 1454 3685 pro¬

481 3664 636 3724 gramma
688 3665 727 3725 di
763 3667 879 3727 opere
925 3670 1147 3730 pubbliche,
1178 3673 1243 3733 che
1284 3675 1389 3735 diede
1430 3676 1460 3736 il

486 3711 589 3771 Ring,
617 3717 812 3777 l'Opera,
834 3718 861 3778 il
900 3720 1182 3780 Burgtheater,
1204 3723 1231 3783 il
1264 3723 1459 3783 Rathaus,

481 3759 504 3819 il
537 3763 780 3823 Parlamento
823 3766 836 3826 e
880 3765 898 3825 i
926 3770 1066 3830 grandi
1104 3771 1235 3831 musei,
1259 3772 1291 3832 lo
1329 3774 1446 3834 stesso

480 3810 578 3870 volto
613 3813 707 3873 della
747 3814 909 3874 capitale
939 3817 1067 3877 s’andò
1102 3821 1324 3881 cambiando
1354 3822 1456 3882 rapi¬

478 3861 673 3921 damente.
706 3863 752 3923 Le
795 3864 954 3924 taverne
996 3867 1037 3927 di
1071 3870 1215 3930 artisti,
1239 3870 1271 3930 le
1314 3870 1449 3930 osterie

477 3909 535 3969 coi
567 3910 737 3970 cantori,
758 3913 923 3973 l'Hôtel
955 3917 1104 3977 Sacher
1142 3917 1199 3977 (da
1243 3919 1285 3979 un
1328 3920 1444 3980 perito

475 3959 691 4019 giudiziario
734 3965 823 4025 oggi
856 3964 1066 4024 dichiarato
1109 3965 1151 4025 di
1173 3968 1299 4028 valore
1336 3970 1457 4030 nullo,

470 4010 628 4070 essendo
671 4013 885 4073 scomparsa
933 4016 960 4076 la
1007 4016 1232 4076 Monarchia
1279 4016 1292 4076 e
1326 4019 1442 4079 morta

1572 174 1674 234 190i,
1698 174 1711 234 a
1749 179 1884 239 motivo
1917 183 2010 243 della
2044 186 2193 246 novella
2230 186 2407 246 Leulnant
2431 186 2533 246 Cuall

1646 222 1673 282 in
1723 228 1903 288 italiano:
1940 233 1971 293 Il
1999 235 2216 295 poltotenente
2253 236 2437 296 Cuslavino

1556 269 1650 329 dové
1680 274 1892 334 rinunziare
1922 281 1961 341 al
1986 283 2099 343 grado
2129 285 2168 345 di
2184 282 2346 342 ufficiale
2381 285 2519 345 medico

1561 318 1651 378 della
1683 322 1846 382 riserva,
1860 328 1923 388 per
1947 329 2032 389 aver
2055 332 2186 392 seritto
2214 333 2272 393 con
2305 335 2436 395 troppo
2463 333 2522 393 ve¬

1559 365 1687 425 rismo.
1712 371 1845 431 Mezzo
1880 376 2022 436 secolo,
2043 380 2106 440 non
2141 380 2240 440 tutto
2270 380 2308 440 di
2329 382 2437 442 gioie,
2457 383 2516 443 non

1557 413 1611 473 era
1646 419 1799 479 bastato
1834 421 1844 481 a
1884 428 2056 488 demolire
2081 428 2110 488 in
2141 429 2293 489 Austria
2329 428 2357 488 lo
2393 431 2521 491 spirito

1562 465 1713 525 militare
1752 468 1789 528 di
1811 472 1941 532 casta,
1958 476 1974 536 e
2007 478 2061 538 gli
2094 479 2229 539 eretici
2262 479 2414 539 banditi
2441 482 2522 542 dal¬

1562 514 1741 574 l'esercito
1773 518 1905 578 furono
1937 526 2132 586 parecchi.
2159 527 2332 587 Leulnant
2354 528 2454 588 (iuoll
2481 530 2512 590 lu

1555 562 1740 622 giudicato
1773 570 2001 630 oltraggioso
2023 574 2092 634 per
2114 576 2145 636 la
2172 574 2300 634 casta,
2321 577 2443 637 sicché
2475 577 2512 637 un

1556 611 1651 671 giuri
1671 613 1820 673 d'onore
1844 616 1877 676 fu
1907 622 2103 682 incaricato
2132 625 2170 685 di
2195 625 2420 685 esaminarlo
2449 627 2463 687 e
2488 628 2526 688 di

1551 658 1747 718 decidere.
1771 667 1976 727 Schnitzler
2006 672 2073 732 non
2112 675 2144 735 si
2169 675 2369 735 presenté,
2394 676 2518 736 conte¬

1556 709 1683 769 stando
1719 711 1748 771 la
1783 716 2014 776 competenza
2044 724 2305 784 dell’istanza,
2325 724 2339 784 e
2374 728 2404 788 il
2429 727 2526 787 giuri

1537 2297 1767 2357 vendicativo
1803 2300 1853 2360 gli
1874 2303 2039 2363 contestò
2065 2303 2095 2363 il
2111 2306 2236 2366 diritto
2266 2306 2301 2366 di
2322 2309 2492 2369 rivestire

1531 2347 1761 2407 l’uniforme.
1776 2347 1789 2407 “
1809 2347 1842 2407 In
1867 2350 1952 2410 ogni
1967 2353 2083 2413 classe
2102 2356 2236 2416 sociale
2261 2356 2274 2416 —
2313 2359 2442 2419 scrisse
2467 2360 2490 2420 in

1539 2396 1618 2456 quei
1634 2395 1759 2455 giorni
1775 2398 1975 2458 Schnitzler
2001 2402 2011 2462 a
2046 2403 2081 2463 un
2112 2406 2232 2466 critico
2258 2407 2322 2467 che
2343 2409 2393 2469 gli
2408 2409 2493 2469 rim¬

1536 2445 1742 2505 proverava
1767 2446 1904 2506 l’offesa
1929 2452 2016 2512 fatta
2042 2452 2110 2512 alla
2135 2455 2247 2515 Corte
2272 2458 2443 2518 d’onore,
2453 2458 2468 2518 -

1532 2494 1637 2554 esiste
1671 2495 1709 2555 un
1744 2498 1830 2558 gran
1873 2500 2017 2560 numero
2056 2502 2094 2562 di
2119 2506 2224 2566 bassi
2254 2507 2455 2567 individui,
2475 2507 2489 2567 e

1526 2544 1553 2604 io
1585 2544 1653 2604 non
1690 2547 1880 2607 riconosco
1917 2550 1931 2610 a
1963 2550 2117 2610 nessung
2154 2553 2272 2613 classe
2309 2554 2336 2614 il
2359 2556 2486 2616 diritto

1530 2595 1566 2655 di
1593 2594 1757 2654 proibire
1793 2595 1857 2655 che
1894 2598 2020 2658 qvesta
2062 2604 2343 2664 constatazione
2376 2606 2488 2666 venga

1527 2643 1645 2703 fatta.
1680 2643 1763 2703 Nel
1798 2646 1866 2706 mio
1911 2649 1989 2709 caso
2039 2651 2230 2711 specifico,
2260 2655 2392 2715 vorrei
2432 2655 2495 2715 poi

1532 2692 1685 2752 mettere
1710 2693 1739 2753 in
1764 2694 1892 2754 rilievo
1917 2698 1976 2758 che
2001 2698 2025 2758 il
2045 2700 2109 2760 mio
2134 2703 2252 2763 Gustl
2267 2703 2282 2763 è
2312 2703 2350 2763 un
2376 2705 2489 2765 bravo

1525 2741 1706 2801 ragazzo,
1727 2744 1903 2804 guastato
1939 2747 2100 2807 soltanto
2130 2750 2199 2810 dai
2224 2753 2430 2813 pregiudizí
2455 2753 2498 2813 di

1525 2792 1650 2852 casta,
1674 2792 1725 2852 ma
1758 2792 1818 2852 che
1856 2794 1916 2854 col
1940 2799 2056 2859 tempo
2085 2801 2266 2861 potrebbe
2294 2801 2485 2861 diventare

1530 2837 1563 2897 un
1597 2841 1774 2901 valoroso
1808 2843 1822 2903 e
1856 2847 1970 2907 bravo
2004 2848 2233 2908 ufficiale.....
2277 2852 2291 2912 E
2339 2852 2483 2912 avendo

1526 2888 1550 2948 lo
1585 2889 1708 2949 stesso
1743 2891 1890 2951 critico,
1915 2897 1969 2957 più
1999 2897 2122 2957 tardi,
2137 2900 2231 2960 fatto
2256 2900 2388 2960 notare
2418 2902 2486 2962 allo

1524 2938 1697 2998 scrittore
1735 2941 1795 3001 che
1838 2944 1983 3004 oramai
2017 2947 2091 3007 egli
2124 2947 2218 3007 s'era
2260 2948 2410 3008 esposto
2453 2951 2494 3011 al

1525 2986 1653 3046 rischio
1688 2989 1727 3049 di
1752 2990 1820 3050 non
1856 2995 2003 3055 vedersi
2034 2997 2255 3057 ricambiato
2295 2998 2324 3058 il
2349 3000 2491 3060 saluto,

1522 3037 1728 3097 Schnitzler
1759 3043 1925 3103 replicò:
1956 3043 1971 3103 “
1992 3043 2026 3103 Il
2057 3045 2117 3105 suo
2158 3046 2284 3106 timore
2320 3049 2385 3109 che
2416 3049 2481 3109 ora

1524 3085 1555 3145 ci
1578 3088 1740 3148 possano
1778 3091 1900 3151 essere
1932 3094 2086 3154 persone
2127 3097 2154 3157 le
2195 3097 2304 3157 quali
2336 3097 2404 3157 non
2441 3095 2485 3155 ri¬

1524 3135 1716 3195 spondan»
1745 3138 1783 3198 al
1812 3139 1875 3199 mio
1909 3144 2028 3204 saluto
2063 3144 2076 3204 è
2115 3144 2331 3204 infondato.
2366 3147 2403 3207 lo
2447 3147 2480 3207 so

1521 3185 1712 3245 benissimo
1747 3189 1762 3249 a
1797 3189 1860 3249 chi
1885 3192 1997 3252 debba
2037 3194 2096 3254 far
2126 3195 2268 3255 l’onore
2308 3195 2351 3255 di
2381 3198 2484 3258 salu¬

1526 3233 1599 3293 tare
1636 3237 1700 3297 per
1733 3240 1848 3300 primo
1872 3243 1908 3303 „.

1568 3332 1615 3392 La
1664 3335 1893 3395 produzione
1937 3341 2128 3401 letteraria
2176 3339 2190 3399 e
2238 3341 2401 3401 teatrale
2444 3342 2487 3402 di

1522 3382 1728 3442 Schnitzler
1763 3384 1777 3444 è
1807 3389 2042 3449 vastissima:
2077 3392 2337 3452 settantenne,
2357 3393 2435 3453 egli
2460 3392 2474 3452 è

1514 3431 1625 3491 morto
1655 3434 1799 3494 avendo
1829 3439 2003 3499 lavorato
2037 3440 2148 3500 quasi
2177 3440 2245 3500 sino
2284 3443 2477 3503 all'ultimo

1520 3481 1696 3541 momento
1733 3485 1828 3545 della
1864 3487 1923 3547 sva
1955 3490 2050 3550 vita.
2083 3491 2127 3551 La
2169 3491 2395 3551 segretaria,
2418 3492 2481 3552 ar¬

1517 3529 1666 3589 rivando
1700 3532 1829 3592 all’ora
1868 3536 1992 3596 solita,
2012 3539 2079 3599 l’ha
2108 3538 2199 3598 visto
2228 3541 2386 3601 esanime
2416 3539 2477 3599 da¬

1515 3577 1620 3637 vanti
1640 3580 1712 3640 alla
1741 3583 1943 3643 scrivania.
1963 3588 2034 3648 Nei
2059 3589 2217 3649 cassetti
2242 3589 2284 3649 ha
2319 3590 2472 3650 lasciato

1520 3630 1554 3690 un
1600 3630 1741 3690 diario,
1772 3634 1892 3694 chiuso
1933 3637 1998 3697 nel
2034 3638 2139 3698 1899,
2171 3638 2210 3698 da
2256 3640 2472 3700 pubblicare

1521 3679 1655 3739 appena
1694 3681 1746 3741 fra
1781 3685 1987 3745 vent’anni,
2012 3688 2049 3748 un
2088 3688 2203 3748 altro,
2228 3688 2294 3748 del
2324 3688 2477 3748 periodo

1508 3726 1738 3786 successivo,
1767 3732 1809 3792 da
1852 3735 2068 3795 pubblicare
2111 3735 2162 3795 fra
2205 3738 2482 3798 quarant'anni

1519 3777 1543 3837 (e
1577 3776 1758 3836 nessuno,
1773 3780 1835 3840 nel
1860 3786 2084 3846 frattempo,
2104 3786 2190 3846 avrà
2224 3786 2252 3846 il
2277 3786 2368 3846 dirit
2392 3786 2406 3846 o
2440 3786 2478 3846 di

1514 3825 1703 3885 leggerli),
1720 3833 2050 3893 un’autobiografia
2083 3834 2143 3894 che
2170 3834 2256 3894 deve
2284 3834 2468 3894 anch’essa

1515 3873 1625 3933 veder
1647 3875 1673 3935 la
1700 3877 1773 3937 luce
1795 3882 1937 3942 appena
1964 3885 2017 3945 fra
2044 3885 2197 3945 quattro
2224 3882 2350 3942 lustri,
2366 3885 2471 3945 scene

1514 3920 1546 3980 di
1574 3923 1616 3983 un
1649 3927 1812 3987 dramma
1850 3931 1915 3991 del
1937 3934 2055 3994 tempo
2083 3933 2148 3993 dei
2165 3935 2484 3995 lanzichenecchi,

1512 3971 1573 4031 una
1615 3977 1821 4037 commedia
1858 3980 1930 4040 dal
1957 3983 2064 4043 titolo
2112 3983 2158 4043 La
2199 3983 2334 4043 parola,
2365 3983 2478 4043 brani

1512 4022 1586 4082 d’un
1622 4028 1819 4088 romanzo,
1845 4032 1955 4092 molte
1976 4034 2142 4094 novelle,
2163 4034 2289 4094 scritte
2324 4034 2349 4094 in
2385 4032 2475 4092 epo¬

2604 142 2618 202 p
2780 151 2842 211 nure
2857 151 2884 211 rr
2906 151 2934 211 n
2984 154 3039 214 er
3082 159 3215 219 roa

2590 193 2723 253 diretta
2757 199 3025 259 dell'interesse
3055 206 3111 266 che
3141 207 3202 267 per
3227 211 3255 271 il
3274 213 3370 273 perie

2590 241 2744 301 nutrito.
2772 246 2903 306 Anatol
2926 248 2939 308 è
2971 249 3002 309 la
3039 255 3234 315 commedia
3271 259 3334 319 del

2585 291 2730 351 scapolo
2758 294 2926 354 viennese
2949 301 3203 361 (personaggio
3231 309 3376 369 stritolą

2584 336 2670 396 crisi
2688 342 2921 402 economica)
2939 347 3000 407 che
3026 348 3086 408 con
3117 354 3247 414 somma
3277 356 3367 416 facil

2585 386 2699 446 donne
2735 391 2903 451 disposte
2943 394 2956 454 a
3001 398 3253 458 contemplare
3297 404 3323 464 la

2582 435 2665 495 pari
2706 442 2927 502 ottimismo,
2958 443 2997 503 un
3038 446 3223 506 gaudente
3272 452 3334 512 per

2582 482 2607 542 la
2647 488 2767 548 vigilia
2802 488 2866 548 del
2897 493 3127 553 matrimonio
3162 497 3177 557 è
3212 500 3341 560 giorno

2585 534 2752 594 metterlo
2796 540 2882 600 oggi
2916 540 2944 600 in
2983 542 3088 602 scena
3132 548 3294 608 significa
3338 550 3352 610 a

2611 583 2731 643 rischi
2755 585 2822 645 che
2856 589 3020 649 gravano
3054 592 3146 652 sulle
3175 598 3377 658 commedie

2580 631 2660 691 tura
2704 634 2768 694 non
2813 637 2958 697 recente
2995 638 3007 698 e
3039 640 3103 700 non
3140 645 3277 705 ancora
3313 646 3377 706 abl

2577 682 2722 742 antica.
2748 686 3021 746 Problematici
3051 691 3162 751 sono,
3183 694 3279 754 della
3319 696 3379 756 pro

2580 733 2743 793 teatrale
2775 735 2838 795 del
2865 736 3039 796 defunto,
3066 741 3187 801 Reigen
3230 745 3356 805 (Ballo

2578 780 2683 840 chio)
2723 781 2739 841 e
2784 783 2817 843 Il
2857 786 3024 846 professor
3063 789 3269 849 Bernbardi,
3303 792 3364 852 lad

2576 828 2699 888 hanno
2734 834 2916 894 ambienti
2941 837 3074 897 affatto
3109 840 3315 900 differenti.

2623 881 2775 941 Reigen,
2791 885 2909 945 ch'era
2939 888 3066 948 pronto
3096 891 3135 951 da
3165 894 3307 954 tempo,
3323 895 3362 955 ve

2572 932 2791 992 presentato
2829 935 2865 995 ai
2889 939 3183 999 Kammerspiele
3211 942 3360 1002 viennes

2571 980 2632 1040 nel
2664 982 2771 1042 1920,
2798 983 2875 1043 cioè
2912 984 2927 1044 a
2969 986 3046 1046 dire
3088 992 3372 1052 nell'immediat

2575 1028 2737 1088 guerra:
2762 1031 2790 1091 in
2824 1034 2939 1094 verità
2978 1037 3001 1097 in
3040 1037 3289 1097 nessun'altra
3323 1045 3361 1105 ep

2569 1079 2677 1139 simile
2715 1082 3072 1142 rappresentazione
3106 1088 3270 1148 avrebbe
3313 1091 3378 1151 pot

2570 1127 2653 1187 sere
2687 1130 2864 1190 tollerata
2907 1131 2921 1191 e
2963 1132 3028 1192 del
3062 1136 3160 1196 resto
3202 1139 3319 1199 anche

2580 1174 2588 1234 -
2649 1178 2848 1238 corrotta,
2879 1180 2891 1240 e
2935 1183 3230 1243 caratterizzata
3274 1186 3316 1246 da

2569 1225 2730 1285 teatrali
2760 1231 3054 1291 rivoluzionarie
3090 1233 3190 1293 sotto
3231 1237 3367 1297 l'aspet

2570 1275 2661 1335 come
2695 1276 2796 1336 sotto
2826 1278 2849 1338 il
2869 1279 3019 1339 politico
3048 1280 3062 1340 —
3111 1282 3139 1342 le
3164 1284 3265 1344 dieci
3289 1285 3371 1345 scer

2568 1324 2702 1384 tarono
2731 1328 2838 1388 aspre
2861 1330 3089 1390 vivacissime
3118 1333 3290 1393 critiche.
3314 1336 3355 1396 Sc

2563 1374 2721 1434 dicono,
2741 1377 2810 1437 non
2845 1377 2977 1437 voleva
3013 1380 3042 1440 la
3077 1380 3220 1440 recita:
3250 1380 3264 1440 e
3304 1383 3373 1443 allq

2569 1421 2664 1481 dieci
2689 1424 2799 1484 scene
2830 1426 2915 1486 sono
2951 1427 2991 1487 di
3011 1428 3071 1488 una
3107 1428 3177 1488 tale
3213 1433 3373 1493 brutalit

2563 1470 2639 1530 tale
2668 1475 2846 1535 verismo,
2861 1476 2922 1536 nel
2942 1478 3167 1538 raffigurare
3192 1479 3325 1539 quanto
3355 1485 3383 1545 il

2564 1518 2578 1578 è
2604 1521 2774 1581 ipocrisia
2810 1524 2825 1584 o
2861 1524 3032 1584 reazione
3058 1527 3289 1587 disgustosa,
3304 1532 3369 1592 che

2564 1568 2626 1628 riti
2646 1568 2713 1628 non
2742 1571 2949 1631 deformati
2969 1573 3065 1633 dailo
3095 1577 3315 1637 scetticismo

2569 1616 2737 1676 debbono
2773 1619 2836 1679 per
2872 1622 2970 1682 forza
2999 1624 3217 1684 rigettarle.
3239 1625 3288 1685 Lo
3324 1628 3372 1688 So

2567 1664 2606 1724 di
2627 1667 2838 1727 trent'anni
2864 1670 3060 1730 addietro,
3081 1673 3216 1733 autore
3252 1676 3292 1736 di
3317 1676 3382 1736 Rel

2566 1715 2679 1775 messo
2719 1717 2787 1777 alla
2822 1718 2915 1778 testa
2955 1721 3019 1781 del
3044 1724 3181 1784 gruppo
3211 1724 3382 1784 ebraicol

2569 1763 2628 1823 fico
2669 1764 2735 1824 nel
2771 1765 2882 1825 quale
2923 1765 2953 1825 si
2989 1768 3221 1828 classificano
3273 1771 3363 1831 Wei

2569 1810 2715 1870 Freud:
2731 1813 2771 1873 un
2803 1815 2863 1875 suo
2894 1816 3041 1876 critico,
3057 1819 3081 1879 il
3102 1819 3275 1879 Körner,
3296 1822 3361 1882 acu

2564 1861 2719 1921 osserva
2750 1864 2816 1924 che
2851 1865 3063 1925 nell’ultima
3099 1868 3245 1928 decade
3276 1870 3371 1930 delle

2564 1909 2682 1969 secolo
2719 1911 2749 1971 si
2776 1912 2916 1972 ebbero
2952 1915 2983 1975 in
3025 1918 3180 1978 Austria
3222 1919 3253 1979 la
3300 1921 3366 1981 pod

2565 1958 2662 2018 suale
2704 1959 2745 2019 di
2777 1962 3008 2022 Schnitzler,
3035 1965 3060 2025 la
3102 1965 3261 2025 filososia
3298 1968 3354 2028 ses

2575 2009 2786 2069 Weininger
2819 2013 2834 2073 e
2867 2013 2898 2073 la
2931 2013 3089 2073 biologia
3127 2016 3291 2076 sessuale
3324 2016 3360 2076 di

2564 2057 2700 2117 sempre
2736 2061 2745 2121 e
2781 2061 2821 2121 da
2847 2061 2912 2121 per
2938 2064 3054 2124 tutto,
3075 2064 3146 2124 egli
3166 2067 3358 2127 aggiunge,

2552 2106 2629 2166 sivo
2671 2109 2688 2169 o
2730 2112 2917 2172 esclusivo
2963 2112 3142 2172 interesse
3188 2115 3256 2175 per
3298 2112 3311 2172 i

2559 2156 2692 2216 erotici
2717 2156 2731 2216 e
2766 2159 2929 2219 sessuali
2949 2160 2959 2220 è
2984 2162 3082 2222 stato
3117 2162 3147 2222 la
3182 2162 3373 2222 caratteri

2555 2204 2673 2264 tempi
2699 2208 2728 2268 in
2763 2210 2827 2270 cui
2847 2210 2881 2270 la
2921 2210 3069 2270 politica
3109 2210 3173 2270 era
3213 2213 3355 2273 morta.

2556 2255 2667 2315 fesoor
2712 2258 2916 2318 Bernbardi,
2945 2258 3096 2318 invece,
3131 2261 3262 2321 scritto
3316 2261 3354 2321 ne

2554 2303 2623 2363 alla
2659 2306 2780 2366 vigilia
2816 2308 2911 2368 della
2942 2309 3092 2369 guerra,
3113 2310 3188 2370 fece
3214 2312 3359 2372 rumore

2554 2350 2577 2410 in
2615 2352 2694 2412 esso
2727 2355 2769 2415 un
2807 2356 2942 2416 medico
2985 2359 3115 2419 ebreo,
3135 2359 3349 2419 nell'intere

2559 2401 2780 2461 l'ammalato
2806 2407 2935 2467 ignaro
2962 2407 3054 2467 della
3081 2410 3282 2470 probabile
3308 2410 3369 2470 fin¬

2548 2452 2641 2512 disce
2689 2452 2702 2512 a
2745 2453 2787 2513 un
2830 2458 2956 2518 prete,
2980 2458 3163 2518 chiamato
3206 2458 3252 2518 da
3286 2461 3355 2521 una

2556 2502 2589 2562 di
2604 2502 2820 2562 accostarsi
2835 2503 2902 2563 per
2927 2506 3114 2566 impartire
3144 2506 3330 2566 l'estrema

2602 2549 2702 2609 Esito
2738 2552 2778 2612 un
2814 2553 2904 2613 poco
2940 2555 2955 2615 a
2986 2556 3208 2616 rispondere
3238 2557 3279 2617 al
3304 2559 3349 2619 qu

2554 2598 2609 2658 nel
2640 2600 2821 2660 Professor
2852 2604 3060 2664 Bernbardi,
3075 2604 3090 2664 e
3121 2604 3146 2664 in
3177 2607 3267 2667 altri
3288 2607 3348 2667 suo

2549 2648 2760 2708 Schnitzler
2791 2652 2901 2712 abbia
2937 2655 3078 2715 sempre
3115 2655 3351 2715 benignamen

2552 2697 2623 2757 tato
2660 2698 2690 2758 la
2727 2700 2845 2760 classe
2876 2703 3015 2763 media,
3042 2703 3139 2763 dalla
3170 2706 3283 2766 quale
3320 2706 3345 2766 li

2553 2745 2705 2805 veniva:
2722 2747 2749 2807 il
2771 2750 2901 2810 dottor
2928 2750 3113 2810 Fridolin,
3124 2753 3222 2813 della
3255 2754 3336 2814 Trau

2548 2795 2677 2855 marito
2711 2798 2826 2858 quasi
2850 2800 2979 2860 ottimo
3014 2801 3176 2861 travolto
3220 2802 3248 2862 in
3287 2803 3344 2863 fan

2548 2845 2776 2905 avventure,
2808 2849 2922 2909 lascia
2968 2849 3136 2909 davvero
3188 2852 3356 2912 sospette

2551 2896 2757 2956 Schnitzler
2789 2897 2897 2957 abbia
2934 2900 3058 2960 voluto
3095 2902 3296 2962 attribuire
3328 2901 3343 2961 a

2549 2942 2608 3002 una
2644 2946 2786 3006 doppia
2827 2947 2983 3007 natura,
3009 2947 3049 3007 di
3080 2949 3141 3009 cui
3167 2950 3196 3010 la
3232 2953 3348 3013 prima

2544 2992 2600 3052 sul
2632 2992 2741 3052 senso
2784 2995 2851 3055 del
2888 2998 3050 3058 dovere,
3071 2998 3196 3058 l'altra
3244 3001 3353 3061 sull'i

2544 3043 2679 3103 godere
2712 3043 2749 3103 ed
2792 3044 2806 3104 a
2839 3046 2965 3106 vivere
2998 3046 3026 3106 in
3064 3049 3228 3109 maniera
3271 3052 3354 3112 egoc

2545 3091 2574 3151 se
2605 3093 2673 3153 non
2713 3095 2910 3155 egoistica,
2935 3098 3102 3158 appunto
3142 3098 3280 3158 perché
3325 3100 3353 3160 le

2542 3141 2682 3201 l'uomo
2715 3141 2780 3201 non
2817 3144 2929 3204 sono,
2953 3144 3018 3204 per
3047 3145 3074 3205 il
3112 3147 3275 3207 medico,
3299 3149 3359 3209 mit

2539 3189 2751 3249 Schnitzler
2788 3193 2971 3253 letterato
3018 3192 3052 3252 si
3088 3197 3302 3257 rispecchia

2541 3240 2676 3300 istante
2707 3240 2738 3300 in
2770 3243 2983 3303 Schnitzler
3009 3244 3175 3304 medico:
3197 3246 3222 3306 la
3254 3249 3347 3309 dupl

2544 3288 2598 3348 lità
2643 3288 2687 3348 ha
2722 3291 2909 3351 conferito
2944 3293 2983 3353 al
3019 3293 3077 3353 suo
3112 3296 3215 3356 abito
3251 3297 3353 3357 ment

2539 3336 2614 3396 cosi
2642 3338 2806 3398 spiccata
2844 3341 3031 3401 impronta
3064 3344 3129 3404 che
3162 3344 3312 3404 Arthur

2544 3384 2591 3444 ler
2630 3385 2663 3445 il
2697 3389 2831 3449 quale,
2865 3391 2932 3451 nel
2966 3392 3214 3452 testamento,
3248 3395 3353 3455 dome

2535 3433 2633 3493 esser
2667 3436 2774 3496 ferito
2813 3440 2850 3500 al
2879 3440 2991 3500 cuore
3024 3442 3118 3502 dopo
3147 3443 3174 3503 la
3203 3446 3344 3506 morte,

2543 3482 2564 3542 la
2598 3486 2716 3546 figara
2755 3488 2820 3548 del
2842 3488 2972 3548 dottor
3010 3491 3200 3551 Fridolin,
3222 3494 3319 3554 nella

2535 3533 2678 3593 nocelle,
2703 3537 2740 3597 al
2765 3535 2937 3595 cospetto
2981 3538 3048 3598 del
3072 3540 3263 3600 cadavere
3302 3543 3340 3603 de

2543 3583 2646 3643 gliere
2666 3585 2675 3645 :
2735 3586 2871 3646 ....Che
2916 3586 2980 3646 non
3025 3589 3127 3649 senta
3172 3592 3304 3652 tutto?

2539 3632 2611 3692 Che
2645 3632 2697 3692 sia
2732 3634 2852 3694 morto
2886 3638 3049 3698 soltanto
3084 3638 3112 3698 in
3151 3643 3343 3703 apparenz

2538 3679 2547 3739 è
2579 3682 2682 3742 forse
2713 3685 2894 3745 possibile
2936 3688 2998 3748 che
3029 3688 3127 3748 tutti
3149 3690 3205 3750 gli
3231 3691 3349 3751 uomir

2539 3729 2646 3789 prime
2689 3732 2749 3792 ore
2792 3733 2890 3793 dopo
2923 3735 2951 3795 il
2979 3738 3180 3798 trapasso,
3204 3740 3302 3800 siano

2533 3780 2867 3840 apparentemente
2904 3786 3106 3846 morti?....

2584 3829 2668 3889 Egli
2690 3831 2828 3891 temeva
2860 3832 2897 3892 di
2919 3834 2993 3894 fare
3020 3834 3051 3894 di
3073 3835 3232 3895 persona
3260 3837 3344 3897 l'esj

2535 3877 2597 3937 che
2626 3879 2817 3939 nemmeno
2851 3882 2884 3942 la
2918 3885 3032 3945 morte
3066 3883 3080 3943 è
3114 3884 3185 3944 una
3248 3886 3338 3946 real

2532 3926 2735 3986 lutamente
2776 3929 2876 3989 reale
2899 3933 2930 3993 „,
2958 3932 3034 3992 cosi
3066 3932 3166 3992 come
3202 3935 3265 3995 non
3302 3935 3315 3995 c

2559 3977 2623 4037 che
2658 3977 2711 4037 sia
2742 3980 2855 4040 sogno
2890 3980 3057 4040 soltanto
3078 3985 3111 4045 „.

3043 4043 3162 4103 ITALO
3195 4046 3320 4106 ZINGA
