3484 4256
294 258 410 318 12.

470 265 913 325 Schnitzle

1030 265 1068 325 s
1137 270 1359 330 Death

1576 270 1711 330 box
1784 277 1975 337 42/7

1069 858 2206 918 METROPOL-GESELLSCHAF

1479 924 1522 984 E.
1545 927 1711 987 Matthes
1750 927 1763 987 &
1800 929 1879 989 Co.

1107 980 1821 1040 BERLIN-CHARLOTTENBURG
1861 986 1907 1046 2,
1931 988 2156 1048 Uhlandstr.
2172 987 2233 1047 184

1411 1028 1570 1088 Teleton:
1590 1031 1637 1091 J1
1662 1031 1835 1091 Blemarok
1870 1031 1932 1091 sa0

982 1100 1340 1160 Abtellung:
1376 1105 2345 1165 Zeltungs-Ausschnitt-Bureau

876 1319 1104 1379 Zeitung:
1238 1310 1829 1370 Hannoversches
1891 1314 2227 1374 Tageblatt

1612 1449 1975 1509 Hannover

876 1458 1336 1518 Erschelnungsort:

2232 1476 2348 1536 ..

1104 1610 1271 1670 Datum:

1629 1619 2010 1679 22.10.1931

963 1901 1108 1961 Wien,
1153 1905 1201 1965 21.
1231 1905 1376 1965 Oktober.
1421 1908 1484 1968 Der
1538 1908 1659 1968 Dichter

1713 1908 1747 1968 um
1798 1911 1863 1971 auch
1904 1911 1928 1971 in
1969 1911 2190 1971 „Fräulein
2231 1913 2346 1973 Else“
2392 1914 2447 1974 und
2483 1916 2628 1976 „Spiel

911 1943 1027 2003 Arthur
1056 1944 1216 2004 Schnitzler
1249 1947 1286 2007 ist
1314 1947 1399 2007 heute
1432 1947 1464 2007 um
1517 1950 1563 2010 ½7
1597 1950 1657 2010 Uhr

1715 1950 1741 2010 im
1787 1953 2161 2013 Morgengrauen“
2189 1953 2261 2013 nicht
2285 1955 2490 2015 aufzuhören.
2532 1956 2631 2016 Dabei

906 1985 1020 2045 abends
1047 1986 1129 2046 einem
1171 1989 1389 2049 Schlaganfall
1408 1990 1540 2050 erlegen.

1716 1992 1770 2052 sind
1807 1995 1892 2055 große
1925 1994 2179 2054 Leidenschaften,
2224 1995 2333 2055 brutal
2365 1998 2627 2058 durchbrechendes

1710 2034 1836 2094 Gefühl,
1860 2034 1982 2094 heroisch
2011 2034 2156 2094 Liebende
2190 2035 2264 2095 nicht
2293 2037 2368 2097 seine
2401 2038 2509 2098 Sache.
2552 2040 2612 2100 Ihm

795 2061 914 2121 Wieder
943 2064 976 2124 ist
1000 2064 1062 2124 eine
1091 2064 1191 2124 Säule
1220 2067 1268 2127 des
1297 2067 1440 2127 deutschen
1474 2070 1650 2130 Naturalis¬

1710 2074 1776 2134 geht
1803 2073 1833 2133 es
1869 2075 2010 2135 vielmehr
2043 2076 2077 2136 um
2127 2076 2170 2136 die
2202 2076 2312 2136 stillen,
2340 2079 2472 2139 kleinen,
2499 2078 2632 2138 bedacht¬

737 2102 822 2162 mus,
840 2102 921 2162 jener
943 2103 1136 2163 literarischen
1166 2105 1217 2165 und
1244 2108 1376 2168 geistigen
1407 2110 1591 2170 Bewegung,
1609 2111 1647 2171 die

1710 2114 1825 2174 samen,
1847 2114 2024 2174 alltäglichen
2060 2114 2211 2174 Genüsse,
2234 2117 2410 2177 Schmerzen
2446 2118 2503 2178 und
2531 2119 2628 2179 Freu¬

737 2139 785 2199 den
816 2144 984 2204 Uebergang
1012 2144 1060 2204 vom
1100 2144 1149 2204 19.
1167 2146 1211 2206 ins
1233 2147 1282 2207 20.
1300 2147 1512 2207 Jahrhundert
1535 2150 1654 2210 vollzog,

1710 2153 1752 2213 den
1796 2155 1843 2215 der
1878 2154 1981 2214 Liebe,
2012 2156 2045 2216 um
2094 2156 2136 2216 die
2171 2159 2352 2219 Gestaltung
2391 2159 2438 2219 der
2473 2159 2624 2219 unendlich

737 2180 793 2240 und
815 2180 857 2240 sich
884 2183 909 2243 in
936 2183 1047 2243 Namen
1074 2183 1125 2243 wie
1148 2184 1285 2244 Gerhart
1303 2189 1518 2249 Hauptmann,
1532 2189 1652 2249 Richarl

1714 2194 1802 2254 feinen
1838 2195 2099 2255 Zwischenstufen,
2144 2196 2184 2256 um
2251 2198 2299 2258 die
2336 2201 2619 2261 Sichtbarmachung

742 2219 878 2279 Dehmel,
896 2222 973 2282 Arno
996 2223 1087 2283 Holz,
1101 2225 1173 2285 Otto
1197 2225 1273 2285 Erich
1296 2228 1478 2288 Hartleben,
1492 2228 1650 2288 Johannes

1708 2234 1819 2294 kleiner
1868 2234 1923 2294 und
1976 2237 2104 2297 kleinster
2139 2240 2354 2300 Erregungen,
2394 2243 2626 2303 Traurigkeiten

738 2261 851 2321 Schlaf,
874 2262 947 2322 Max
975 2264 1089 2324 Halbe,
1113 2264 1222 2324 Kretzer
1254 2267 1332 2327 usw.
1355 2267 1583 2327 repräsentiert,
1607 2266 1652 2326 ge¬

1709 2276 1766 2336 und
1793 2279 2004 2339 Süßigkeiten.
2036 2279 2097 2339 Alle
2124 2279 2194 2339 diese
2221 2280 2393 2340 unzähligen
2425 2283 2618 2343 Situationen

734 2299 871 2359 brochen.
911 2302 976 2362 Den
1012 2302 1069 2362 nun
1105 2302 1175 2362 schon
1211 2305 1387 2365 zahlreichen
1419 2305 1507 2365 Toten
1560 2308 1652 2368 dieser

1709 2314 1796 2374 aber,
1823 2317 1849 2377 in
1886 2317 1974 2377 denen
2010 2317 2036 2377 er
2072 2317 2146 2377 seine
2183 2320 2337 2380 Menschen
2377 2323 2399 2383 in
2439 2323 2523 2383 Liebe
2559 2324 2625 2384 oder

737 2338 918 2398 Generation
955 2340 986 2400 ist
1014 2341 1073 2401 nun
1110 2341 1173 2401 auch
1205 2344 1318 2404 Arthur
1346 2344 1505 2404 Schnitzler
1532 2347 1645 2407 gefolgt

1703 2356 1783 2416 Haß,
1814 2356 1836 2416 in
1877 2359 2059 2419 Sympathie
2095 2359 2166 2419 oder
2202 2362 2380 2422 Antipathie
2430 2365 2625 2425 zusammen¬

1708 2398 1800 2458 führt,
1828 2398 1894 2458 oder
1930 2398 1952 2458 in
1988 2400 2072 2460 denen
2108 2401 2138 2461 er
2161 2401 2201 2461 sie
2233 2401 2303 2461 über
2335 2403 2383 2463 den
2419 2404 2499 2464 Eros
2531 2406 2628 2466 philo¬

796 2398 855 2458 Aus
882 2398 932 2458 der
955 2401 1123 2461 Opposition
1155 2403 1241 2463 gegen
1273 2404 1449 2464 Romantik,
1468 2407 1645 2467 Sentimen¬

730 2437 849 2497 talität,
867 2440 1049 2500 Erstarrung
1076 2441 1124 2501 der
1151 2443 1341 2503 dichterischen
1369 2445 1470 2505 Form,
1489 2446 1648 2506 dekorative

1708 2440 1853 2500 sophieren
1890 2441 1967 2501 läßt,
1990 2441 2045 2501 sind
2077 2443 2246 2503 übergossen
2283 2446 2337 2506 mit
2370 2446 2447 2506 einem
2493 2446 2625 2506 Schleier

1703 2478 1844 2538 zartester
1876 2480 2013 2540 Skepsis,
2050 2481 2346 2541 liebenswürdigster
2378 2484 2510 2544 Ironie,
2547 2485 2624 2545 weh¬

732 2478 859 2538 Historik
882 2478 936 2538 und
959 2481 1122 2541 verstaubte
1145 2484 1285 2544 Aesthetik
1304 2484 1394 2544 wuchs
1417 2484 1475 2544 ihre
1499 2487 1648 2547 Leistung.

732 2517 775 2577 Es
802 2517 859 2577 war
886 2520 926 2580 ein
957 2520 1063 2580 großes
1090 2523 1302 2583 Aufräumen.
1338 2525 1461 2585 Soziale
1489 2526 1643 2586 Probleme

1707 2520 1837 2580 mütiger
1861 2520 2019 2580 Weichheit
2066 2523 2121 2583 und
2174 2524 2262 2584 füßer
2313 2526 2625 2586 Schmerzhaftigkeit.

729 2556 849 2616 wurden
889 2559 940 2619 zum
988 2559 1156 2619 erstenmal
1178 2562 1285 2622 Thema
1316 2562 1363 2622 der
1394 2562 1553 2622 Dichtung.
1592 2563 1635 2623 Na

1703 2559 1777 2619 Seit
1804 2562 1963 2622 Schnitzler
2012 2562 2047 2622 ist
2096 2563 2157 2623 noch
2211 2565 2352 2625 niemand
2401 2566 2511 2626 wieder
2551 2567 2621 2627 auf¬

728 2598 1042 2658 turwissenschaftliche
1077 2601 1280 2661 Erkenntnisse
1316 2604 1369 2664 und
1404 2604 1444 2664 die
1475 2605 1643 2665 materiali¬

1702 2601 1877 2661 gestanden,
1899 2604 1951 2664 der
1981 2604 2109 2664 erotische
2136 2604 2256 2664 Szenen
2290 2605 2346 2665 und
2376 2607 2535 2667 Probleme
2570 2610 2625 2670 mit

730 2640 839 2700 stischen
866 2640 1039 2700 Tendenzen
1066 2640 1111 2700 der
1135 2645 1320 2705 Philosophie
1344 2646 1425 2706 jener
1448 2646 1543 2706 Jahre
1566 2645 1629 2705 wur

1708 2640 1805 2700 solchem
1853 2644 1993 2704 Scharm,
2017 2646 2072 2706 mit
2096 2646 2204 2706 solcher
2232 2649 2358 2709 Grazie,
2386 2649 2442 2709 mit
2471 2652 2536 2712 solch
2565 2649 2620 2709 an¬

730 2676 778 2736 den
809 2680 928 2740 begierig
955 2683 1152 2743 aufgegriffen
1179 2684 1236 2744 und
1259 2684 1311 2744 aus
1334 2684 1417 2744 ihnen
1444 2684 1518 2744 neue
1536 2686 1628 2746 Kunst

1702 2681 1879 2741 mutsvoller
1928 2684 2070 2744 Realität
2115 2689 2252 2749 gestalten
2310 2690 2412 2750 konnte
2461 2691 2523 2751 und
2572 2691 2621 2751 ge¬

724 2722 826 2782 gesetze
855 2720 1014 2780 gefolgert.
1052 2723 1202 2783 Während
1235 2726 1276 2786 die
1305 2726 1539 2786 reichsdeutschen
1572 2726 1647 2786 Ver¬

1705 2724 1805 2784 staltet
1836 2726 1901 2786 hat.

728 2758 818 2818 treter
851 2760 941 2820 dieser
969 2762 1114 2822 Richtung
1169 2765 1396 2825 revolutionär,
1438 2767 1647 2827 anklägerisch,

1752 2787 1814 2847 Vor
1848 2792 1920 2852 allem
1964 2795 1988 2855 in
2022 2795 2118 2855 seinen
2152 2797 2291 2857 Nodellen
2345 2799 2402 2859 hat
2427 2799 2460 2859 er
2513 2803 2614 2863 höchste

725 2801 848 2861 agressiv
880 2801 966 2861 gegen
1004 2801 1113 2861 Staat,
1136 2805 1328 2865 Gesellschaft
1360 2805 1415 2865 und
1447 2806 1552 2866 Moral
1580 2805 1643 2865 auf¬

1703 2831 1913 2891 Meisterschaft
1936 2831 2069 2891 erreicht.
2098 2834 2138 2894 Im
2175 2837 2303 2897 Grunde
2327 2838 2501 2898 genommen
2534 2840 2606 2900 bleib

730 2840 844 2900 traten,
875 2840 950 2900 blieb
985 2843 1034 2903 der
1070 2846 1285 2906 Oesterreicher
1321 2847 1480 2907 Schnitzler
1511 2846 1643 2906 liebens¬

1700 2869 1731 2929 er
1759 2872 1827 2932 auch
1868 2872 1891 2932 in
1932 2872 2022 2932 seinen
2059 2877 2268 2937 dramatischen
2305 2881 2423 2941 Werken
2469 2882 2623 2942 Novellist.

733 2881 860 2941 würdig,
883 2881 975 2941 heiter
1007 2882 1064 2942 und
1095 2884 1165 2944 ohne
1197 2887 1519 2947 weltumstürzlerische
1551 2886 1630 2946 Geste

1699 2907 1760 2967 Die
1790 2913 1909 2973 Novelle
1938 2912 1972 2972 ist
2001 2915 2048 2975 für
2078 2915 2121 2975 ihn
2159 2918 2202 2978 die
2232 2920 2322 2980 einzig
2351 2922 2485 2982 mögliche
2515 2925 2620 2985 Form,

729 2917 774 2977 Er
796 2920 841 2980 hat
866 2920 995 2980 niemals
1020 2923 1069 2983 sein
1099 2923 1273 2983 Wienertum
1311 2926 1481 2986 verleugnet
1502 2926 1556 2986 und
1581 2924 1643 2984 ver¬

1693 2950 1720 3010 in
1756 2951 1804 3011 der
1836 2953 1880 3013 die
1912 2956 2050 3016 Zartheit
2077 2957 2175 3017 seiner
2206 2961 2554 3021 Stimmungsmalerei,
2577 2965 2616 3025 die

724 2962 849 3022 leugnen
879 2962 1004 3022 können.
1042 2965 1109 3025 Nur
1135 2965 1218 3025 selten
1248 2965 1256 3025 —
1307 2965 1361 3025 und
1386 2965 1457 3025 dann
1487 2965 1512 3025 in
1541 2967 1641 3027 milde¬

1698 2992 1881 3052 geschliffene
1905 2995 2064 3055 Schönheit
2088 2998 2182 3058 seiner
2206 2999 2328 3059 Skepsis
2357 3001 2412 3061 und
2441 3002 2483 3062 die
2507 3004 2619 3064 heitere

725 3001 773 3061 rer
804 3002 884 3062 Form
928 3004 977 3064 als
1013 3004 1061 3064 bei
1088 3004 1137 3064 den
1178 3005 1314 3065 Dichtern
1350 3007 1398 3067 des
1435 3007 1572 3067 Nordens
1603 3005 1616 3065 -

1694 3031 1830 3091 Haltung
1867 3037 1967 3097 seiner
1999 3038 2195 3098 Traurigkeit
2228 3040 2310 3100 letzte
2347 3043 2405 3103 und
2442 3046 2611 3106 endgültige

730 3043 843 3103 tauchen
871 3045 897 3105 z.
916 3043 956 3103 B.
975 3043 1020 3103 bei
1038 3046 1083 3106 ihm
1120 3046 1224 3106 soziale
1247 3046 1410 3106 Probleme
1433 3049 1496 3109 auf.
1533 3048 1641 3108 Ueber¬

1696 3072 1775 3132 Form
1819 3075 1934 3135 werden
1974 3075 2089 3135 konnte.
2133 3081 2230 3141 Seine
2257 3084 2429 3144 Erzählung
2470 3086 2615 3146 „Ster¬

724 3083 822 3143 haupt
853 3081 904 3141 vom
952 3084 1102 3144 gesamten
1141 3087 1373 3147 Ideenkomplex
1408 3087 1454 3147 des
1494 3087 1635 3147 deutschen

1694 3114 1807 3174 ben",
1830 3115 1948 3175 manche
1976 3119 2113 3179 Novellen
2150 3121 2204 3181 aus
2236 3123 2282 3183 den
2319 3125 2510 3185 „Masken
2542 3126 2615 3186 und

728 3123 961 3183 Naturalismus
993 3123 1023 3183 ist
1051 3126 1081 3186 er
1108 3126 1253 3186 inhaltlich
1285 3127 1355 3187 weit
1378 3126 1528 3186 entfernt.
1564 3127 1638 3187 Was

1696 3156 1942 3216 Wundern",
1986 3158 2048 3218 die,
2083 3162 2208 3222 Novelle
2262 3166 2392 3226 „Frau
2446 3168 2610 3228 Bertha

724 3162 771 3222 ihn
802 3162 823 3222 in
853 3162 901 3222 der
927 3165 1108 3225 Hauptsache
1134 3165 1190 3225 mit
1212 3166 1259 3226 den
1290 3168 1492 3228 Naturalisten
1527 3168 1643 3228 verbin¬

1694 3197 1877 3257 Garlan“
1912 3201 1971 3261 sind
2006 3201 2193 3261 Kunstwerke
2224 3206 2382 3266 klassischen
2417 3210 2579 3270 Formats.

718 3202 768 3262 det
787 3204 818 3264 ist
842 3205 914 3265 seine
938 3205 1043 3265 Form.
1080 3207 1143 3267 Der
1167 3207 1281 3267 Aufbau
1314 3207 1405 3267 seiner
1428 3209 1634 3269 dramatischen

730 3243 861 3303 Arbeiten
889 3246 1029 3306 gemahnt
1052 3246 1083 3306 an
1111 3248 1219 3308 Ibsen.
1252 3248 1324 3308 Sein
1352 3248 1419 3308 Stil
1438 3248 1469 3308 ist
1488 3249 1569 3309 einer
1592 3249 1637 3309 der

1751 3252 1810 3312 Von
1842 3257 1937 3317 seinen
1965 3260 2169 3320 dramatischen
2202 3263 2315 3323 Werken
2352 3266 2406 3326 und
2434 3268 2606 3328 zahlreichen

720 3287 922 3347 glänzendsten
957 3287 1013 3347 und
1040 3287 1168 3347 echtesten
1199 3289 1224 3349 im
1264 3290 1501 3350 Naturalismus
1527 3290 1621 3350 gewor

1690 3296 1849 3356 Einaktern
1888 3299 1951 3359 sind
1986 3302 2237 3362 „Liebelei",
2267 3307 2484 3367 „Reigen",
2514 3309 2615 3369 „Der

719 3324 793 3384 oen,
812 3326 869 3386 und
896 3326 922 3386 im
963 3326 1046 3386 tiefen
1082 3329 1343 3389 Zusammenhang
1374 3329 1622 3389 naturalistischen

1695 3338 1864 3398 grüne,
1886 3341 2097 3401 Kakadu",
2151 3347 2411 3407 „Professor
2469 3348 2612 3408 Bern¬

719 3365 786 3425 oder
810 3368 1110 3428 impressionistischem
1150 3371 1338 3431 Weltgefühl
1363 3371 1546 3431 verbunden.

1692 3377 1852 3437 hardi",
1879 3382 1982 3442 „Das
2014 3383 2138 3443 weite
2175 3386 2325 3446 Land",
2352 3392 2455 3452 „Der
2492 3394 2611 3454 Gang

1691 3421 1765 3481 zum
1818 3422 2005 3482 Weiher“
2039 3427 2072 3487 zu
2110 3428 2246 3488 nennen.

773 3425 837 3485 Der
862 3426 1000 3486 stoffliche
1031 3428 1084 3488 und
1114 3428 1228 3488 geistige
1253 3431 1366 3491 Inhalt
1397 3431 1485 3491 seines
1516 3434 1633 3494 Werkel

717 3463 749 3523 ist
773 3466 824 3526 der
853 3466 983 3526 Eros,
1008 3469 1054 3529 die
1078 3469 1223 3529 seelischen
1257 3472 1462 3532 Beziehungen
1500 3475 1626 3535 zwischen

1737 3478 1902 3538 Schnitzler
1937 3481 1972 3541 ist
2002 3481 2102 3541 einer,
2133 3484 2183 3544 der
2219 3487 2273 3547 den
2314 3490 2429 3550 Kampf
2454 3490 2514 3550 mit
2545 3493 2594 3553 dem

714 3503 764 3563 den
796 3508 1028 3568 Geschlechtern.
1074 3511 1142 3571 Alle
1193 3511 1274 3571 seine
1307 3511 1411 3571 Werke
1461 3514 1520 3574 sind
1571 3514 1629 3574 aus

1691 3518 1763 3578 Eros
1800 3520 1823 3580 im
1873 3522 1982 3582 tiefsten
2019 3526 2160 3586 gefochten
2202 3529 2251 3589 hat
2284 3529 2342 3589 und
2375 3532 2470 3592 letzten
2507 3535 2602 3595 Endes

716 3547 809 3607 diesem
852 3550 958 3610 Bezirk
987 3552 1168 3612 gewachsen,
1197 3553 1252 3613 und
1285 3553 1331 3613 bis
1364 3553 1410 3613 ins
1448 3553 1513 3613 hohe
1546 3556 1630 3616 Alter

1691 3560 1749 3620 aus
1777 3559 1821 3619 ihm
1872 3563 1930 3623 mit
1963 3565 2066 3625 müder
2099 3568 2289 3628 Resignation
2326 3574 2516 3634 hervorging.
2566 3577 2606 3637 Er

714 3588 813 3648 hinein
846 3589 877 3649 ist
905 3589 931 3649 er
964 3589 1054 3649 diesem
1100 3592 1226 3652 Problem
1268 3593 1326 3653 treu
1363 3595 1530 3655 geblieben.
1571 3595 1630 3655 Un¬

1691 3601 1793 3661 rettete
1826 3602 1873 3662 sich
1906 3604 1933 3664 in
1971 3604 2013 3664 ein
2046 3608 2177 3668 heiteres
2211 3613 2318 3673 Spiel,
2346 3613 2369 3673 in
2412 3613 2453 3673 ein
2491 3616 2603 3676 leichtes

711 3628 819 3688 endlich
845 3628 918 3688 viele
945 3631 1082 3691 Nuancen
1113 3631 1160 3691 der
1183 3634 1264 3694 Liebe
1295 3635 1342 3695 hat
1364 3634 1394 3694 er
1420 3634 1476 3694 mit
1498 3636 1618 3696 wunder

1690 3643 2149 3703 „Ueber=den=Dingen=Stehen

2247 3651 2306 3711 Ihm
2393 3654 2494 3714 wurde
2549 3657 2604 3717 das

714 3669 805 3729 voller
832 3669 973 3729 Feinheit
1001 3672 1055 3732 und
1083 3674 1324 3734 psychologischer
1352 3675 1488 3735 Klarheit
1512 3674 1634 3734 gezeich¬

1686 3680 1778 3740 Leben
1814 3681 1853 3741 ein
1886 3685 2151 3745 heiter=trauriges
2178 3692 2400 3752 Maskenspiel,
2422 3696 2520 3756 hinter
2547 3696 2590 3756 dem

708 3708 776 3768 net.
822 3708 891 3768 Mit
933 3711 1029 3771 seinem
1103 3714 1213 3774 süßen,
1264 3714 1627 3774 melancholisch=heiteren

1691 3717 1736 3777 sich
1786 3720 1836 3780 die
1864 3723 2013 3783 Tragödie
2064 3726 2113 3786 der
2145 3729 2282 3789 Kreatur
2327 3736 2477 3796 verbirgt.
2528 3737 2604 3797 „Wit

713 3753 945 3813 Erstlingswerk
976 3756 1179 3816 „Anatel"
1220 3756 1351 3816 beginnt
1382 3759 1473 3819 dieses
1509 3759 1640 3819 Thema,

1691 3759 1791 3819 spielen
1824 3762 1892 3822 alle,
1915 3765 1974 3825 wer
1998 3765 2030 3825 es
2058 3767 2149 3827 weiß,
2168 3771 2199 3831 ist
2223 3773 2305 3833 klug.

2437 3778 2484 3838 F.
2501 3777 2573 3837 Ke.
