3392 4320
76 265 145 325 12

1376 258 1497 318 box
1575 258 1812 318 43/25

263 264 745 324 Schuitzler
812 267 840 327 s
917 273 1143 333 Deatl

566 682 915 742 DOBSE

1084 691 1286 751 VER

654 739 680 799 I.
693 739 813 799 österr.
823 745 969 805 behördl.
982 748 1284 808 konzessioniertes

607 781 842 841 Unternehmen
869 783 918 843 für
945 788 1336 848 Zeitungs-Ausschnitte

655 838 804 898 WIEN,
832 846 879 906 I.,
907 850 1193 910 WOLLZEILE
1242 855 1281 915 11

759 896 970 956 TELEPHON
1007 903 1178 963 R-23-0-43

553 1034 775 1094 Ausschnitt
801 1035 888 1095 aus:

892 1088 986 1148 Neue
1002 1088 1159 1148 Zeitung,
1176 1091 1285 1151 Wien,

995 1154 1045 1214 4.
1060 1171 1189 1231 OK7.
1216 1198 1319 1258 1931

552 1255 663 1315 vom:

559 1350 666 1410 Das
709 1346 993 1406 Begraͤbnis
1035 1345 1352 1405 Schnitzlers.

514 1413 643 1473 Gestern
698 1413 839 1473 mittags
888 1410 1000 1470 wurde
1050 1407 1125 1467 nach
1175 1406 1282 1466 seinem
1348 1401 1483 1461 eigenen

420 1458 555 1518 Wunsch
588 1458 647 1518 auf
675 1455 729 1515 die
762 1455 930 1515 einfachste
958 1452 1066 1512 Weise
1094 1452 1207 1512 Artur
1235 1446 1490 1506 Schnitzler

420 1505 449 1565 zu
499 1504 611 1564 Grabe
651 1500 833 1560 getragen.
868 1498 911 1558 Im
966 1495 1221 1555 Trauerhause,
1256 1489 1492 1549 Sternwarte¬

427 1547 529 1607 straße
561 1546 617 1606 71,
648 1544 756 1604 hatten
793 1543 843 1603 sich
880 1542 941 1602 nur
978 1539 1029 1599 die
1060 1539 1199 1599 nächsten
1241 1536 1395 1596 Freunde
1431 1531 1487 1591 des

421 1588 667 1648 Verstorbenen
708 1588 949 1648 eingefunden,
976 1584 1060 1644 viele
1091 1584 1272 1644 Vertreter
1308 1578 1358 1638 des
1394 1575 1494 1635 öster¬

426 1635 599 1695 reichischen
638 1631 875 1691 Schrifttums,
902 1628 1065 1688 darunter
1098 1625 1187 1685 Karl
1214 1621 1499 1681 Schönherr,

431 1679 624 1739 Werfel,
652 1674 1072 1734 Beer=Hofmann,
1106 1670 1205 1730 Felix
1239 1663 1499 1723 Salten,

430 1723 538 1783 ferner
565 1722 657 1782 Hugo
690 1718 900 1778 Thimig,
922 1718 1089 1778 Heine,
1111 1712 1197 1772 dann
1230 1708 1284 1768 der
1317 1706 1495 1766 Präsident

427 1766 483 1826 der
519 1766 786 1826 Aerztekammer
817 1763 945 1823 Hofrat
977 1759 1044 1819 Dr.
1070 1757 1285 1817 Thenen,
1311 1750 1496 1810 Prorektor

431 1808 778 1868 Gleispach,
801 1808 922 1868 Hofrat
950 1800 1304 1860 Frankfurter,
1327 1793 1493 1853 Professor

429 1856 495 1916 Dr.
522 1854 619 1914 Paul
646 1851 966 1911 Weingarten
1008 1847 1070 1907 und
1107 1844 1194 1904 viele
1231 1840 1370 1900 andere.

523 1906 582 1966 Der
610 1906 750 1966 einfache
772 1903 945 1963 Holzsarg,
968 1900 1086 1960 bedeckt
1108 1897 1167 1957 mit
1190 1894 1281 1954 einem
1320 1891 1487 1951 schwarzen

433 1954 613 2014 Bahrtuch,
640 1950 733 2010 stand
775 1948 805 2008 im
852 1947 1111 2007 Schlafzimmer
1148 1939 1205 1999 des
1242 1934 1505 1994 Verblichenen.

434 1998 505 2058 Auf
531 1996 587 2056 ihm
634 1994 727 2054 lagen
768 1991 850 2051 zwei
881 1990 1031 2050 Kränze.
1057 1985 1164 2045 Einer
1196 1980 1298 2040 davon
1340 1977 1401 2037 mit
1433 1976 1504 2036 rot¬

432 2039 558 2099 weißer
588 2039 732 2099 Schleife
762 2035 837 2095 trug
872 2032 923 2092 die
953 2031 1156 2091 Aufschrift:
1185 2025 1329 2085 „Seinem
1376 2020 1497 2080 großen

434 2085 565 2145 Dichter
598 2079 671 2139 1895
708 2079 760 2139 bis
793 2078 871 2138 1931
903 2076 961 2136 das
994 2074 1162 2134 dankbare
1194 2067 1441 2127 Burgtheater.

527 2128 593 2188 Der
619 2127 711 2187 Sarg
743 2124 856 2184 wurde
888 2121 969 2181 dann
1006 2118 1104 2178 gegen
1146 2116 1217 2176 halb
1254 2112 1290 2172 12
1321 2110 1393 2170 Uhr
1419 2108 1501 2168 ohne

433 2175 570 2235 weitere
607 2171 834 2231 Feierlichkeit
866 2164 929 2224 auf
962 2163 1014 2223 den
1057 2160 1215 2220 Fourgon
1253 2154 1395 2214 gehoben
1438 2150 1501 2210 und

436 2219 492 2279 auf
519 2218 570 2278 den
607 2214 902 2274 Zentralfriedhof
923 2206 1124 2266 überführt,
1146 2203 1192 2263 wo
1219 2199 1291 2259 nach
1322 2198 1415 2258 einer
1441 2193 1482 2253 ein

452 2262 546 2322 sachen
588 2258 758 2318 religiösen
800 2254 1001 2314 Zeremonie
1037 2249 1083 2309 die
1113 2246 1308 2306 Beisetzung
1344 2242 1408 2302 auf
1439 2240 1491 2300 den

438 2307 677 2367 israelitischen
714 2300 878 2360 Friedhof
906 2295 1085 2355 stattfand.

541 2575 1257 2635 OBSERVER

626 2617 652 2677 I.
665 2620 785 2680 österr.
794 2626 944 2686 behördl.
958 2632 1258 2692 konzessioniertes

581 2661 816 2721 Unternehmen
849 2665 893 2725 für
920 2673 1312 2733 Zeitungs-Ausschnitte

625 2719 778 2779 WIEN,
799 2727 851 2787 I.,
879 2733 1160 2793 WOLLZEILE
1207 2739 1253 2799 11

725 2777 941 2837 TELEPHON
973 2784 1149 2844 R-23-0-43

519 2913 741 2973 Ausschnitt
770 2919 856 2979 aus:

731 3143 1037 3203 MeichMi

788 3227 815 3287 2
844 3226 889 3286 4.
910 3223 1040 3283 OKT.

504 3308 575 3368 Das
620 3303 808 3363 Begräbnis
852 3295 961 3355 Artur
1005 3289 1222 3349 Schnitzlers.
1267 3281 1375 3341 Heute
1420 3275 1535 3335 mittag

418 3356 527 3416 wurde
568 3353 596 3413 in
638 3347 792 3407 schlichter
833 3341 937 3401 Weise
978 3337 1047 3397 Dr.
1070 3331 1174 3391 Artur
1210 3323 1469 3383 Schnitzler
1510 3317 1538 3377 zu

417 3398 527 3458 Grabe
565 3392 743 3452 getragen.
775 3387 822 3447 Im
875 3381 1112 3441 Trauerhause
1149 3369 1475 3429 Sternwartestraße
1507 3357 1544 3417 71

417 3443 658 3503 versammelten
694 3432 739 3492 sich
765 3432 804 3492 um
845 3432 880 3492 11
906 3428 971 3488 Uhr
997 3423 1042 3483 die
1068 3418 1284 3478 Verwandten
1320 3410 1380 3470 und
1406 3404 1536 3464 engeren

417 3484 565 3544 Freunde
597 3479 649 3539 des
682 3474 851 3534 Dichters,
888 3469 1047 3529 darunter
1080 3460 1169 3520 Karl
1196 3455 1402 3515 Schönherr,
1435 3447 1545 3507 Franz

414 3530 556 3590 Werfel,
583 3524 714 3584 Richard
752 3515 1048 3575 Beer=Hofmann,
1070 3506 1164 3566 Felix
1192 3500 1318 3560 Salten
1356 3496 1418 3556 und
1451 3491 1545 3551 Hugo

424 3575 576 3635 Thimig,
603 3569 714 3629 ferner
746 3561 798 3621 der
831 3558 1011 3618 Präsident
1043 3551 1100 3611 der
1133 3543 1397 3603 Aerztekammer
1429 3534 1571 3594 Hofrat.

421 3618 489 3678 Dr.
511 3617 641 3677 Thenen
679 3611 741 3671 und
774 3603 947 3663 Prorektor
979 3594 1173 3654 Gleispach.
1195 3589 1263 3649 Auf
1290 3585 1342 3645 dem
1384 3578 1542 3638 einfachen

423 3661 574 3721 Holzsarg
617 3656 671 3716 lag
715 3652 763 3712 ein
796 3649 909 3709 Kranz
936 3645 1001 3705 mit
1029 3635 1206 3695 rotweißer
1233 3629 1395 3689 Schleife,
1417 3623 1471 3683 der
1504 3619 1552 3679 die

429 3703 605 3763 Aufschrift
633 3698 727 3758 trug:
761 3691 904 3751 „Seinem
949 3687 1070 3747 großen
1103 3678 1236 3738 Dichter
1270 3669 1347 3729 1895
1381 3663 1430 3723 bis
1463 3662 1562 3722 1931,

430 3748 482 3808 das
535 3744 702 3804 dankbare
750 3733 1007 3793 Burgtheater.“
1060 3725 1128 3785 Der
1181 3720 1275 3780 Sarg
1328 3711 1443 3771 wurde
1496 3706 1532 3766 um

436 3790 505 3850 ½12
538 3789 602 3849 Uhr
630 3785 689 3845 auf
712 3783 765 3843 den
792 3778 944 3838 Fourgon
982 3770 1117 3830 gehoben
1150 3765 1214 3825 und
1242 3760 1300 3820 auf
1323 3756 1377 3816 den
1404 3751 1565 3811 Zentral¬

431 3835 571 3895 friedhof
609 3826 803 3886 überführt,
836 3822 884 3882 wo
923 3818 998 3878 nach
1042 3812 1133 3872 einer
1172 3804 1333 3864 einfachen
1383 3793 1550 3853 religiösen

442 3878 629 3938 Zeremonie
657 3872 706 3932 die
734 3865 916 3925 Beisetzung
950 3862 1010 3922 auf
1039 3854 1088 3914 der
1116 3849 1342 3909 israelitischen
1382 3837 1558 3897 Abteilung

435 3923 588 3983 erfolgte.
615 3917 683 3977 Der
715 3909 932 3969 Trauerfeier
964 3899 1096 3959 wohnte
1128 3894 1201 3954 auch
1233 3882 1566 3942 Generalintendant

436 3965 673 4025 Schneiderhan
726 3955 789 4015 mit
827 3951 926 4011 vielen
974 3942 1175 4002 Mitglieder
1218 3931 1270 3991 der
1313 3925 1455 3985 Staats=
1498 3920 1560 3980 und

433 4007 688 4067 Privatbühnen
746 3997 839 4057 sowie
889 3990 920 4050 in
971 3984 1177 4044 Vertretung
1234 3973 1290 4033 des
1341 3965 1564 4025 Unterrichts¬

430 4052 679 4112 ministeriums
714 4037 983 4097 Ministerialrat
1011 4031 1077 4091 Dr.
1099 4025 1226 4085 Wisoko
1254 4020 1327 4080 bei.

1833 702 2543 762 DOBSERVER

1921 765 1945 825 1I.
1963 763 2079 823 österr.
2088 760 2238 820 behördl.
2251 757 2547 817 konzessioniertes

1874 804 2107 864 Unternehmen
2138 801 2189 861 für
2215 798 2599 858 Zeitungs-Ausschnitte

1936 863 2079 923 WIEN,
2106 864 2151 924 I.,
2178 858 2460 918 WOLLZEILE
2507 857 2552 917 11

2032 913 2244 973 TELEPHON
2280 910 2452 970 R-23-0-43

1833 1058 2051 1118 Ausschnitt
2077 1055 2163 1115 aus:

2124 1184 2263 1244 Kleines
2292 1183 2516 1243 Volksblatt,
2536 1187 2600 1247 1r10

1843 1285 1949 1345 vom:

2178 1291 2260 1351 4.
2288 1293 2408 1353 OKT.
2437 1294 2527 1354 1937

1850 1405 2048 1465 Arthur
2082 1413 2346 1473 Schnitzler
2391 1424 2434 1484 zu
2480 1428 2655 1488 Grabe

2116 1493 2401 1553 getragen.

1869 1548 1935 1608 Von
1975 1552 2070 1612 seinem
2115 1560 2326 1620 Künstlerheim
2375 1567 2403 1627 in
2452 1570 2509 1630 der
2558 1578 2673 1638 Stern¬

1828 1588 2028 1648 wartestraße
2056 1595 2153 1655 wurde
2182 1601 2284 1661 gestern
2317 1605 2349 1665 um
2392 1606 2438 1666 die
2461 1614 2665 1674 Mittagszeit

1830 1625 1949 1685 Arthur
1995 1633 2226 1693 Schnitzler
2273 1641 2302 1701 zu
2353 1644 2458 1704 Grabe
2504 1653 2669 1713 getragen.

1831 1664 1941 1724 Seinem
1990 1668 2085 1728 letzten
2124 1676 2283 1736 Wunsche,
2326 1682 2383 1742 das
2418 1691 2595 1751 Begrabnis
2629 1694 2657 1754 in

1819 1703 1902 1763 aller
1937 1707 2030 1767 Stille
2060 1717 2310 1777 durchzuführen,
2336 1723 2453 1783 wurde,
2473 1729 2497 1789 so
2532 1731 2601 1791 weit
2631 1733 2660 1793 es

1823 1742 1916 1802 ging,
1956 1749 2119 1809 Rechnung
2173 1757 2335 1817 getragen,
2380 1762 2444 1822 doch
2479 1767 2577 1827 hatten
2612 1773 2656 1833 sich

1822 1781 1945 1841 trotzdem
2000 1789 2162 1849 zahlreiche
2207 1800 2409 1860 Trauergäste
2444 1811 2665 1871 eingefunden.

1824 1822 1922 1882 Unter
1947 1824 2031 1884 ihnen
2066 1827 2110 1887 sah
2140 1833 2204 1893 man
2234 1835 2298 1895 Dr.
2318 1839 2402 1899 Karl
2422 1848 2658 1908 Schonherr

1825 1859 1879 1919 mit
1905 1863 2036 1923 Gattin,
2052 1867 2153 1927 Franz
2178 1873 2345 1933 Werfel
2370 1881 2431 1941 mit
2452 1884 2532 1944 Frau
2568 1889 2653 1949 Alma

1823 1904 2213 1964 Werfel=Mahler,
2235 1915 2378 1975 Direktor
2410 1920 2504 1980 Jakeb
2532 1927 2658 1987 Feld¬

1820 1941 2001 2001 hammer
2035 1945 2090 2005 und
2129 1950 2208 2010 viele
2241 1957 2366 2017 andere.
2396 1959 2437 2019 Um
2489 1963 2554 2023 412
2587 1967 2652 2027 Uhr

1817 1978 1922 2038 wurde
1962 1981 2014 2041 der
2048 1986 2193 2046 Holzsarg
2232 1991 2289 2051 mit
2329 1996 2381 2056 dem
2430 2005 2651 2065 Verstorbenen

1816 2017 1873 2077 aus
1902 2018 1954 2078 der
1978 2020 2064 2080 Villa
2094 2028 2232 2088 getragen
2266 2032 2323 2092 und
2352 2035 2409 2095 auf
2433 2040 2481 2100 den
2515 2046 2648 2106 Leichen¬

1812 2055 1913 2115 wagen
1948 2062 2078 2122 gestellt,
2103 2066 2170 2126 der,
2195 2069 2248 2129 von
2283 2074 2369 2134 einer
2399 2079 2525 2139 Anzahl
2550 2086 2651 2146 Autos

1809 2094 1866 2154 mit
1900 2098 1948 2158 der
1987 2102 2122 2162 Familie
2156 2106 2213 2166 und
2248 2109 2300 2169 den
2339 2118 2560 2178 Trauergästen
2599 2123 2647 2183 ge¬

1812 2135 1902 2195 folgt,
1923 2138 2018 2198 seinen
2044 2142 2115 2202 Weg
2146 2146 2196 2206 zum
2237 2154 2520 2214 Zentralfriedhofe
2547 2163 2652 2223 nahm.

1804 2172 1885 2232 Nach
1939 2176 1992 2236 der
2040 2183 2185 2243 rituellen
2224 2192 2407 2252 Zeremonie
2437 2199 2567 2259 erfolgte
2601 2205 2649 2265 die

1809 2213 1978 2273 Beisetzung
2012 2221 2099 2281 gegen
2138 2222 2152 2282 1
2186 2224 2249 2284 Uhr
2283 2229 2311 2289 in
2365 2233 2418 2293 dem
2481 2235 2539 2295 von
2592 2240 2645 2300 der

1807 2255 2019 2315 israelitischen
2089 2268 2374 2328 Kultusgemeinde
2434 2279 2636 2339 gewidmeten

1810 2294 2010 2354 Ehrengrab.

1880 2393 2023 2453 Untere
2216 2391 2390 2451 -

1937 2452 2084 2512 WIEN,
2113 2454 2161 2514 I.,
2183 2451 2465 2511 WOLLZEILE
2515 2449 2556 2509 11

2034 2503 2245 2563 TELEPHON
2284 2501 2452 2561 R-23-0-43

1822 2649 2054 2709 Ausschnitt
2076 2648 2170 2708 aus:

2200 2687 2334 2747 Boger
2366 2710 2408 2770 gt
2425 2732 2544 2792 Belg

1854 2873 1957 2933 vom.
1988 2858 2001 2918 2
2035 2848 2048 2908 4
2094 2833 2228 2893 0KT.
2245 2818 2347 2878 1931

1874 3002 2134 3062 Schnitzlers
2159 2990 2455 3050 Beisehung.

1801 3067 1865 3127 Wie
1900 3067 2013 3127 Arthur
2043 3063 2201 3123 Schnitzler
2231 3060 2260 3120 es
2295 3054 2458 3114 gewünscht
2493 3050 2592 3110 hatte,

1752 3114 1814 3174 fand
1856 3113 1900 3173 die
1937 3109 2099 3169 Beisetzung
2141 3105 2190 3165 des
2227 3100 2357 3160 Dichters
2403 3097 2506 3157 gestern
2552 3090 2574 3150 in

1746 3157 1872 3217 denkbar
1905 3153 2051 3213 schlichter
2085 3148 2178 3208 Weise
2225 3144 2309 3204 statt.
2352 3139 2394 3199 Im
2461 3135 2596 3195 Trauer¬

1749 3201 1843 3261 haus,
1869 3199 1911 3259 wo
1946 3195 1997 3255 der
2032 3194 2108 3254 Sarg
2143 3189 2168 3249 im
2216 3185 2464 3245 Arbeitszimmer
2499 3180 2592 3240 stand,

1746 3244 1878 3304 verhüllt
1910 3243 1969 3303 mit
2020 3237 2101 3297 einem
2148 3231 2303 3291 schwarzen
2340 3227 2413 3287 Tuch
2454 3225 2509 3285 und
2546 3221 2596 3281 ge¬

1753 3287 1882 3347 schmückt
1918 3283 1975 3343 nur
2016 3278 2069 3338 mit
2109 3276 2238 3336 wenigen
2279 3270 2430 3330 Blumen,
2462 3266 2590 3326 gesellten

1754 3333 1795 3393 sich
1828 3330 1879 3390 zum
1921 3325 2000 3385 Sohn
2048 3321 2182 3381 Heinrich
2229 3315 2392 3375 Schnitzler
2434 3308 2494 3368 und
2541 3309 2592 3369 zur

1760 3373 1887 3433 Familie
1961 3368 2016 3428 des
2072 3361 2213 3421 Bruders
2274 3356 2429 3416 Professor
2489 3351 2599 3411 Julius

1754 3417 1931 3477 Schnitzler,
1975 3411 2053 3471 Karl
2098 3405 2284 3465 Schönherr,
2324 3401 2427 3461 Franz
2476 3396 2603 3456 Werfel,

1758 3460 1880 3520 Richard
1913 3453 2149 3513 Beer=Hofmann
2191 3449 2245 3509 und
2283 3447 2368 3507 Felix
2401 3441 2528 3501 Salten.

1810 3503 1888 3563 Kurz
1920 3500 1985 3560 nach
2022 3496 2049 3556 12
2081 3492 2146 3552 Uhr
2183 3491 2307 3551 mittags
2340 3488 2389 3548 kam
2436 3484 2486 3544 der
2519 3484 2601 3544 Sarg

1756 3548 1813 3608 auf
1835 3546 1888 3606 dem
1928 3541 2046 3601 Wiener
2073 3536 2333 3596 Zentralfriedhof
2360 3532 2412 3592 an,
2435 3528 2474 3588 wo
2510 3525 2593 3585 neben

1759 3588 2085 3648 Generalintendanten
2115 3579 2161 3639 des
2191 3577 2409 3637 Burgtheaters
2435 3572 2610 3632 Schneider¬

1758 3636 1809 3696 han
1844 3635 1904 3695 sehr
1930 3630 2020 3690 große
2046 3625 2261 3685 Delegationen
2291 3620 2339 3680 des
2373 3617 2609 3677 Burgtheaters,

1763 3676 1811 3736 des
1847 3674 1993 3734 Theaters
2033 3669 2060 3729 in
2105 3668 2153 3728 der
2189 3665 2384 3725 Josephstadt
2433 3660 2491 3720 und
2553 3656 2601 3716 des

1769 3721 1914 3781 Deutschen
1958 3714 2185 3774 Volkstheaters
2225 3707 2362 3767 harrten.
2414 3702 2508 3762 Stark
2547 3699 2611 3759 ver¬

1768 3762 1856 3822 treten
1900 3760 1962 3820 war
1998 3757 2041 3817 die
2078 3751 2378 3811 Schriftstellerwelt,
2427 3746 2484 3806 und
2542 3742 2608 3802 auch

1772 3808 1845 3868 viele
1879 3805 2085 3865 Bewunderer
2125 3796 2301 3856 Schnitzlers
2340 3791 2512 3851 umstanden
2551 3786 2606 3846 das

1767 3853 1868 3913 Grab,
1890 3852 1912 3912 in
1948 3847 1996 3907 das
2027 3847 2089 3907 nach
2120 3843 2199 3903 einem
2239 3839 2336 3899 kurzen
2372 3834 2468 3894 Gebet
2491 3832 2605 3892 Arthur

1772 3897 1942 3957 Schnitzlers
1978 3891 2123 3951 sterbliche
2159 3887 2247 3947 Hülle
2279 3882 2408 3942 versenkt
2439 3879 2558 3939 wurde.
