3392 4320
496 130 673 190 er
737 132 957 192 Fagege
1032 134 1136 194 e

471 171 616 231 stammte
656 171 705 231 die
735 173 899 233 Wachheit
935 172 965 232 in
1015 175 1114 235 seinen
1165 174 1353 234 Menschen,

479 213 567 273 daher
596 213 675 273 seine
708 213 797 273 Liebe
830 216 858 276 zu
891 216 942 276 dem
994 216 1172 276 Leutnant,
1196 217 1242 277 der
1275 217 1322 277 ihm

1866 246 2593 306 Kakionaltas.

482 255 617 315 Symbol
659 257 719 317 für
765 258 810 318 ein
861 258 988 318 schönes
1034 258 1134 318 Stück
1181 261 1337 321 zuckenden

477 300 623 360 Fleisches
664 299 754 359 war.
786 300 896 360 Dieser
938 302 1023 362 allein
1070 303 1150 363 hatte
1191 304 1271 364 nicht
1297 303 1342 363 die

473 342 715 402 Überlegenheit
740 344 789 404 des
824 345 1017 405 Intellckts,
1042 348 1091 408 die
1116 348 1200 408 sonst
1225 348 1338 408 immer

1413 354 1701 414 Dringliche
1750 354 2019 414 Anfragen
2078 354 2164 414 der
2213 357 2743 417 parlamentarischen
2792 354 3070 414 Parteien.

476 385 523 445 die
551 386 715 446 Menschen
758 384 811 444 bei
838 387 1013 447 Schnitzler
1046 388 1162 448 haben,
1189 391 1258 451 auch
1296 389 1343 449 die

1412 428 1474 488 Die
1503 428 1632 488 gestrige
1662 425 1734 485 erste
1758 427 1894 487 Sitzung
1923 426 1973 486 der
2002 424 2217 484 Herbstsession

2294 425 2541 485 Credit-Anstalt
2592 425 2640 485 die
2685 428 2916 488 Entschuldung
2961 425 3076 485 erfolge

470 428 615 488 Frauen.
640 429 689 489 In
725 429 774 489 den
815 431 1034 491 Mittelpunkt
1065 432 1159 492 seiner
1194 434 1338 494 Dramen

474 467 530 527 und
563 472 711 532 Novellen
758 472 856 532 stellie
889 473 921 533 er
950 473 1019 533 gern
1066 474 1177 534 Arzte,
1210 475 1336 535 Schau=
1365 470 1420 530 des
1448 470 1694 530 Nationatrates
1723 468 1788 528 war
1812 467 1867 527 von
1900 468 1970 528 kaum
2012 467 2221 527 einstündiger

2291 479 2416 539 würde,
2437 479 2618 539 übertragen
2649 479 2794 539 werden?

1365 515 1492 575 Dauer.
1527 515 1591 575 Sie
1621 515 1728 575 wurde
1754 514 1808 574 von
1847 515 1896 575 der
1926 514 2009 574 Rede
2039 515 2225 575 ausgefüllt,

471 512 599 572 spieler,
631 515 880 575 Schriftsteller.
911 515 962 575 Es
1005 518 1108 578 waren
1160 518 1341 578 Menschen,

2322 536 2360 596 4.
2383 535 2444 595 Ist
2474 533 2524 593 die
2552 533 2861 593 Bundesregierung
2901 535 3013 595 bereit,
3042 533 3092 593 den

1366 558 1425 618 mit
1461 559 1587 619 welcher
1623 558 1890 618 Finanzminister
1926 559 1995 619 Dr.
2021 557 2222 617 Weiden¬

475 557 568 617 denen
603 558 651 618 das
681 557 773 617 Wort
798 559 886 619 leicht
906 560 1003 620 wird,
1019 560 1062 620 die
1092 563 1150 623 viel
1175 563 1234 623 und
1259 563 1332 623 gern

2292 583 2503 643 Nationalrat
2531 585 2797 645 Gesetzentwürfe
2830 586 2905 646 über
2939 585 2981 645 die
3015 585 3084 645 plau

471 598 527 658 von
574 599 624 659 sich
656 601 810 661 aussagen
852 601 913 661 und
960 603 1042 663 deren
1088 606 1232 666 gescheite
1269 601 1521 661 An=hoffer
1558 598 1609 658 den
1640 601 1794 661 Enwourf
1830 600 1887 660 des
1929 598 2221 658 Bundesvor¬

2292 637 2529 697 wirtschaftliche
2569 639 2768 699 Umstellung
2818 637 2946 697 unserer
2991 637 3084 697 Volks

477 642 658 702 merkungen
698 644 724 704 zu
764 643 813 703 den
853 646 1072 706 verworrenen
1112 647 1327 707 Beziehungen
1360 644 1631 704 anschlages
1670 643 1746 703 für
1786 644 1862 704 das
1897 643 2017 703 Jahr
2051 643 2127 703 1932
2161 643 2227 703 ein¬

465 685 512 745 des
545 686 661 746 Lebens
693 688 751 748 fast
779 689 873 749 eiwas
906 691 1102 751 Berufliches
1134 694 1245 754 haben.
1267 693 1330 753 Sie
1363 688 1542 748 begleitete.
1564 687 1632 747 Der
1655 687 1818 747 Vorschlag
1851 688 1936 748 selbst
1963 686 2036 746 liegt
2063 685 2089 745 in
2122 686 2216 746 seinen

2294 691 2461 751 wirtschaft
2483 691 2688 751 vorzulegen,
2711 691 2770 751 und
2803 691 2905 751 zwar:

1362 730 1578 790 Einzelheiten
1615 730 1682 790 noch
1719 730 1801 790 nicht
1838 730 1915 790 vor.
1957 730 2029 790 Der
2070 730 2220 790 Minister

474 730 573 790 waren
604 730 664 790 auf
685 730 769 790 einen
800 731 910 791 Punkt
931 732 1051 792 fixiert:
1072 734 1131 794 auf
1152 734 1197 794 die
1217 736 1327 796 Erotik

2328 745 2367 805 a)
2390 744 2475 804 einen
2510 742 2761 802 Gesetzentwurf
2790 744 2863 804 über
2892 745 2943 805 den
2978 743 3097 803 Aufbai

474 775 535 835 Die
556 775 689 835 erlebten
716 775 751 835 sie
777 775 838 835 und
859 775 982 835 erlitten
1014 777 1049 837 sie
1070 777 1183 837 immer
1209 777 1337 837 wieder,
1363 774 1584 834 entschuldigte
1615 772 1676 832 dies
1708 773 1769 833 mit
1805 772 1979 832 technischen
2026 774 2221 834 Schwierig¬

2291 793 2342 853 der
2378 792 2634 852 österreichischen
2682 795 2937 855 Viehwirtschaft
2979 795 3008 855 in
3055 795 3106 855 der

1364 819 1477 879 keiten,
1509 816 1555 876 die
1587 816 1633 876 die
1664 818 1877 878 Drucklegung
1914 816 1965 876 der
1991 816 2136 876 Vorlage
2168 816 2224 876 erst

467 815 557 875 Arzt,
579 819 802 879 Schauspieler
835 819 892 879 und
925 819 1169 879 Schriftsteller.
1191 822 1233 882 Es
1266 822 1334 882 war

2285 846 2401 906 Weise,
2424 847 2479 907 daß
2513 849 2578 909 eine
2607 849 2634 909 zu
2668 849 2856 909 errichtende
2885 848 3089 908 gemeinwirt

472 859 529 919 das

1364 858 1389 918 in
1421 861 1472 921 den
1504 861 1638 921 nächsten
1670 861 1706 921 24
1732 861 1877 921 Stunden
1913 861 2136 921 ermöglichen.

592 861 789 921 Treibende,
852 861 909 921 das
977 861 1216 921 Schöpferische
1279 863 1336 923 der

2293 903 2455 963 schaftliche
2496 900 2629 960 Anstalt
2671 903 2868 963 verpflichtet
2910 902 3008 962 wird,
3049 900 3100 960 den

1406 905 1469 965 Die
1496 905 1570 965 erste
1602 903 1718 963 Lesung
1750 905 1829 965 wird
1861 904 1888 964 in
1925 904 1977 964 der
2010 903 2063 963 für
2095 904 2216 964 morgen

468 905 756 965 Schnitzler=Welt,
785 907 856 967 aber
890 906 962 966 auch
996 906 1045 966 ihr
1079 909 1322 969 Vergängliches

1364 951 1388 1011 in
1424 948 1565 1008 Aussicht
1586 948 1813 1008 genommenen
1844 948 1975 1008 Sitzung
2007 948 2208 1008 durchgeführ

2287 954 2542 1014 österreichischen
2577 954 2777 1014 Landwirten
2816 956 3012 1016 Mastrinder
3051 956 3106 1016 und

511 963 704 1023 Schnitzlers
738 969 1004 1029 Grunderlebnis
1043 969 1110 1029 mag
1155 971 1249 1031 dieses
1283 970 1332 1030 ge¬

1360 992 1504 1052 werden.
1525 992 1587 1052 Die
1614 992 1737 1052 heutige
1764 992 1913 1052 Sitzung,
1934 992 1981 1052 die
2012 992 2047 1052 um
2089 992 2125 1052 12
2157 991 2218 1051 Uhr

2291 1004 2457 1064 Schweine
2481 1007 2510 1067 zu
2540 1007 2824 1067 auskömmlichen,
2848 1007 2871 1067 in
2901 1007 2984 1067 fester
3008 1007 3108 1067 Rela¬

467 1006 562 1066 wesen
594 1009 679 1069 sein:
711 1010 779 1070 Wie
806 1013 853 1073 sich
897 1013 1008 1073 Schein
1051 1013 1113 1073 mit
1141 1013 1225 1073 Sein
1262 1012 1336 1072 ver¬

1362 1037 1490 1097 mittags
1522 1035 1667 1095 beginnt,
1688 1034 1786 1094 bleibt
1808 1034 1859 1094 der
1885 1036 2113 1096 Verhandlung
2144 1034 2221 1094 über

469 1052 614 1112 tauschte,
672 1052 906 1112 verwechselte,

961 1055 1012 1115 sich
1075 1055 1223 1115 mengte,
1275 1057 1331 1117 sich

2286 1059 2353 1119 tion
2390 1058 2420 1118 zu
2458 1059 2506 1119 den
2550 1056 2721 1116 jeweiligen
2759 1061 3096 1121 Futtermittelpreisen

1357 1079 1523 1139 dringliche
1550 1079 1716 1139 Anfragen
1749 1076 1974 1136 vorbehalten,
2002 1077 2044 1137 die
2077 1078 2125 1138 die
2152 1076 2226 1136 par¬

469 1094 659 1154 ineinander
690 1096 810 1156 krallte,
835 1099 885 1159 daß
921 1100 1021 1160 keiner
1051 1099 1136 1159 mehr
1167 1099 1202 1159 am
1242 1100 1332 1160 End¬

2293 1116 2317 1176 zu
2354 1110 2513 1170 haltenden
2539 1112 2667 1172 Preisen
2698 1112 2722 1172 in
2753 1112 2808 1172 von
2839 1115 2924 1175 Jahr
2950 1116 2980 1176 zu
3011 1116 3102 1176 Jahr

1361 1122 1614 1182 lamentarischen
1647 1123 1793 1183 Parteien
1832 1121 1885 1181 zur
1913 1118 2221 1178 Wirtschafts¬

465 1139 614 1199 erlennen
645 1139 769 1199 konnte,
785 1141 851 1201 was
873 1142 1043 1202 Wahrheit
1064 1142 1126 1202 war
1152 1142 1214 1202 und
1235 1144 1317 1204 Trug

2287 1166 2455 1226 steigenden
2496 1166 2635 1226 Mengen
2670 1166 2902 1226 abzunehmen,
2932 1168 3030 1228 wobei
3060 1165 3105 1225 die

1357 1169 1459 1229 lage
1491 1166 1671 1226 einbringen
1703 1166 1764 1226 und
1790 1166 1815 1226 in
1847 1165 1939 1225 denen
1971 1164 2006 1224 sie
2033 1164 2099 1224 eine
2126 1166 2218 1226 Reih¬

464 1184 596 1244 Taraus
639 1184 750 1244 wurde
782 1184 978 1244 Schnitzlers
1016 1185 1143 1245 schönste
1176 1185 1334 1245 Bühnen¬

1364 1210 1433 1270 ganz
1464 1210 1660 1270 bestimmter
1691 1208 1913 1268 Forderungen
1949 1207 2104 1267 aufstellen
2140 1207 2220 1267 wer¬

2288 1217 2428 1277 Einfuhr
2460 1218 2518 1278 von
2557 1216 2825 1276 Schlachtrindern
2871 1220 2929 1280 und
2961 1218 3108 1278 Schwei¬

468 1225 630 1285 dichtung,
646 1226 694 1286 die
722 1228 776 1288 vom
820 1228 971 1288 „Grünen
1004 1229 1171 1289 Kakadu",
1188 1231 1312 1291 geboren

1360 1254 1434 1314 den.
1461 1255 1502 1315 Zu
1535 1252 1629 1312 diesen
1661 1252 1819 1312 Anfragen
1857 1251 1930 1311 wird
1962 1250 2215 1310 Bundeskanzler

2296 1270 2349 1330 nen
2380 1268 2440 1328 aus
2471 1269 2519 1329 dem
2562 1270 2731 1330 Auslande
2761 1271 2786 1331 in
2816 1273 2870 1333 dem
2913 1271 3009 1331 Maße
3040 1272 3106 1332 ein¬

466 1268 511 1328 die
551 1269 631 1329 seine
671 1270 767 1330 ganze
819 1272 977 1332 elegische,
1012 1273 1312 1333 zwischenlichtartig

1363 1300 1424 1360 Dr.
1447 1297 1633 1357 Buresch
1667 1296 1695 1356 in
1735 1297 1803 1357 sehr
1843 1297 2079 1357 ausführlicher
2114 1295 2215 1355 Weise

460 1312 563 1372 Kunst
595 1312 620 1372 in
657 1314 745 1374 einen
782 1315 838 1375 Akt
870 1315 1181 1375 zusammenpreßte.
1208 1317 1332 1377 Unver¬

2289 1322 2477 1382 zuschränken
2520 1324 2624 1384 wäre,
2653 1324 2701 1384 als
2737 1324 2785 1384 die
2814 1324 3002 1384 inländische
3031 1324 3100 1384 An¬

1364 1342 1510 1402 Stellung
1544 1342 1695 1402 nehmen.

469 1357 601 1417 gänglich
631 1360 706 1420 auch
735 1358 792 1418 sein
834 1358 1013 1418 „Reigen",
1037 1360 1117 1420 diese
1141 1362 1326 1422 bitterbösen

2286 1376 2439 1436 lieferung
2466 1375 2567 1435 steigt;

465 1399 656 1459 Gespräche,
683 1399 730 1459 die
767 1399 825 1459 aus
874 1400 963 1460 einer
1001 1401 1132 1461 Stunde
1176 1403 1228 1463 des
1271 1401 1334 1461 Er¬

1363 1432 1430 1492 Die
1465 1430 1695 1490 dringliche
1731 1428 1918 1488 Aufrage
1961 1428 2029 1488 der
2064 1428 2217 1488 Sozial¬

2323 1430 2362 1490 b)
2387 1428 2443 1488 den
2476 1428 2637 1488 Entwurf
2662 1428 2750 1488 eines
2775 1431 2912 1491 Gesetzes
2945 1428 3025 1488 über
3050 1430 3097 1490 die

467 1443 602 1503 kennens
658 1443 727 1503 eine
778 1444 828 1504 des
884 1446 1004 1506 ewigen
1060 1449 1300 1509 Nichterkennen

2288 1479 2474 1539 Errichtung
2501 1480 2580 1540 eines
2607 1484 3025 1544 Außenhandelsmonopols
3053 1484 3099 1544 für

465 1488 611 1548 machen.

1649 1494 1928 1554 demokraten.

2286 1533 2452 1593 Getreide=
2484 1533 2545 1593 und
2577 1533 2843 1593 Mahlprodulte;

518 1548 589 1608 Wer
614 1549 691 1609 wird
716 1551 848 1611 geliebt,
866 1551 926 1611 wer
951 1552 1040 1612 liebt,
1059 1553 1106 1613 wo
1131 1554 1167 1614 ist
1191 1555 1329 1615 Heimat,

1403 1560 1461 1620 Die
1496 1560 1665 1620 dringliche
1692 1561 1827 1621 Anfrage
1862 1560 1911 1620 der
1938 1558 2216 1618 Sozialdemokra¬

2324 1587 2364 1647 o)
2382 1587 2555 1647 Entwürfe
2572 1587 2630 1647 von
2656 1587 2787 1647 Gesetzen
2821 1588 2894 1648 über
2912 1588 2961 1648 die
2979 1587 3101 1647 Errich¬

468 1591 709 1651 Bestimmung,
734 1592 777 1652 wo
808 1592 882 1652 hört
908 1593 1086 1653 Abenteuer
1112 1596 1167 1656 auf
1193 1596 1247 1656 und
1279 1597 1328 1657 be¬
1434 1613 1551 1673 lauiet;

468 1634 561 1694 ginni
606 1634 660 1694 der
690 1634 773 1694 Sinn
808 1636 891 1696 eines
922 1637 1069 1697 Lebens?
1114 1637 1187 1697 Das
1222 1639 1320 1699 waren

2287 1640 2360 1700 tung
2390 1638 2441 1698 von
2471 1640 2885 1700 Großhandelsmonopalen
2915 1640 2966 1700 für
2989 1643 3106 1703 Kohle,

1434 1676 1470 1736 1.
1495 1677 1555 1737 Ist
1580 1675 1628 1735 die
1659 1673 1970 1733 Bundesregierung
2007 1673 2122 1733 bereit,
2147 1672 2195 1732 dem

468 1676 655 1736 Schnitzlers
684 1676 805 1736 Fragen
839 1678 872 1738 an
906 1679 955 1739 sich
983 1681 1044 1741 und
1072 1681 1149 1741 seine
1177 1682 1332 1742 Umwelt.

2282 1691 2402 1751 Benzin
2437 1690 2494 1750 und
2529 1688 2660 1748 Zucker?

465 1719 512 1779 Er
539 1721 650 1781 wurde
682 1721 761 1781 nicht
788 1722 899 1782 müde,
920 1724 951 1784 zu
984 1724 1105 1784 zeigen,
1153 1727 1210 1787 wie
1237 1727 1321 1787 jeder

1395 1727 1607 1787 Nationalrat
1640 1727 1860 1787 unverzüglich
1893 1724 2066 1784 Entwürfe
2100 1725 2221 1785 folgen¬

2319 1743 2363 1803 5.
2389 1744 2446 1804 Ist
2472 1742 2522 1802 die
2549 1745 2855 1805 Bundesregierung
2888 1748 3002 1808 bereit,
3028 1748 3079 1808 dem

466 1763 562 1823 davon
596 1766 714 1826 sprach,
736 1766 779 1826 ein
813 1766 893 1826 jeder
926 1766 963 1826 ein
996 1767 1088 1827 Wort
1116 1769 1207 1829 dafür
1230 1769 1332 1829 hatte,

1398 1781 1452 1841 der
1478 1780 1589 1840 Gesetze
1614 1781 1818 1841 vorzulegen:

2284 1794 2499 1854 Nationalrat
2533 1796 2584 1856 den
2631 1797 2794 1857 Entwurf
2834 1799 2918 1859 eines
2959 1799 3102 1859 Kartell¬

466 1808 514 1868 die
536 1808 633 1868 Seele
655 1809 725 1869 aber
753 1809 811 1869 leer
839 1808 914 1868 blieb
947 1810 1006 1870 und
1034 1811 1082 1871 ins
1110 1812 1201 1872 Leere
1223 1813 1309 1873 blickt

1477 1834 1516 1894 a)
1550 1834 1635 1894 eines
1670 1833 1802 1893 Gesetzes
1837 1832 1916 1892 über
1950 1831 1996 1891 die
2023 1832 2216 1892 Einschrän¬

2292 1849 2348 1909 und
2406 1849 2694 1909 Monopolgesetzes
2752 1850 2959 1910 vorzulegen,
3011 1855 3097 1915 durch

468 1852 526 1912 und
554 1849 608 1909 ins
635 1852 726 1912 Leere
749 1852 840 1912 ging.
878 1852 975 1912 Wie?
997 1854 1121 1914 Wurde
1165 1855 1240 1915 alles
1268 1854 1321 1914 zur

1436 1885 1514 1945 kung
1551 1887 1599 1947 des
1637 1885 2044 1945 Doppelverdienertums;

469 1894 574 1954 großen
610 1894 731 1954 Szene,
777 1897 933 1957 unwahr,
979 1898 1130 1958 verbogen
1171 1898 1231 1958 und
1262 1899 1327 1959 un¬

2282 1900 2403 1960 welches
2430 1900 2474 1960 die
2501 1903 2757 1963 Verkaufspreise
2777 1903 2854 1963 aller
2874 1904 3015 1964 Kartelle
3035 1907 3092 1967 und

1469 1941 1512 2001 b)
1544 1939 1630 1999 eines
1662 1939 1799 1999 Gesetzes
1837 1939 1917 1999 über
1955 1939 2005 1999 die
2037 1939 2211 1999 Verpflich¬

468 1936 710 1996 wahrscheinlich
749 1938 813 1998 und
846 1939 916 1999 war
949 1941 1078 2001 dennoch
1117 1941 1143 2001 im
1192 1940 1332 2000 tiefsten,

2287 1953 2360 2013 aller
2381 1956 2822 2016 Privatunternehmungen,
2843 1957 2951 2017 welche
2972 1959 3013 2019 ein
3040 1959 3100 2019 tat¬

464 1982 543 2042 ganz
564 1981 787 2041 verschütteten
819 1984 936 2044 Grund
985 1984 1218 2044 wahrhaftiger
1245 1985 1329 2045 Aus¬

1435 1994 1515 2054 tung
1568 1993 1625 2053 der
1683 1993 1932 2053 Unternehmer,
1985 1993 2209 2053 freiwerdende

2298 2005 2450 2065 sächliches
2490 2007 2655 2067 Monopol
2689 2008 2741 2068 auf
2775 2009 2828 2069 dem
2882 2009 3086 2069 inländischen

468 2025 554 2085 druck
576 2024 656 2084 eines
684 2025 867 2085 Menschen,
890 2027 938 2087 der
965 2028 1078 2088 einfach
1106 2028 1186 2088 nicht
1209 2027 1322 2087 anders

1438 2045 1670 2105 Arbeitsstellen
1734 2046 1960 2106 ausschließlich
2017 2046 2107 2106 durch
2165 2043 2215 2103 die

2287 2055 2406 2115 Markte
2460 2058 2579 2118 haben,
2617 2060 2669 2120 der
2715 2058 2886 2118 staatlichen
2925 2060 3096 2120 Kontrolle

468 2067 595 2127 konnte?
651 2066 756 2126 Sollte
790 2068 822 2128 es
856 2070 905 2130 das
939 2072 1055 2132 geben,
1083 2070 1160 2130 Lüge
1194 2073 1321 2133 zugleich

1437 2100 1649 2160 paritätischen
1685 2100 1879 2160 öffeutlichen
1915 2099 2209 2159 Arbeitsnachweise

2281 2109 2498 2169 unterworfen
2533 2109 2683 2169 werden?

461 2111 635 2171 Wahrheit
659 2112 714 2172 sein
750 2114 884 2174 können,
913 2114 1031 2174 Armut
1060 2115 1184 2175 zugleich
1218 2117 1324 2177 Reich¬

1436 2161 1466 2221 zu
1497 2152 1644 2212 besetzen;

467 2154 554 2214 tum?
585 2154 652 2214 Und
683 2154 811 2214 konnten
843 2157 951 2217 Worte
977 2157 1049 2217 hin-
1070 2159 1131 2219 und
1158 2160 1327 2220 hergehen,

2318 2160 2361 2220 6.
2383 2162 2449 2222 Ist
2479 2162 2529 2222 die
2559 2163 2866 2223 Bundesregierung
2903 2166 3019 2226 bereit,
3049 2168 3099 2228 die

464 2196 584 2256 Worte,
601 2199 645 2259 die
667 2199 716 2259 die
738 2199 869 2259 kostbare
897 2199 1034 2259 Fassung
1062 2200 1110 2260 des
1133 2203 1231 2263 Herrn
1259 2202 1319 2262 von

1475 2208 1511 2268 c)
1537 2208 1617 2268 eines
1649 2208 1786 2268 Gesetzes
1818 2205 1892 2265 über
1917 2205 1966 2265 die
1992 2205 2209 2265 Herabsetzung

2276 2214 2515 2274 österreichische
2566 2217 2830 2277 Warenausfuhr
2895 2220 2982 2280 durch
3039 2221 3101 2281 Ab¬

467 2239 546 2299 Sala
578 2241 635 2301 aus
668 2240 720 2300 dem
768 2243 957 2303 „Einsamen
989 2241 1084 2301 Weg"
1121 2246 1221 2306 hatten
1258 2246 1316 2306 und

1437 2261 1490 2321 der
1520 2260 1696 2320 gesetzlichen
1733 2259 2022 2319 Höchstarbeitszeit
2046 2260 2105 2320 auf
2129 2258 2211 2318 vier¬

2286 2269 2457 2329 schließung
2555 2271 2647 2331 eines

2734 2273 3098 2333 Meistbegünftigungs¬

458 2280 511 2340 die
538 2282 669 2342 dennoch
707 2284 801 2344 nichts
834 2286 1013 2346 bedeuteten
1072 2287 1135 2347 und
1188 2288 1314 2348 zugleich

1437 2319 1477 2379 zig
1508 2315 1656 2375 Stunden
1686 2312 1899 2372 wöchentlich?

2279 2321 2444 2381 vertrages
2475 2323 2536 2383 mit
2562 2322 2617 2382 der
2648 2324 2752 2384 Union
2789 2326 2838 2386 der
2870 2325 3090 2385 sozialistischen

461 2328 538 2388 alles
572 2327 771 2387 bedeuteten,
816 2329 865 2389 die
893 2330 931 2390 am
976 2331 1197 2391 Tatsächlichen
1253 2333 1319 2393 sehr

1437 2369 1471 2429 2.
1495 2367 1570 2427 Was
1605 2367 1733 2427 gedenkt
1763 2367 1808 2427 die
1832 2366 2140 2426 Bundesregierung
2175 2369 2204 2429 zu

462 2369 570 2429 schnell
593 2372 891 2432 vorüberflatterten
930 2375 984 2435 und
1017 2376 1066 2436 den
1099 2375 1207 2435 Schein
1235 2377 1321 2437 eines

2285 2375 2588 2435 Sowjetrepubliken
2620 2378 2651 2438 zu
2684 2376 2835 2436 fördern?

458 2414 739 2474 bedeutungslosen
772 2417 926 2477 Friedens
980 2417 1043 2477 und
1097 2420 1182 2480 einer
1214 2419 1325 2479 bedeu¬

1390 2422 1465 2482 tun,
1490 2423 1528 2483 um
1573 2422 1603 2482 zu
1635 2420 1806 2480 verhüten,
1832 2420 1887 2480 daß
1919 2420 1963 2480 die
1995 2420 2209 2480 Bewirtschaf¬

2241 2446 2313 2506 Die
2330 2446 2598 2506 Schuldfrage
2616 2449 2681 2509 bei
2698 2450 2762 2510 der
2787 2453 3096 2513 Credit=Anstalt

461 2458 637 2518 tungslosen
677 2459 792 2519 Würde
821 2461 936 2521 gaben,
964 2461 1113 2521 während
1141 2463 1229 2523 dessen
1263 2463 1312 2523 sich

1390 2472 1467 2532 tung
1498 2473 1546 2533 der
1570 2470 1696 2530 Devisen
1727 2470 1883 2530 einerseits
1908 2470 1962 2530 zur
1987 2473 2203 2533 Vertenerung

464 2498 508 2558 die
541 2503 933 2563 Zusammengehörigkeit
961 2506 1016 2566 von
1055 2506 1242 2566 Menschen,
1271 2509 1314 2569 die

2275 2501 2333 2561 Die
2360 2506 2793 2566 christlichsozialen
2833 2509 2984 2569 Agrarier
3017 2510 3095 2570 wer¬

1392 2527 1607 2587 notwendiger
1653 2522 1902 2582 Lebensmittel,
1936 2524 2112 2584 anderseits
2158 2525 2208 2585 zur

461 2542 558 2602 ewige
585 2545 785 2605 Entfernung
818 2548 872 2608 von
910 2548 1072 2608 Menschen
1105 2548 1245 2608 entschied
1278 2548 1289 2608 -

2234 2557 2281 2617 den
2318 2560 2498 2620 gemeinsam
2547 2560 2607 2620 mit
2638 2558 2692 2618 den
2729 2563 3084 2623 Landbündlern

1395 2581 1577 2641 Stillegung
1601 2578 1653 2638 von
1683 2578 1847 2638 Betrieben
1877 2578 1965 2638 durch
1995 2578 2041 2638 den
2072 2578 2194 2638 Mange

459 2587 496 2647 an
524 2589 573 2649 den
600 2590 725 2650 Worten
753 2590 878 2650 vorbei,
895 2592 970 2652 ohne
993 2593 1123 2653 Worte.
1140 2596 1227 2656 „Wir
1249 2595 1324 2655 spie¬

2233 2611 2277 2671 die
2310 2614 2496 2674 Regierung
2529 2614 2669 2674 darüber
2696 2617 2952 2677 interpellieren,
2978 2619 3010 2679 ob
3049 2620 3093 2680 die

1388 2632 1419 2692 an
1458 2634 1638 2694 Rohstoffen
1677 2632 1786 2692 führt?

461 2627 505 2687 len
533 2632 666 2692 immer,
683 2633 743 2693 wer
766 2634 793 2694 es
821 2634 920 2694 weiß,
938 2634 976 2694 ist
993 2635 1092 2695 klug."
1115 2637 1159 2697 Es
1182 2637 1247 2697 war
1276 2637 1319 2697 die

2236 2667 2540 2727 Schuldfrage
2581 2670 2662 2730 bei
2704 2671 2785 2731 der
2833 2673 3096 2733 Crebit=An¬

462 2674 618 2734 Weisheit
646 2676 856 2736 Schnitzlers,
884 2678 964 2738 seine
997 2679 1094 2739 etwas
1132 2679 1224 2739 müde
1257 2679 1316 2739 Er¬

1430 2689 1500 2749 Ist
1518 2688 1559 2748 die
1584 2688 1889 2748 Bundesregierung
1914 2688 2138 2748 indbeiandere
2162 2691 2208 2751 be¬

461 2718 623 2778 kenntnis,
648 2719 696 2779 die
727 2722 751 2782 in
788 2723 884 2783 seinem
927 2724 1042 2784 ganzen
1079 2724 1169 2784 Werk
1200 2727 1223 2787 zu
1254 2725 1320 2785 fin¬

461 2761 515 2821 den
544 2766 597 2826 ist.

502 2823 576 2883 Was
606 2823 639 2883 er
663 2828 778 2888 immer
801 2826 916 2886 wieder
945 2829 1037 2889 zeigt,
1061 2828 1123 2888 war
1153 2830 1198 2890 die
1222 2832 1325 2892 faule,

454 2868 613 2928 wurmige
656 2868 746 2928 Welt
778 2870 974 2930 kleinlicher,
996 2872 1112 2932 vager,
1140 2873 1325 2933 verlogener

460 2910 518 2970 und
566 2912 788 2972 pendelhafter
841 2914 1084 2974 Beziehungen.
1137 2915 1321 2975 Vergebens

460 2957 579 3017 fragten
610 2957 651 3017 die
677 2957 936 3017 Dämmerseelen
984 2957 1050 3017 nach
1098 2959 1180 3019 einem
1227 2959 1325 3019 Men¬

459 3001 555 3061 schen,
584 3001 652 3061 nach
687 3001 772 3061 einem
823 3002 897 3062 Weg
932 3002 982 3062 ins
1017 3002 1130 3062 Freie.
1154 3005 1318 3065 Menschen

463 3044 592 3104 sperrten
644 3042 694 3102 sich
735 3044 791 3104 bei
825 3044 875 3104 ihm
933 3044 989 3104 ab,
1029 3046 1215 3106 vergifteten
1267 3049 1317 3109 ihr

461 3088 606 3148 Inneres
633 3088 822 3148 jahrelang,
855 3087 914 3147 nur
947 3088 984 3148 um
1028 3088 1087 3148 auf
1110 3089 1157 3149 den
1196 3091 1319 3151 Augen¬

460 3130 531 3190 blick
553 3132 578 3192 zu
614 3132 753 3192 warten,
790 3130 841 3190 der
867 3130 918 3190 den
954 3131 1073 3191 andern
1120 3136 1309 3196 erniedrigen

463 3171 556 3231 sollte.
579 3172 851 3232 Innigstgeliebte
874 3174 1051 3234 empfingen
1085 3178 1240 3238 Zuhälter
1268 3177 1317 3237 der

458 3214 658 3274 Schöpfung,
691 3217 752 3277 und
794 3217 938 3277 zwischen
995 3220 1201 3280 Umarmung
1254 3221 1315 3281 und

458 3258 653 3318 Bettwärme
691 3258 796 3318 wurde
823 3259 860 3319 an
897 3258 955 3318 das
987 3261 1076 3321 Alibi
1103 3262 1241 3322 gedacht,
1268 3264 1320 3324 der

458 3300 574 3360 Betrug
627 3303 674 3363 des
722 3304 885 3364 Betruges
928 3303 1123 3363 ausgeheckt.
1165 3306 1318 3366 Minister

453 3345 571 3405 trieben
628 3346 696 3406 mit
727 3346 861 3406 Völkern
914 3348 1022 3408 Spott
1064 3349 1115 3409 als
1162 3350 1224 3410 wie
1261 3353 1322 3413 mit

459 3390 571 3450 Larven
616 3392 675 3452 auf
702 3391 789 3451 einem
838 3391 1108 3451 Fastnachtsball.
1152 3396 1206 3456 In
1239 3396 1314 3456 sechs

455 3435 581 3495 Wochen
613 3435 883 3495 Sommerfrische
910 3438 978 3498 ging
1021 3437 1073 3497 der
1110 3436 1200 3496 Sinn
1227 3440 1311 3500 eines

460 3479 574 3539 Lebens
606 3479 635 3539 zu
671 3479 776 3539 zweien
812 3479 907 3539 kaput
933 3478 993 3538 und
1018 3479 1129 3539 konne
1160 3480 1184 3540 im
1230 3481 1320 3541 näch¬

455 3521 509 3581 sten
545 3523 736 3583 Augenblick
757 3522 872 3582 wieder
908 3524 1038 3584 geleimt
1064 3524 1209 3584 werden.
1245 3526 1315 3586 Vor

452 3566 653 3626 Sterbenden
689 3567 809 3627 werden
841 3566 911 3626 noch
952 3565 1032 3625 letzte
1073 3569 1204 3629 Masken
1250 3571 1320 3631 auf¬

454 3613 556 3673 gesetzt
588 3611 649 3671 und
681 3611 737 3671 auf
763 3609 819 3669 dem
871 3611 1103 3671 Semmering,
1139 3614 1165 3674 im
1217 3614 1319 3674 Salz¬

453 3653 653 3713 kammergut
676 3654 796 3714 flirtete
840 3655 904 3715 eine
943 3656 1145 3716 Gesellschaft
1172 3657 1221 3717 sich
1254 3659 1308 3719 von

455 3697 557 3757 Duell
585 3697 611 3757 zu
649 3699 762 3759 Duell,
790 3697 843 3757 vom
898 3697 1092 3757 Zweikampf
1120 3700 1173 3760 der
1207 3702 1314 3762 Hähne

461 3743 510 3803 zum
560 3742 765 3802 Zweikampf
794 3739 848 3799 der
882 3742 1026 3802 Waffen.
1066 3742 1188 3802 Welche
1221 3746 1320 3806 Welt!

458 3785 589 3845 Immer
616 3787 722 3847 wurde
754 3784 790 3844 sie
813 3784 865 3844 bei
892 3787 1061 3847 Schnitzler
1088 3790 1320 3850 überwunden.

454 3829 499 3889 Er
529 3829 644 3889 begann
680 3829 784 3889 schon:
814 3830 987 3890 „Liebelei"
1016 3833 1080 3893 und
1116 3834 1196 3894 sollte
1226 3834 1312 3894 Liebe

455 3873 585 3933 heißen,
603 3873 693 3933 Liebe
722 3873 801 3933 sein.
819 3873 915 3933 Statt
938 3873 1034 3933 dessen
1064 3876 1136 3936 ging
1171 3878 1245 3938 alles
1274 3876 1312 3936 an

455 3918 593 3978 Liebelei
615 3918 797 3978 zugrunde.
819 3918 957 3978 Immer
985 3918 1043 3978 hob
1076 3919 1107 3979 er
1140 3918 1188 3978 sich
1221 3921 1316 3981 davon

455 3959 510 4019 ab,
538 3960 676 4020 sonderte
710 3959 759 4019 sich
793 3961 848 4021 von
887 3961 981 4021 dieser
1009 3962 1109 4022 geilen
1148 3965 1319 4025 Gefräßig¬

452 4003 521 4063 keit,
548 4003 595 4063 der
628 4002 702 4062 alles
739 4004 888 4064 Freiwild
921 4005 1085 4065 geworden
1123 4005 1175 4065 ist:
1213 4007 1314 4067 Men¬

455 4050 629 4110 schentum,
667 4050 789 4110 Kunst,
832 4050 959 4110 Natur,
991 4050 1102 4110 Liebe.
1145 4050 1209 4110 Die
1246 4050 1320 4110 ver¬

456 4094 627 4154 schmutzten
683 4092 787 4152 Dinge
843 4094 931 4154 einer
982 4095 1187 4155 entgötterten
1242 4097 1319 4157 Zeit

463 4139 585 4199 wurden
623 4139 677 4199 von
715 4139 764 4199 ihm
820 4139 850 4199 in
900 4139 948 4199 die
986 4142 1078 4202 Hand
1109 4142 1317 4202 genommen,
