3392 4320
212 287 283 347 2.
339 288 835 348 Schnitzler
900 287 935 347 s
1001 285 1238 345 Death

449 918 1160 978 OBSERVER

539 969 564 1029 I.
577 969 699 1029 österr.
708 972 860 1032 behördl.
873 975 1177 1035 konzessioniertes

495 1010 731 1070 Unternehmen
761 1013 808 1073 für
830 1016 1215 1076 Zeitungs-Ausschnitte

540 1068 691 1128 WIEN,
718 1076 764 1136 I.,
791 1076 1082 1136 WOLLZEILE
1129 1079 1174 1139 11

641 1124 860 1184 TELEPHON
891 1127 1069 1187 R-23-0-43

442 1264 664 1324 Ausschnitt
691 1267 780 1327 aus:

898 1321 958 1381 Der
985 1326 1072 1386 Tag,
1091 1324 1169 1384 Wien

864 1425 987 1485 NOV.
1015 1422 1076 1482 193

597 1538 751 1598 Arthur
789 1539 997 1599 Schnitzler
1036 1539 1272 1599 gestorben.

443 1612 483 1672 Ju
513 1606 570 1666 der
600 1609 820 1669 vergangenen
855 1607 965 1667 Woche
995 1608 1035 1668 ist
1065 1609 1151 1669 einer
1181 1609 1233 1669 der
1262 1611 1500 1671 bedeutendsten

355 1649 480 1709 Dichter
511 1649 727 1709 Österreichs,
746 1649 872 1709 Arthur
896 1652 1082 1712 Schnitzler,
1107 1654 1239 1714 plötzlich
1270 1655 1444 1715 gestorben.

444 1695 498 1755 Ich
533 1691 611 1751 weiß
641 1694 738 1754 nicht,
759 1693 792 1753 ob
827 1693 876 1753 ihr
906 1697 984 1757 schon
1019 1697 1141 1757 einmal
1171 1698 1269 1758 seinen
1304 1698 1426 1758 Namen
1461 1697 1509 1757 ge¬

353 1731 428 1791 hört
454 1733 545 1793 habt,
571 1735 647 1795 denn
683 1736 856 1796 Schnitzler
887 1736 942 1796 hat
968 1739 1028 1799 gar
1059 1739 1155 1799 nichts
1186 1739 1400 1799 geschrieben,
1446 1739 1511 1799 was

357 1778 404 1838 für
434 1776 553 1836 Kinder
606 1779 796 1839 interessant
821 1781 878 1841 und
912 1781 1055 1841 geeignet
1079 1782 1179 1842 wäre.
1228 1783 1327 1843 Seine
1357 1783 1509 1843 Thrater¬

349 1817 438 1877 stücke
468 1820 526 1880 und
561 1820 709 1880 Romane
739 1821 798 1881 sind
853 1821 906 1881 für
937 1823 1158 1883 Erwachsene,
1208 1825 1277 1885 man
1317 1827 1425 1887 könnte
1455 1825 1513 1885 fast

356 1864 466 1924 sagen:
487 1864 542 1924 für
573 1864 668 1924 ältere
704 1866 794 1926 Leute
825 1864 1037 1924 geschrieben,
1083 1869 1158 1929 denn
1194 1867 1370 1927 Schnitzler
1401 1868 1506 1928 schrieb

352 1906 471 1966 immer
500 1906 557 1966 von
596 1907 705 1967 Leuten
744 1909 806 1969 und
835 1909 887 1969 für
916 1910 1012 1970 Leute
1065 1910 1122 1970 vor
1151 1912 1203 1972 dem
1251 1915 1361 1975 großen
1400 1915 1514 1975 Krieg,

351 1948 415 2008 und
445 1948 488 2008 die
514 1948 577 2008 sind
607 1949 656 2009 den
691 1951 853 2011 Menschen
908 1954 1036 2014 unserer
1066 1954 1149 2014 Tage
1204 1954 1248 2014 ein
1283 1956 1381 2016 wenig
1411 1957 1509 2017 fremd

352 1993 539 2053 geworden.
568 1990 654 2050 Aber
689 1992 841 2052 vielleicht
876 1995 995 2055 werdet
1030 1997 1140 2057 gerade
1179 1997 1279 2057 darum
1328 1999 1419 2059 ihr,
1467 1997 1515 2057 die

347 2034 569 2094 Erwachsenen
610 2035 747 2095 späterer
778 2037 866 2097 Tage
906 2039 956 2099 den
996 2042 1134 2102 großen,
1159 2041 1282 2101 feinen,
1307 2042 1406 2102 stillen
1446 2039 1504 2099 und

352 2079 455 2139 zarten
485 2078 612 2138 Dichter
637 2078 804 2138 besonders
834 2083 858 2143 zu
888 2082 1010 2142 schätzen
1046 2082 1167 2142 wissen,
1188 2085 1261 2145 denn
1291 2082 1320 2142 er
1345 2082 1423 2142 wird
1444 2084 1507 2144 euch

352 2121 411 2181 von
446 2121 553 2181 Zeiten
589 2122 755 2182 erzählen,
800 2127 849 2187 die
879 2127 962 2187 dann
1002 2126 1105 2186 längst
1135 2127 1312 2187 vergangen
1352 2127 1410 2187 sind
1450 2126 1509 2186 und

352 2163 440 2223 deren
475 2166 656 2226 Schönheit
681 2168 744 2228 und
774 2170 852 2230 Reiz
882 2171 911 2231 er
961 2172 1019 2232 wie
1054 2172 1108 2232 kein
1142 2172 1274 2232 anderer
1304 2172 1500 2232 festgehalten

355 2207 432 2267 hat.

882 2966 1111 3026 Ostland,
1133 2941 1406 3001 Fürstenlel

995 3045 1101 3105 1.
1121 3052 1255 3112 NOV.

392 3142 463 3202 Der
497 3147 629 3207 Dichter
663 3155 795 3215 Arthur
824 3163 1006 3223 Schnitzler
1039 3169 1078 3229 ist
1106 3169 1134 3229 in
1173 3173 1277 3233 seiner
1317 3176 1405 3236 Villa
1444 3179 1471 3239 zu

307 3191 447 3251 Döbling
482 3196 507 3256 im
553 3200 612 3260 69.
638 3205 859 3265 Lebensjahre
889 3211 925 3271 an
965 3215 1050 3275 einer
1081 3222 1352 3282 Gehirnblutung
1382 3229 1477 3289 plötz¬

307 3239 356 3299 lich
395 3244 581 3304 gestorben.
607 3252 783 3312 Schnitzler
813 3256 886 3316 war
916 3260 999 3320 nicht
1029 3263 1092 3323 nur
1122 3266 1167 3326 ein
1206 3270 1274 3330 sehr
1304 3276 1480 3336 erfolgrei¬

304 3286 374 3346 cher
402 3294 639 3354 Dramatiker,
662 3298 713 3358 der
746 3302 778 3362 u.
802 3303 834 3363 a.
862 3306 932 3366 auch
965 3310 1020 3370 den
1053 3312 1122 3372 viel
1146 3318 1331 3378 befehdeten
1374 3324 1476 3384 „Rei¬

303 3340 383 3400 gen“
413 3340 517 3400 schuf,
541 3346 670 3406 sondern
709 3350 832 3410 verriet
861 3356 928 3416 auch
962 3358 990 3418 in
1024 3363 1128 3423 seinen
1167 3367 1267 3427 vielen
1306 3372 1472 3432 erzählen¬

294 3384 351 3444 den
395 3387 538 3447 Werken
582 3396 649 3456 eine
683 3402 952 3462 hervorragende
990 3410 1192 3470 Begabung.
1221 3415 1235 3475 —
1293 3421 1475 3481 Schnitzler

290 3434 406 3494 wurde
439 3440 499 3500 auf
529 3443 584 3503 dem
636 3447 776 3507 Wiener
805 3456 1113 3516 Zentralfriedhofe
1146 3461 1174 3521 in
1211 3464 1268 3524 dem
1329 3467 1375 3527 en
1413 3470 1468 3530 der

298 3485 522 3545 israelitischen
566 3496 856 3556 Kultusgemeinde
895 3505 1110 3565 gewidmeten
1148 3515 1363 3575 Ehrengrabe
1402 3516 1468 3576 bei¬

295 3533 427 3593 gesetzt.

1448 285 1581 345 box
1656 285 1893 345 43/14

2156 649 2411 709 OBS

2551 658 2870 718 RVER

2241 703 2265 763 I.
2278 703 2400 763 österr.
2413 709 2560 769 behördl.
2573 713 2871 773 konzessioniertes

2196 746 2428 806 Unternehmen
2458 750 2505 810 für
2531 754 2913 814 Zeitungs-Ausschnitte

2248 802 2391 862 WIEN,
2418 810 2470 870 I.,
2497 813 2778 873 WOLLZEILE
2825 816 2863 876 11

2341 858 2559 918 TELEPHON
2590 864 2763 924 R-23-0-43

2140 996 2363 1056 Ausschnitt
2390 1001 2480 1061 aus:

2137 1216 2250 1276 vom:

2298 1422 2314 1482 1
2377 1422 2403 1482 X
2518 1439 2622 1499 1931

2059 1551 2256 1611 Arthur
2307 1545 2612 1605 Schnitzler
2673 1539 2959 1599 gestorben

2126 2613 2274 2673 Wenige
2314 2614 2468 2674 Monate
2502 2612 2568 2672 vor
2607 2608 2834 2668 Vollendung
2879 2604 2983 2664 seines

2082 2659 2143 2719 70.
2164 2655 2422 2715 Lebensjahres
2448 2652 2535 2712 starb
2567 2652 2592 2712 in
2628 2649 2721 2709 Wien
2758 2648 2814 2708 der
2840 2646 2994 2706 Drama¬

2077 2702 2156 2762 tiker
2194 2701 2261 2761 und
2292 2697 2538 2757 Schriftsteller
2576 2694 2710 2754 Arthur
2742 2691 2944 2751 Schnitzler.

2309 3846 2404 3906 Artur
2428 3847 2595 3907 Schnitzler
2620 3848 2666 3908 +.

2094 3914 2221 3974 Wenige
2251 3913 2378 3973 Monate
2400 3914 2449 3974 vor
2480 3913 2671 3973 Vollendüng
2693 3912 2785 3972 seines
2814 3911 2871 3971 70.

2091 3963 2318 4023 Lebensjahres
2349 3962 2422 4022 starb
2457 3960 2482 4020 in
2517 3962 2595 4022 Wien
2631 3962 2679 4022 der
2705 3959 2868 4019 Dramati¬

2116 4013 2157 4073 ker
2193 4012 2250 4072 und
2287 4011 2504 4071 Schriftsteller
2535 4011 2633 4071 Artur
2670 4008 2850 4068 Schnitzler.
