3392 4320
1735 228 1884 288 hatrr
1936 231 1985 291 in
2037 231 2085 291 di
2137 240 2299 300 fabal
2351 246 2501 306 nines
2553 246 2664 306 Klni

1736 347 2095 407 abperacherten
2164 356 2297 416 Uhem
2378 357 2433 417 inn
2479 366 2623 426 Vern

1729 465 2140 525 nacheinandr
2211 471 2320 531 nnd
2351 473 2461 533 auf
2502 481 2631 541 bren

1744 569 2293 629 Ka....
2347 572 2390 632 ..
2480 575 2577 635 -0

691 877 864 937 „Schnitzler
893 875 959 935 war
987 877 1011 937 ja
1049 878 1124 938 nicht
1153 876 1208 936 nur
1237 877 1279 937 ein
1317 876 1477 936 Zartling:
1501 878 1623 938 sondern

1687 879 1800 939 „Georg
1837 879 1993 939 Hermann
2030 879 2061 939 ist
2094 878 2139 938 ein
2177 878 2382 938 Kleinmaler,
2406 876 2456 936 der
2488 876 2520 936 um
2575 879 2625 939 das

693 932 894 992 unaufheblich
934 930 978 990 ein
1018 932 1180 992 Förderer.
1205 933 1274 993 Der
1304 932 1432 992 Begriff
1462 932 1624 992 „Kämpfer

1690 933 1785 993 Große
1805 933 1895 993 weiß.
1920 933 1962 993 Er
1982 932 2092 992 erzählt
2121 931 2183 991 voll
2203 931 2293 991 Stille
2318 931 2370 991 und
2399 930 2432 990 ist
2452 930 2513 990 doch
2548 932 2624 992 nicht

1687 986 1784 1046 ruhig.
1799 987 1835 1047 Er
1855 987 1957 1047 würde
1976 984 2018 1044 die
2037 987 2191 1047 Menschen
2219 984 2280 1044 noch
2304 984 2359 1044 viel
2379 984 2458 1044 mehr
2477 984 2598 1044 lieben¬

693 987 749 1047 gilt
770 985 831 1045 auch
857 984 908 1044 für
935 986 976 1046 die
997 986 1146 1046 scheinbar
1172 985 1310 1045 Blassen.

1685 1039 1759 1099 kraft
1782 1040 1861 1100 eines
1884 1038 2087 1098 angeborenen
2114 1038 2220 1098 Triebs
2247 1038 2273 1098 zu
2296 1037 2384 1097 lieben
2411 1037 2464 1097 —,
2478 1037 2557 1097 wenn
2584 1037 2623 1097 die

691 1038 795 1098 Dieser
820 1040 1058 1100 Empfindsame
1088 1038 1151 1098 half
1182 1041 1281 1101 etwa,
1306 1041 1355 1101 den
1395 1040 1628 1100 militaristischen

1693 1092 1832 1152 Menschen
1869 1091 2101 1151 liebenswerter
2133 1091 2251 1151 wären.
2279 1090 2360 1150 Aber
2392 1086 2432 1146 die
2465 1091 2628 1151 Bitterkeit

691 1094 919 1154 Heldenbegriff
945 1094 969 1154 zu
994 1094 1192 1154 entblättern.

1685 1145 1773 1205 bleibt
1794 1147 1867 1207 ganz
1887 1148 1941 1208 tief
1961 1148 2014 1208 auf
2035 1147 2083 1207 dem
2128 1145 2251 1205 Grunde
2276 1143 2369 1203 seiner
2389 1143 2502 1203 Seele,
2517 1145 2551 1205 sie
2571 1143 2625 1203 ätzt

691 1148 791 1208 Hängt
806 1148 849 1208 ihm
888 1148 964 1208 ruhig
989 1148 1075 1208 kleine
1094 1148 1233 1208 Mädchen
1258 1148 1286 1208 an
1315 1150 1382 1210 (und
1402 1148 1540 1208 Frauen,
1550 1148 1631 1208 nach¬

1687 1198 1743 1258 und
1771 1200 1888 1260 zerstört
1912 1198 1986 1258 nicht
2010 1198 2061 1258 das
2090 1197 2268 1257 dichterische
2292 1195 2427 1255 Gewebe
2451 1197 2544 1257 seiner
2568 1197 2634 1257 Ro¬

680 1201 803 1261 mittags
822 1199 869 1259 von
898 1199 968 1259 Vier
983 1201 1020 1261 bis
1040 1201 1162 1261 Sechs),
1177 1201 1219 1261 als
1234 1201 1262 1261 ob
1286 1201 1328 1261 die
1352 1201 1423 1261 nicht
1438 1201 1484 1261 zur
1499 1198 1574 1258 Welt
1589 1198 1636 1258 ge=

1685 1252 1789 1312 mane,
1808 1251 1843 1311 sie
1871 1252 2026 1312 entsendet
2053 1252 2198 1312 vielmehr
2226 1249 2275 1309 den
2308 1252 2499 1312 nachdenklich
2531 1251 2617 1311 stillen

693 1255 810 1315 hörten.
824 1255 887 1315 Das
911 1253 1070 1313 nebenbei.
1084 1253 1120 1313 Es
1138 1255 1201 1315 war
1220 1255 1292 1315 nicht
1312 1255 1361 1315 sein
1384 1253 1593 1313 Hauptpunkt.

1684 1306 1818 1366 Humor,
1837 1305 1924 1365 jenes
1953 1305 2068 1365 einzige
2097 1306 2207 1366 Mittel
2231 1303 2284 1363 für
2313 1303 2361 1363 den
2395 1306 2630 1366 Schwächeren,

691 1309 748 1369 Der
773 1309 859 1369 Mann
888 1308 940 1368 aus
960 1306 1065 1366 Wien,
1080 1306 1205 1366 Schüler
1224 1309 1354 1369 Ibsens,
1364 1309 1406 1369 kam
1445 1308 1469 1368 in
1494 1306 1623 1366 Punkten

1681 1360 1772 1420 geistig
1802 1359 1859 1419 mit
1883 1357 1931 1417 dem
1975 1357 2133 1417 Stärkeren
2163 1358 2249 1418 fertig
2278 1357 2302 1417 zu
2336 1360 2470 1420 werden.
2495 1360 2567 1420 „Und
2591 1359 2624 1419 es

685 1360 760 1420 über
791 1360 839 1420 das
871 1360 1126 1420 Nordphänomen
1162 1360 1285 1420 hinaus.
1312 1360 1400 1420 Nicht
1427 1360 1546 1420 belohnt
1573 1359 1625 1419 von

1681 1413 1727 1473 kam
1765 1413 1816 1473 wie
1840 1411 1868 1471 es
1892 1413 2022 1473 kommen
2046 1413 2182 1473 mußte',
2196 1411 2276 1471 heißt
2295 1411 2332 1471 die
2356 1411 2496 1471 berühmt
2511 1413 2632 1473 gewor¬

688 1413 734 1473 der
763 1412 851 1472 nahen
889 1413 1038 1473 Umwelt.
1058 1411 1141 1471 Nicht
1166 1414 1352 1474 durchschaut
1376 1414 1399 1474 im
1446 1416 1535 1476 silbrig
1568 1412 1633 1472 ver¬

1685 1467 1752 1527 dene
1781 1465 2016 1525 Redewendung
2045 1467 2103 1527 aus
2127 1466 2261 1526 Jettchen
2291 1467 2424 1527 Gebert.
2439 1467 2506 1527 Das
2536 1469 2631 1529 heißt,

685 1470 795 1530 packten
824 1467 920 1527 Kern.
935 1467 978 1527 Er
997 1468 1083 1528 trug,
1098 1468 1285 1528 Edelmann,
1300 1468 1386 1528 mehr
1406 1468 1430 1528 in
1454 1470 1497 1530 sich
1526 1469 1569 1529 als
1593 1468 1621 1528 an

1686 1519 1733 1579 der
1753 1519 1949 1579 Schwächere
1969 1521 2021 1581 hat
2041 1521 2084 1581 sich
2113 1521 2372 1581 dreingefunden,
2387 1522 2454 1582 aber
2474 1521 2502 1581 er
2527 1521 2574 1581 hat
2594 1521 2622 1581 es

688 1524 748 1584 sich.
768 1521 804 1581 Er
820 1524 903 1584 war:
918 1521 960 1581 ein
984 1521 1288 1581 Vorwärtsbeweger
1307 1522 1382 1582 ohne
1401 1521 1593 1581 Nobelpreis.

1684 1575 1824 1635 durchaus
1852 1575 1924 1635 nicht
1947 1575 2056 1635 immer
2084 1578 2124 1638 als
2147 1578 2265 1638 gerecht
2288 1578 2465 1638 anerkannt.
2484 1578 2615 1638 Jettchen

693 1575 740 1635 Als
760 1573 788 1633 er
808 1573 831 1633 im
870 1578 1014 1638 Zimmer
1034 1578 1105 1638 jetzt,
1120 1578 1293 1638 gegenüber
1312 1576 1360 1636 vom
1399 1578 1629 1638 Türkenschanz¬

682 1629 768 1689 park,
783 1631 889 1691 umfiel
909 1631 961 1691 und
986 1631 1039 1691 aus
1063 1630 1140 1690 war,
1155 1630 1231 1690 hatte
1251 1630 1303 1690 sein
1329 1630 1391 1690 Tun
1420 1631 1458 1691 die
1478 1631 1569 1691 Erde,
1584 1628 1627 1688 die

685 1682 719 1742 er
740 1683 867 1743 verließ,
883 1685 917 1745 um
962 1685 1055 1745 einige
1075 1684 1179 1744 Grade
1199 1682 1361 1742 gebessert.

690 1739 752 1799 Und
772 1739 800 1799 um
839 1738 930 1798 einige
950 1738 1051 1798 Grade
1071 1736 1229 1796 verschönt.
1239 1739 1311 1799 Was
1331 1736 1393 1796 will
1408 1739 1484 1799 einer
1499 1736 1590 1796 sonst?

685 1792 726 1852 Er
750 1792 819 1852 ruht
829 1796 885 1856 ...
909 1795 983 1855 nicht
1006 1793 1029 1853 in
1058 1793 1202 1853 Frieden:
1226 1793 1295 1853 weil
1319 1793 1346 1853 er
1370 1794 1421 1854 das
1449 1795 1514 1855 alles
1543 1793 1607 1853 kaum

682 1847 776 1907 genug
801 1846 999 1906 vernommen
1029 1845 1103 1905 hat.“
1129 1843 1227 1903 Alfred
1257 1845 1346 1905 Kerr
1366 1843 1425 1903 (B.
1440 1844 1474 1904 T.
1490 1843 1573 1903 499).

686 1900 755 1960 Vgl.
782 1902 872 1962 auch:
894 1901 985 1961 Josef
1012 1900 1107 1960 Löbe!
1134 1900 1236 1960 (Voss.
1263 1900 1347 1960 Ztg.,
1375 1899 1519 1959 Unt.=Bl.
1541 1900 1631 1960 249);

688 1952 765 2012 Emil
781 1954 884 2014 Faktor
911 1953 1014 2013 (Berl.
1030 1954 1217 2014 Börs=Cour.
1228 1954 1305 2014 493;
1331 1955 1424 2015 Berl.
1446 1954 1632 2014 Börs.=Ztg.,

687 2010 780 2070 Kunst
809 2011 898 2071 247);
921 2011 975 2071 W.
999 2011 1059 2071 (D.
1077 2011 1109 2071 A.
1127 2011 1160 2071 Z.
1172 2010 1260 2070 487);
1283 2008 1327 2068 H.
1350 2010 1416 2070 St.
1439 2011 1511 2071 (Tag
1540 2008 1634 2068 253);

688 2063 727 2123 C.
758 2064 988 2124 Riepenhausen
1024 2063 1225 2123 (Kreuz=Ztg.
1255 2061 1350 2121 295);
1381 2064 1466 2124 Paul
1497 2064 1616 2124 Landau

689 2118 810 2178 (Bund,
837 2118 937 2178 Bern,
959 2117 1054 2177 495);
1076 2117 1144 2177 Crs.
1171 2115 1420 2175 (Rhein.=Westf.
1447 2118 1515 2178 Zig.
1537 2116 1632 2176 515);

686 2172 733 2232 M.
750 2173 867 2233 (Leipz.
889 2172 931 2232 N.
953 2173 1065 2233 Nachr.
1081 2171 1171 2231 296);
1188 2170 1245 2230 Ca.
1268 2172 1432 2232 (Königsb.
1455 2171 1534 2231 Allg.
1556 2172 1630 2232 Ztg.

692 2222 776 2282 196);
792 2227 872 2287 Hans
894 2225 930 2285 H.
946 2226 1036 2286 Adler
1053 2225 1179 2285 (Schles.
1196 2226 1264 2286 Ztg.
1275 2225 1370 2285 514);
1382 2225 1418 2285 E.
1434 2225 1465 2285 C.
1483 2225 1535 2285 (N.
1546 2225 1630 2285 Bad.

691 2279 873 2339 Landesztg.
899 2279 994 2339 535);
1031 2281 1152 2341 Johann
1193 2280 1330 2340 Frerking
1371 2281 1528 2341 (Hannov.
1559 2279 1634 2339 Kur.

686 2333 825 2393 496/97);
857 2335 924 2395 Ns.
945 2334 1002 2394 (B.
1023 2336 1064 2396 T.
1086 2335 1173 2395 498);
1210 2335 1319 2395 Albert
1351 2333 1454 2393 Malte
1486 2333 1625 2393 Wagner

687 2388 743 2448 (N.
759 2390 882 2450 Tagbl.,
898 2390 1078 2450 Stuttgart,
1089 2388 1176 2448 498);
1192 2389 1295 2449 Victor
1316 2390 1491 2450 Barnowsky
1517 2388 1573 2448 (B.
1595 2389 1625 2449 Z.

687 2443 715 2503 a.
733 2443 784 2503 M.
802 2443 888 2503 247).

993 2551 1102 2611 Georg
1131 2552 1317 2612 Hermann

965 2617 1039 2677 (Zum
1077 2616 1129 2676 60.
1141 2614 1353 2674 Geburtstag)

684 2681 743 2741 „In
768 2679 811 2739 der
832 2679 885 2739 Tat
901 2679 930 2739 ist
945 2678 1097 2738 Hermann
1117 2678 1290 2738 ebensosehr
1305 2679 1353 2739 der
1369 2677 1487 2737 Dichter
1502 2676 1620 2736 Berlins

685 2730 739 2790 wie
757 2730 898 2790 Theodor
916 2733 1075 2793 Fontane,
1084 2732 1133 2792 mit
1153 2730 1197 2790 dem
1234 2731 1260 2791 er
1279 2728 1397 2788 manche
1415 2727 1628 2787 Geweinsam¬

682 2785 741 2845 keit
756 2784 815 2844 hat.
830 2784 982 2844 Hermann
1008 2787 1037 2847 ist
1053 2785 1185 2845 jüdischer
1205 2784 1442 2844 Abstammung,
1453 2784 1526 2844 ohne
1541 2784 1624 2844 starke

2015 2816 2110 2876 Georg
2133 2817 2272 2877 Hermann

683 2838 837 2898 nationale
870 2838 1033 2898 Wurzeln;
1062 2839 1131 2899 aber
1159 2838 1191 2898 er
1220 2838 1271 2898 hat
1299 2838 1378 2898 seine
1407 2838 1546 2898 Wurzeln
1579 2838 1602 2898 im

1923 2879 2074 2939 Zeichnung
2098 2882 2146 2942 von
2175 2880 2212 2940 B.
2227 2881 2264 2941 F.
2274 2879 2374 2939 Dolbin

690 2892 828 2952 Lokalen.
844 2889 947 2949 Berlin
972 2891 1001 2951 ist
1022 2892 1066 2952 für
1086 2893 1125 2953 ihn
1150 2891 1194 2951 die
1215 2893 1353 2953 Heimat.
1368 2891 1461 2951 Wenn
1487 2891 1511 2951 er
1531 2891 1629 2951 Dinge

686 2945 741 3005 und
766 2947 923 3007 Menschen
949 2946 1040 3006 sieht,
1055 2945 1120 3005 sieht
1141 2945 1172 3005 er
1192 2945 1227 3005 sie
1248 2946 1273 3006 in
1304 2944 1394 3004 dieser
1415 2945 1607 3005 Verbindung

1675 2996 1794 3056 Gebert
1819 2996 1866 3056 hat
1896 2996 1948 3056 uns
1977 2996 2083 3056 frohe,
2102 2996 2169 3056 tiefe
2198 2998 2342 3058 Stunden
2372 2999 2534 3059 geschenkt.
2554 2998 2620 3058 Wir

682 3002 755 3062 sieht
781 2999 809 3059 er
835 3002 874 3062 sie
899 3001 923 3061 in
959 3000 1051 3060 dieser
1077 2999 1293 3059 Atmosphäre:
1318 3000 1446 3060 Berlin,
1466 3001 1520 3061 und
1550 2999 1624 3059 diese

1678 3050 1825 3110 wünschen
1860 3050 1908 3110 dem
1958 3051 2218 3111 Sechzigjährigen
2253 3051 2311 3111 viel
2336 3052 2439 3112 frohe,
2459 3054 2527 3114 tiefe
2557 3054 2615 3114 und

683 3052 876 3112 Atmosphäre
902 3055 936 3115 ist
956 3055 1001 3115 ihm
1046 3054 1190 3114 eigentlich
1220 3053 1269 3113 das
1294 3055 1453 3115 Wichtige.
1473 3052 1562 3112 Wenn
1597 3050 1621 3110 es

1680 3104 1945 3164 schaffenskräftige
1972 3106 2135 3166 Stunden.
2174 3107 2215 3167 H.
2237 3106 2273 3166 F.
2295 3108 2433 3168 (Stuttg.
2455 3109 2497 3169 N.
2513 3109 2629 3169 Tagbl.

686 3109 760 3169 nicht
786 3109 972 3169 widersinnig
1004 3109 1049 3169 ist,
1069 3107 1119 3167 auf
1145 3107 1210 3167 eine
1236 3107 1402 3167 Großstadt
1428 3109 1478 3169 den
1509 3108 1614 3168 Begrif

1677 3157 1769 3217 467).

683 3163 733 3223 der
751 3163 969 3223 Heimatkunde
993 3162 1220 3222 anzuwenden,
1234 3162 1302 3222 kann
1330 3163 1398 3223 man
1426 3163 1508 3223 wohl
1522 3163 1630 3223 sagen:

1681 3214 1786 3274 „Ohne
1810 3214 2006 3274 Lehrmeister
2026 3213 2054 3273 ist
2074 3212 2106 3272 er
2126 3214 2198 3274 nicht
2218 3212 2370 3272 gewesen,
2385 3214 2413 3274 es
2438 3214 2485 3274 hat
2505 3214 2624 3274 einmal

681 3217 834 3277 Hermann
868 3217 906 3277 ist
930 3217 982 3277 der
1012 3216 1260 3276 Heimatkünstler
1289 3216 1432 3276 Berlins.
1462 3216 1523 3276 Aus
1557 3216 1605 3276 dem

1679 3268 1758 3328 einen
1792 3267 1936 3327 Theodor
1965 3267 2109 3327 Fontane
2138 3267 2268 3327 gegeben
2302 3265 2362 3325 mit
2386 3266 2484 3326 seiner
2512 3267 2624 3327 geruh¬

687 3270 783 3330 Boden
807 3270 855 3330 der
875 3270 970 3330 Stadt
985 3270 1071 3330 saugt
1091 3270 1115 3330 er
1134 3270 1206 3330 seine
1231 3270 1350 3330 Kräfte,
1365 3270 1422 3330 mit
1437 3270 1485 3330 dem
1524 3267 1629 3327 Volks¬

1676 3324 1772 3384 samen
1801 3321 1868 3381 Lust
1893 3321 1921 3381 am
1965 3321 2133 3381 Erzählen,
2148 3321 2205 3381 mit
2229 3319 2277 3379 der
2297 3321 2450 3381 neutralen
2480 3321 2551 3381 Art,
2571 3321 2614 3381 sich

683 3324 729 3384 tum
772 3324 804 3384 ist
828 3324 855 3384 er
879 3324 1084 3384 verwachsen;
1103 3324 1131 3384 er
1155 3324 1243 3384 kennt
1267 3322 1308 3382 die
1337 3323 1434 3383 Stadt
1458 3324 1518 3384 nach
1547 3324 1616 3384 allen

1682 3378 1728 3438 vom
1775 3375 1971 3435 dichterischen
2008 3375 2115 3435 Objekt
2144 3375 2166 3435 zu
2199 3375 2390 3435 distanzieren
2423 3375 2478 3435 und
2512 3375 2600 3435 darum

681 3378 883 3438 Richtungen,
908 3378 999 3438 kennt
1028 3378 1077 3438 die
1106 3378 1275 3438 heimlichen
1314 3377 1424 3437 Gänge
1459 3378 1506 3438 des
1541 3377 1627 3437 Tier¬

1679 3429 1755 3489 selbst
1775 3429 1798 3489 in
1823 3429 1871 3489 den
1900 3428 2135 3488 Katastrophen,
2150 3429 2192 3489 die
2217 3429 2240 3489 er
2261 3430 2409 3490 schildert,
2419 3431 2467 3491 den
2496 3429 2610 3489 eigenen

674 3435 817 3495 gartens,
843 3435 891 3495 die
927 3430 1155 3490 Wasserstraßen
1200 3430 1254 3490 und
1294 3430 1343 3490 die
1378 3434 1521 3494 Brücken.
1557 3432 1620 3492 Und

1682 3484 1759 3544 Kopf
1780 3484 1847 3544 kühl
1868 3482 1894 3542 zu
1920 3482 2080 3542 behalten.

687 3487 810 3547 Berlin,
830 3486 878 3546 das
913 3486 972 3546 alte
998 3485 1100 3545 Berlin
1135 3485 1228 3545 seiner
1253 3485 1400 3545 Jugend,
1421 3487 1454 3547 ist
1480 3488 1543 3548 auch
1573 3485 1626 3545 der

1684 3537 1751 3597 Auch
1771 3536 1871 3596 Georg
1895 3539 2068 3599 Hermanns
2087 3537 2197 3597 Tragik
2212 3536 2332 3596 verliert
2352 3536 2413 3596 stets
2438 3536 2476 3596 die
2496 3536 2620 3596 Schrek¬

686 3542 909 3602 Kulturboden,
924 3539 970 3599 der
985 3539 1134 3599 Hermann
1158 3539 1209 3599 sein
1233 3539 1363 3599 geistiges
1387 3539 1438 3599 und
1462 3542 1625 3602 kulturelles

1679 3593 1722 3653 ken
1747 3593 1907 3653 kochender
1931 3591 2135 3651 Leidenschaft
2154 3590 2208 3650 und
2237 3590 2285 3650 löst
2305 3591 2349 3651 sich
2378 3590 2402 3650 in
2427 3590 2469 3650 die
2495 3590 2625 3650 Melodie

679 3596 826 3656 Gepräge
847 3593 969 3653 gegeben
1000 3593 1073 3653 hat.“
1098 3595 1186 3655 Peter
1206 3596 1393 3656 Hamecher
1414 3595 1516 3655 (Berl.
1532 3595 1629 3655 Börs.¬

1683 3647 1759 3707 eines
1789 3647 1899 3707 sanften
1933 3647 2164 3707 Traumliedes.
2188 3646 2332 3706 Wärmer
2352 3646 2395 3706 als
2419 3645 2472 3705 sein
2501 3647 2626 3707 Meister

694 3652 775 3712 Ztg.,
791 3652 883 3712 Kunst
899 3648 990 3708 231).

1606 3722 1672 3782 148
