3392 4352
1456 291 1580 351 box
1651 292 1838 352 42/7

165 292 276 352 12.
340 295 935 355 Schnitzler's
999 291 1234 351 Death

583 2849 817 2909 AUSSCHMITT
838 2855 925 2915 VON.

1063 2888 1146 2948 22.
1164 2885 1265 2945 0KI.
1275 2891 1392 2951 1931

503 3028 796 3088 Könlgsberger
840 3034 995 3094 Aligem.
1022 3038 1203 3098 Zeitung.
1230 3043 1472 3103 Hönlgsberg
1499 3043 1532 3103 I.
1550 3039 1610 3099 Pr.

874 3097 1233 3157 Morgen-Ausgabe

943 3204 1139 3264 Arthur
1179 3209 1451 3269 Schnitzler

1258 3263 1283 3323 ir
1305 3264 1434 3324 Wien,
1450 3267 1502 3327 21.
1518 3267 1658 3327 Oktober.

816 3305 851 3365 In
887 3306 969 3366 seiner
994 3306 1070 3366 Villa
1095 3307 1124 3367 in
1149 3308 1355 3368 Döbling,
1373 3313 1409 3373 ist
1427 3313 1575 3373 Mittwoch
1599 3316 1687 3376 abend

757 3338 786 3398 um
832 3341 862 3401 6½
908 3343 983 3403 Uhr,
1019 3344 1043 3404 im
1084 3345 1134 3405 69.
1150 3348 1346 3408 Lbensjahr,
1381 3352 1431 3412 der
1472 3353 1587 3413 Dichter
1628 3355 1693 3415 Dr.

755 3391 918 3451 Arthur
961 3395 1188 3455 Schnitzler
1237 3397 1268 3457 an
1321 3398 1400 3458 einer
1443 3400 1685 3460 Gehirnblutung

752 3440 934 3500 plötzlich
962 3440 1199 3500 gestorben.

812 3486 868 3546 Der
894 3488 951 3548 Tod
977 3488 1090 3548 Arthur
1111 3491 1286 3551 Schnitzlers
1313 3496 1369 3556 kain
1395 3495 1472 3555 selbst
1498 3497 1580 3557 seiner
1607 3499 1668 3559 näch

754 3525 800 3585 sten
838 3526 1011 3586 Umgebung
1039 3530 1362 3590 überraschend.
1404 3531 1497 3591 Heute
1526 3535 1684 3595 vormittag

756 3563 919 3623 unternahm
956 3565 1110 3625 Schnitzler
1134 3568 1192 3628 noch
1215 3568 1292 3628 einen
1320 3571 1538 3631 Spaziergang,
1557 3574 1602 3634 von
1630 3576 1675 3636 dem

752 3601 781 3661 er
806 3601 889 3661 gegen
924 3604 953 3664 11
984 3604 1047 3664 Uhr
1072 3604 1135 3664 nach
1165 3604 1264 3664 Hause
1289 3607 1490 3667 zuruckkehrte.
1530 3612 1569 3672 Um
1618 3615 1681 3675 112

756 3638 811 3698 Uhr
840 3640 905 3700 fand
934 3640 980 3700 ihn
1013 3643 1088 3703 seine
1116 3643 1284 3703 Sekretärin
1317 3646 1481 3706 bewußtlos
1509 3649 1542 3709 am
1585 3650 1677 3710 Boden

750 3679 877 3739 liegend.
922 3679 965 3739 Er
991 3680 1039 3740 hat
1064 3680 1113 3740 die
1138 3683 1225 3743 ganze
1255 3685 1323 3745 Zeit
1349 3685 1417 3745 über
1447 3685 1490 3745 bis
1515 3687 1544 3747 zu
1579 3689 1667 3749 seinem

749 3715 819 3775 Tode
843 3718 918 3778 nicht
942 3718 1016 3778 einen
1050 3720 1224 3780 Augenblick
1248 3721 1327 3781 mehr
1351 3722 1403 3782 das
1427 3723 1610 3783 Bewußtsein
1643 3727 1685 3787 er¬

747 3752 845 3812 langt.
884 3756 925 3816 An
958 3756 1047 3816 seinem
1090 3757 1282 3817 Sterbelager
1307 3759 1405 3819 weilte
1429 3762 1480 3822 sein
1509 3764 1602 3824 sofort
1626 3763 1687 3823 her¬

749 3794 947 3854 beigerufener
971 3795 1107 3855 Bruder,
1127 3796 1235 3856 Hofrat
1259 3797 1311 3857 und
1340 3801 1684 3861 Universitätsprofessor

760 3831 814 3891 Dr.
830 3831 986 3891 Julius
1011 3835 1253 3895 Schnitzler,
1269 3836 1324 3896 und
1344 3837 1389 3897 die
1405 3841 1525 3901 übrigen
1546 3843 1570 3903 in
1596 3843 1671 3903 Wien

755 3868 905 3928 weilenden
937 3873 1139 3933 Angehörigen
1171 3875 1212 3935 des
1239 3876 1389 3936 Dichters.

806 3966 860 4026 Als
887 3970 963 4030 Sohn
996 3973 1039 4033 des
1067 3972 1225 4032 bekannten
1258 3974 1372 4034 Wiener
1400 3976 1519 4036 Arztes,
1536 3980 1682 4040 Professor

746 4022 913 4082 Johann
954 4025 1128 4085 Schnitzler,
1155 4025 1256 4085 wurde
1290 4027 1403 4087 Arthur
1438 4028 1592 4088 Schnitzler
1626 4032 1658 4092 am

2059 625 2405 685 OBSI

2481 630 2771 690 RVER

2151 685 2172 745 l.
2186 685 2307 745 österr.
2321 685 2469 745 behördl.
2482 688 2782 748 konzessioniertes

2103 726 2337 786 Unternehmen
2369 727 2414 787 für
2442 727 2829 787 Zeitungs-Ausschnitte

2160 783 2305 843 WIEN,
2333 786 2385 846 I.,
2412 789 2690 849 WOLLZEILE
2745 789 2783 849 11

2254 837 2471 897 TELEPHON
2508 838 2683 898 R-23-0-43

2052 977 2278 1037 Ausschnitt
2306 977 2397 1037 aus:

2093 1183 2464 1243 Dusseldorfer
2498 1192 2837 1252 Nachrichten

2173 1253 2342 1313 Auflage
2380 1256 2498 1316 100000
2531 1261 2764 1321 Exemplare

2519 1317 2565 1377 22
2612 1318 2705 1378 OKI.
2714 1320 2798 1380 195.

2474 1345 2566 1405 Horen
2592 1368 2703 1428 auabe
2722 1368 2765 1428 vom

2183 1361 2298 1421 Aunadni
2335 1364 2371 1424 aus
2393 1365 2434 1425 der

2081 1571 2303 1631 Artur
2361 1583 2741 1643 Schnitzler

2061 1652 2207 1712 Wien,
2242 1658 2292 1718 21.
2321 1659 2485 1719 Oktober.
2537 1664 2758 1724 (Drahtb.)
2804 1670 2916 1730 Artur

2008 1703 2245 1763 Schnitzler
2284 1706 2322 1766 ist
2356 1710 2455 1770 heute
2494 1712 2593 1772 abend
2638 1715 2726 1775 einem
2782 1721 2919 1781 Schlag¬

2004 1747 2104 1807 anfall
2128 1753 2281 1813 erlegen.

2051 1843 2160 1903 Artur
2194 1849 2367 1909 Schnitzler
2399 1852 2510 1912 wurde
2534 1854 2573 1914 am
2613 1857 2668 1917 15.
2685 1858 2762 1918 Mat
2788 1861 2858 1921 1862
2882 1861 2913 1921 zu

1998 1881 2087 1941 Wien
2120 1885 2272 1945 geboren.
2310 1889 2378 1949 Die
2400 1894 2616 1954 Atmosphäre
2643 1897 2689 1957 der
2717 1899 2922 1959 Geistigkeit,

1997 1919 2046 1979 die
2071 1921 2095 1981 in
2130 1926 2327 1986 Schnitzlers
2357 1932 2544 1992 Vaterhaus
2575 1936 2742 1996 herrschie,
2767 1938 2811 1998 die
2836 1939 2915 1999 enge

1996 1959 2197 2019 Berührung
2236 1965 2298 2025 mit
2322 1968 2374 2028 der
2409 1971 2624 2031 sogenannten
2663 1975 2754 2035 guten
2793 1977 2917 2037 Gesell¬

1996 1997 2089 2057 schaft
2119 2001 2172 2061 der
2207 2001 2280 2061 80er
2320 2005 2378 2065 und
2418 2007 2492 2067 Mer
2527 2012 2649 2072 Jahre,
2679 2013 2766 2073 einer
2806 2017 2913 2077 eigen¬

1996 2037 2116 2097 artigen
2157 2043 2312 2103 spezifisch
2343 2049 2605 2109 österreichischen
2646 2054 2811 2114 Mischung
2847 2055 2902 2115 von

1997 2079 2206 2139 heierogenen
2244 2085 2458 2145 Elementen,
2487 2088 2542 2148 von
2580 2091 2775 2151 Gelehrten,
2804 2097 2915 2157 Groß¬

1995 2118 2201 2178 kaufleuten,
2220 2123 2421 2183 Advokaten,
2436 2127 2628 2187 Künstlern,
2648 2133 2806 2193 Bankters
2835 2136 2868 2196 u.
2878 2137 2921 2197 a.,

1995 2151 2047 2211 der
2076 2156 2157 2216 enge
2186 2159 2329 2219 Kontakt
2359 2162 2420 2222 mit
2449 2165 2501 2225 den
2540 2168 2669 2228 Größen
2708 2171 2760 2231 der
2789 2174 2903 2234 „ersten

1992 2193 2144 2253 deutschen
2174 2199 2326 2259 Bühne",
2341 2201 2389 2261 des
2415 2205 2680 2265 Burgtheaters,
2695 2210 2739 2270 die
2759 2210 2783 2270 in
2803 2213 2906 2273 seines

1993 2231 2110 2291 Vaters
2146 2234 2248 2294 Hause
2279 2239 2357 2299 aus-
2387 2243 2446 2303 und
2476 2247 2668 2307 eingingen,
2688 2252 2904 2312 beeinflußten

1993 2273 2179 2333 Schnitzlers
2221 2280 2469 2340 Entwicklung;
2506 2285 2604 2345 dieses
2647 2291 2900 2351 Jugendmillen

1988 2311 2089 2371 drückt
2123 2315 2225 2375 seinem
2278 2321 2418 2381 späteren
2462 2324 2607 2384 Schaffen
2651 2326 2732 2386 nicht
2762 2332 2911 2392 weniger

1990 2347 2035 2407 den
2071 2352 2223 2412 Stempel
2249 2357 2325 2417 auf,
2346 2359 2396 2419 als
2427 2359 2482 2419 sein
2518 2365 2686 2425 ärztlicher
2717 2369 2838 2429 Beruf.

2051 2395 2090 2455 Es
2121 2397 2161 2457 ist
2187 2401 2232 2461 ein
2268 2406 2566 2466 charakteristisches
2597 2410 2768 2470 Merkmal
2794 2416 2850 2476 der
2881 2417 2905 2477 so

1992 2433 2174 2493 zahlreichen
2213 2439 2328 2499 Werke
2358 2446 2574 2506 Schnitzlers,
2598 2448 2646 2508 die
2676 2452 2728 2512 dem
2772 2455 2906 2515 Wiener

1990 2473 2099 2533 Milien
2134 2479 2366 2539 entstammen,
2382 2483 2440 2543 und
2471 2486 2540 2546 auch
2570 2490 2698 2550 solcher,
2718 2492 2762 2552 die
2788 2494 2852 2554 erst
2872 2494 2901 2554 in

1990 2512 2040 2572 den
2076 2515 2268 2575 allerletzten
2304 2522 2431 2582 Jahren
2472 2527 2639 2587 erschienen
2681 2531 2761 2591 sind,
2787 2532 2837 2592 daß
2873 2532 2913 2592 sie

1986 2550 2117 2610 zumeist
2153 2554 2279 2614 #ülder
2325 2559 2375 2619 der
2421 2563 2502 2623 Zeit
2539 2565 2599 2625 aus
2650 2567 2706 2627 des
2752 2571 2898 2631 Dichters

1985 2592 2134 2652 jüngeren
2169 2595 2297 2655 Jahren
2328 2601 2446 2661 geben.
2482 2603 2585 2663 Einer
2616 2607 2679 2667 viel
2700 2610 2897 2670 sorgloseren

1984 2626 2047 2686 und
2077 2635 2407 2695 unbekümmerteren
2437 2640 2540 2700 Welt,
2560 2643 2608 2703 als
2638 2645 2673 2705 es
2703 2647 2751 2707 die
2776 2651 2903 2711 heutige

1986 2668 2035 2728 ist,
2050 2670 2138 2730 eines
2163 2673 2255 2733 satten
2290 2676 2349 2736 und
2374 2679 2467 2739 dabei
2487 2685 2722 2745 schöngeißigen
2752 2691 2903 2751 Bürger¬

1979 2708 2085 2768 tums,
2110 2711 2148 2771 an
2182 2712 2240 2772 das
2279 2718 2399 2778 soziale
2434 2721 2612 2781 Probleme
2647 2725 2743 2785 selten
2783 2729 2903 2789 heran¬

1980 2746 2095 2806 treten.
2144 2751 2264 2811 Selten
2308 2755 2409 2815 hallen
2453 2758 2539 2818 seine
2574 2762 2689 2822 Werke
2723 2765 2752 2825 in
2796 2768 2882 2828 einem

1981 2786 2111 2846 schrillen
2150 2789 2216 2849 Ton
2256 2792 2337 2852 aus,
2362 2795 2400 2855 sie
2429 2800 2617 2860 verklingen
2656 2804 2718 2864 und
2752 2807 2901 2867 verdäm¬

1983 2825 2088 2885 mern.
2132 2829 2242 2889 Seine
2272 2834 2381 2894 weiche
2416 2836 2478 2896 und
2512 2840 2608 2900 dabei
2632 2840 2680 2900 oft
2710 2847 2901 2907 spielerische

1978 2864 2195 2924 Behandlung
2231 2870 2286 2930 der
2322 2876 2500 2936 Probleme
2531 2878 2606 2938 läßt
2632 2885 2809 2945 Schnitzler
2845 2887 2895 2947 als

1974 2903 2022 2963 den
2081 2909 2380 2969 ausgesprochenen
2443 2918 2704 2978 österreichischen
2762 2924 2897 2984 Dichter

1974 2943 2166 3003 erscheinen,
2186 2947 2232 3007 den
2266 2951 2392 3011 Dichter
2421 2954 2505 3014 eines
2538 2960 2759 3020 vergangenen
2792 2965 2900 3025 Wien,

1980 2979 2069 3039 dessen
2100 2986 2286 3046 Landschaft
2302 2991 2361 3051 und
2382 2995 2568 3055 Umgebung
2594 2999 2614 3059 in
2639 3001 2734 3061 seinen
2760 3004 2885 3064 Werken

1980 3022 2122 3082 lebendig
2153 3027 2254 3087 wird.

1732 3216 1778 3276 15.
1794 3216 1866 3276 Mai
1887 3219 1954 3279 1862
1980 3220 2005 3280 in
2032 3223 2109 3283 Wien
2135 3226 2274 3286 geboren.
2311 3231 2378 3291 Dem
2415 3233 2549 3293 Wunsche
2570 3237 2657 3297 seines

1732 3264 1840 3324 Vaters
1865 3267 1997 3327 folgend,
2017 3273 2218 3333 studierte
2253 3278 2291 3338 er
2316 3282 2502 3342 Medizin
2537 3285 2586 3345 und
2616 3283 2664 3343 ar¬

1729 3312 1827 3372 beitete
1848 3315 1911 3375 auch
1936 3316 2064 3376 mehrere
2084 3322 2182 3382 Jahre
2208 3323 2251 3383 als
2272 3327 2527 3387 praktischer
2553 3333 2660 3393 Arzt,

1727 3359 1811 3419 zuerst
1839 3360 1872 3420 an
1910 3362 1989 3422 einem
2037 3369 2379 3429 Militärkrankenhause
2412 3377 2468 3437 und
2502 3380 2571 3440 dann
2609 3379 2642 3439 am

1723 3407 1879 3467 städtischen
1905 3411 2127 3471 Krantenhause
2148 3416 2172 3476 in
2199 3419 2295 3479 Wien.
2331 3423 2376 3483 In
2402 3427 2487 3487 dieser
2508 3429 2573 3489 Zeit
2594 3425 2654 3485 aber

1722 3455 1816 3515 schrieb
1851 3457 1875 3517 er
1905 3458 2009 3518 bereits
2039 3462 2112 3522 seine
2143 3463 2226 3523 ersten
2262 3467 2370 3527 kleinen
2405 3475 2538 3535 Skizzen,
2558 3476 2602 3536 die
2628 3474 2652 3534 in

1724 3498 1767 3558 der
1791 3503 1960 3563 Zeitschrift
1984 3509 2046 3569 „An
2081 3509 2123 3569 der
2162 3511 2263 3571 önen
2298 3516 2403 3576 blauen
2438 3520 2567 3580 Donau"
2597 3520 2658 3580 ver¬

1719 3550 1882 3610 öffentlicht
1907 3554 2041 3614 wurden.
2086 3556 2139 3616 Als
2175 3560 2343 3620 30jähriger
2368 3566 2472 3626 schrieb
2502 3569 2531 3629 er
2561 3571 2645 3631 seinen

1722 3598 1802 3658 ersten
1838 3601 1974 3661 Einakter
2004 3604 2217 3664 „Anatol“.
2258 3610 2303 3670 In
2339 3613 2444 3673 rascher
2475 3616 2560 3676 Folge
2591 3616 2656 3676 ent¬

1726 3646 1831 3706 standen
1866 3646 1937 3706 dann
1966 3650 2109 3710 Dramen,
2130 3655 2311 3715 Komödien,
2331 3661 2484 3721 Novellen,
2504 3664 2561 3724 und
2586 3664 2652 3724 1908

1721 3692 1767 3752 als
1788 3694 1875 3754 erster
1897 3697 2010 3757 Roman
2036 3698 2134 3758 „Der
2160 3701 2243 3761 Weg
2274 3706 2346 3766 ins
2372 3709 2527 3769 Freie“.
2558 3712 2651 3772 Zahl¬

1721 3741 1806 3801 reiche
1837 3744 1927 3804 seiner
1958 3747 2170 3807 Bühnenstücke
2196 3750 2286 3810 haben
2322 3753 2367 3813 den
2408 3756 2473 3816 Weg
2504 3759 2574 3819 über
2605 3759 2650 3819 die

1717 3789 1853 3849 deutschen
1884 3792 2005 3852 Bühnen
2036 3795 2228 3855 genommen:
2275 3803 2452 3863 „Liebelei",
2488 3806 2654 3866 „Anatol",

1718 3837 1795 3897 „Der
1822 3840 1966 3900 Reigen",
1982 3843 2060 3903 „Der
2081 3843 2174 3903 grüne
2195 3847 2351 3907 Kakadu",
2367 3852 2532 3912 „Professor
2559 3852 2652 3912 Bern¬

1716 3885 1815 3945 hardi“
1840 3885 1869 3945 u.
1890 3887 1919 3947 a.
1939 3888 1979 3948 m.
2004 3888 2077 3948 Eine
2103 3892 2192 3952 seiner
2217 3895 2306 3955 letzten
2336 3900 2489 3960 Novellen,
2510 3902 2652 3962 „Fräu=

1716 3931 1800 3991 lein
1826 3933 1957 3993 Else",
1973 3938 2063 3998 wurde
2089 3939 2149 3999 auch
2175 3943 2326 4003 verfilmt.
2357 3947 2427 4007 Sein
2458 3949 2544 4009 letztes
2569 3950 2664 4010 Werk,

1722 3980 1781 4040 war
1805 3989 2030 4049 „Therele",
2048 3995 2089 4055 die
2108 3995 2238 4055 Chronik
2262 3995 2338 4055 eines
2363 3998 2599 4058 Frauenlebens,
