3392 4320
175 282 259 342 2.

334 296 812 356 Schnitzler
881 287 918 347 s
976 283 1215 343 Death

515 1324 1242 1384 OBSERVER

602 1369 627 1429 I.
644 1372 763 1432 österr.
776 1380 928 1440 behördl.
941 1390 1242 1450 konzessioniertes

554 1414 790 1474 Unternehmen
821 1420 868 1480 für
894 1431 1281 1491 Zeitungs-Ausschnitte

606 1471 759 1531 WIEN,
786 1482 832 1542 I.,
860 1487 1146 1547 WOLLZEILE
1201 1497 1240 1557 11

696 1529 912 1589 TELEPHON
949 1542 1128 1602 R-23-0-43

486 1662 719 1722 Ausschnitt
747 1671 838 1731 aus:

760 1770 1096 1830 VIGHENEEEGNR
1121 1784 1295 1844 ZEITUNO

484 1885 609 1945 vom:

795 1921 874 1981 22.
907 1923 1038 1983 OKT.
1059 1916 1170 1976 7921

552 2090 672 2150 Artur
703 2098 903 2158 Schnitzler
934 2103 1154 2163 gestorben.

481 2151 588 2211 Wien,
610 2154 667 2214 21.
689 2157 847 2217 Oklober.
891 2166 962 2226 Der
992 2169 1142 2229 bekällktte
1164 2171 1264 2231 öster¬

412 2196 566 2256 reichische
599 2201 805 2261 Dramatiker
843 2204 908 2264 Dr.
937 2209 1039 2269 Artur
1073 2214 1264 2274 Schnitz¬

411 2238 480 2298 ler
509 2240 541 2300 ist
565 2240 601 2300 am
644 2243 802 2303 Mirtwoch
835 2247 858 2307 im
901 2247 956 2307 69.
975 2254 1189 2314 Lebensjahre
1213 2255 1269 2315 ge¬

412 2282 549 2342 storben.
590 2282 636 2342 Am
682 2287 869 2347 Vormittag
902 2294 993 2354 erlitt
1016 2294 1047 2354 er
1076 2297 1135 2357 auf
1163 2300 1244 2360 einem

411 2327 632 2387 Spaziergang
675 2330 743 2390 eine
782 2333 1054 2393 Gehirnblutung
1096 2342 1161 2402 und
1198 2341 1271 2401 ver¬

413 2368 496 2428 schied
531 2368 605 2428 nach
640 2375 890 2435 mehrstündiger
920 2384 1214 2444 Bewußtlosigkeit.

484 2417 660 2477 Schnitzler,
684 2420 734 2480 der
767 2421 822 2481 wie
855 2425 911 2485 sein
949 2428 1046 2488 Vater
1074 2431 1152 2491 Arzt
1181 2434 1264 2494 war,

417 2455 553 2515 widmete
576 2457 621 2517 sich
649 2461 777 2521 zunächst
800 2464 1010 2524 medizinischen
1043 2470 1170 2530 Studien
1202 2473 1252 2533 und

415 2494 616 2554 promovierte
646 2497 671 2557 in
705 2500 806 2560 Wien.
836 2502 881 2562 Er
907 2504 974 2564 war
1004 2509 1264 2569 Regimentsarzt,

423 2533 511 2593 später
535 2535 703 2595 praktischer
727 2540 811 2600 Arzt,
830 2542 862 2602 um
905 2544 947 2604 sich
975 2545 1049 2605 dann
1078 2549 1250 2609 vollständig

414 2567 462 2627 der
494 2573 742 2633 Schriftstellerei
778 2580 803 2640 zu
858 2582 1003 2642 widmen.
1048 2586 1123 2646 Eine
1159 2590 1256 2650 seiner

412 2608 496 2668 ersten
532 2613 674 2673 Novellen
715 2617 884 2677 „Leutnant
911 2623 1036 2683 Gustl“,
1063 2626 1107 2686 die
1139 2626 1165 2686 in
1206 2630 1254 2690 der

415 2649 531 2709 „Neuen
569 2650 675 2710 Freien
719 2655 835 2715 Presse“
877 2661 1096 2721 veröffentlicht
1139 2667 1255 2727 wurde,

410 2685 487 2745 hatte
510 2688 565 2748 zur
588 2690 697 2750 Folge,
716 2693 766 2753 daß
794 2694 880 2754 gegen
913 2698 958 2758 ihn
995 2702 1086 2762 wegen
1119 2706 1251 2766 Beleidi¬

407 2725 480 2785 gung
511 2727 562 2787 der
588 2729 696 2789 Armee
727 2732 765 2792 ein
796 2737 1050 2797 ehrenrechtliches
1077 2745 1240 2805 Verfahren

413 2765 580 2825 eingeleitet
625 2768 682 2828 und
718 2769 749 2829 er
780 2774 877 2834 seines
913 2781 1244 2841 Regimentsarzttitels

410 2805 461 2865 für
490 2805 625 2865 verlustig
658 2811 765 2871 erklärt
794 2813 911 2873 wurde.

487 2840 532 2900 Als
560 2846 701 2906 Künstler
725 2848 784 2908 war
808 2853 967 2913 Schnitzler
991 2857 1073 2917 einer
1096 2858 1142 2918 der
1166 2860 1247 2920 Füh¬

402 2876 450 2936 rer
482 2879 530 2939 der
562 2887 858 2947 Jungwiener
890 2894 1111 2954 Moderne.
1147 2899 1244 2959 Seine

402 2918 478 2978 zarte
505 2920 602 2980 Kunst
630 2922 678 2982 der
706 2927 951 2987 Seelendeutung
982 2936 1138 2996 verbindet
1165 2939 1245 2999 ärzt¬

405 2956 486 3016 lichen
532 2963 714 3023 Scharfblick
751 2965 805 3025 mit
842 2972 1033 3032 dichterischem
1088 2977 1246 3037 Feinsinn.

406 2994 465 3054 Aus
493 2996 539 3056 der
567 3001 672 3061 großen
705 3005 792 3065 Reihe
820 3007 916 3067 seiner
940 3014 1238 3074 impressionistischen

405 3036 540 3096 Einakter
568 3040 624 3100 sind
657 3041 703 3101 der
732 3046 839 3106 Zyklus
872 3050 1064 3110 „Anatol“
1097 3054 1148 3114 und
1181 3056 1232 3116 sein

416 3073 514 3133 Zyklus
554 3079 705 3139 erotischer
740 3085 989 3145 Zustandsbilder
1024 3094 1224 3154 „Reigen“

406 3117 446 3177 für
477 3115 527 3175 das
558 3120 715 3180 besonders
741 3127 980 3187 kennzeichnend,
1006 3132 1066 3192 was
1103 3132 1148 3192 für
1179 3136 1234 3196 sein

391 3211 530 3271 gesamtes
561 3211 649 3271 Werk
679 3215 704 3275 zu
739 3219 818 3279 sagen
853 3221 902 3281 ist:
928 3229 1151 3289 Überschätzung
1182 3235 1230 3295 des

389 3247 536 3307 erotischen
572 3255 769 3315 Komplexes.
805 3260 908 3320 Tiefer
940 3264 997 3324 und
1029 3270 1230 3330 bedeutsamer

405 3285 433 3345 ist
467 3286 519 3346 der
553 3291 668 3351 Zyklus
712 3298 961 3358 „Lebendige
1005 3308 1240 3368 Stunden“.

399 3322 457 3382 Von
488 3326 586 3386 seinen
622 3333 826 3393 Großdramen
862 3338 919 3398 sind
955 3341 999 3401 die
1027 3347 1226 3407 bekannt:sten

400 3366 493 3426 „Der
526 3369 718 3429 Schleier
747 3374 812 3434 der
841 3378 1065 3438 Beatrice“
1099 3386 1154 3446 und
1188 3388 1229 3448 die

389 3405 578 3465 dramatische
607 3410 738 3470 Historie
767 3415 869 3475 „Der
894 3420 1024 3480 junge
1054 3425 1228 3485 Medar¬

394 3441 502 3501 dus".
541 3446 607 3506 Das
646 3452 816 3512 virtuoseste
845 3457 1030 3517 Seitenstuck
1064 3461 1092 3521 zu
1135 3464 1239 3524 „Leut¬

396 3482 470 3542 nant
521 3482 619 3542 Gustl

762 3492 933 3552 unleugbar
987 3500 1222 3560 „Fräulein

385 3521 515 3581 Eise".
546 3525 590 3585 In
631 3525 681 3585 den
716 3529 811 3589 letzten
847 3533 967 3593 Jahren
1007 3536 1042 3596 ist
1072 3540 1232 3600 Schnitzler

385 3560 536 3620 besonders
567 3564 616 3624 als
643 3568 785 3628 Erzähler
817 3572 1048 3632 hervorgetreten
1089 3578 1142 3638 und
1173 3581 1226 3641 hat

386 3597 446 3657 hier
477 3602 592 3662 Proben
634 3604 714 3664 einer
745 3608 922 3668 gepflegten,
948 3617 1125 3677 geistreichen
1161 3620 1236 3680 und/

384 3641 563 3701 vornehmen
606 3647 850 3707 Bildungskunst
878 3653 1026 3713 abgelegt.

1431 282 1555 342 box
1635 284 1822 344 42/6

1719 1400 2428 1460 OBSERVER

1801 1461 1825 1521 I.
1843 1461 1964 1521 österr.
1977 1461 2123 1521 behördl.
2136 1458 2428 1518 konzessioniertes

1756 1503 1995 1563 Unternehmen
2025 1500 2072 1560 für
2099 1500 2484 1560 Zeitungs-Ausschnitte

1814 1560 1958 1620 WIEN,
1985 1562 2037 1622 I.,
2065 1563 2348 1623 WOLLZEILE
2395 1560 2433 1620 11

1907 1612 2127 1672 TELEPHON
2159 1611 2342 1671 R-23-0-43

2461 1732 2527 1792 rag

1711 1754 1932 1814 Ausschnitt
1954 1754 2043 1814 aus:

2101 1765 2412 1825 Sanialdemora!

2291 1849 2367 1909 22.
2388 1849 2514 1909 UKT.
2545 1852 2611 1912 193

1910 1948 2040 2008 Artux
2074 1965 2551 2025 Schnihzler=gestorbon.

1842 2004 1985 2064 Wien,
2008 2013 2066 2073 21.
2088 2019 2248 2079 Oktober.
2291 2028 2419 2088 Arthur
2446 2037 2622 2097 Schnitzler
2655 2044 2691 2104 ist

1758 2042 1852 2102 heute
1893 2049 1933 2109 um
1989 2059 2104 2119 viertel
2140 2063 2155 2123 7
2190 2068 2256 2128 Uhr
2296 2072 2387 2132 einem
2442 2085 2683 2145 Schlaganfalle

1760 2089 1911 2149 erlegen.

1835 2178 1945 2238 Arthur
1970 2186 2128 2246 Schnitzler
2157 2194 2257 2254 wurde
2287 2199 2320 2259 am
2364 2204 2411 2264 15.
2436 2207 2507 2267 Mai
2532 2214 2604 2274 1862
2633 2216 2676 2276 als

1747 2217 1824 2277 Sohn
1857 2221 1907 2281 des
1935 2228 2053 2288 Wiener
2081 2237 2277 2297 Larynologen
2314 2243 2373 2303 Dr.
2392 2250 2515 2310 Johann
2547 2257 2679 2317 Schnitz¬

1740 2259 1791 2319 ler
1824 2267 1968 2327 geboren.
2006 2273 2123 2333 Arthur
2156 2283 2314 2343 Schnitzler
2343 2291 2483 2351 studierte
2516 2302 2674 2362 gleichfalls

1748 2306 1890 2366 Medizin,
1917 2315 2115 2375 promovierte
2141 2319 2215 2379 1885
2250 2327 2305 2387 und
2336 2331 2400 2391 war
2427 2337 2504 2397 dann
2543 2345 2672 2405 mehrere

1745 2350 1842 2410 Jahre
1871 2356 2002 2416 Assistent
2026 2362 2119 2422 seines
2148 2369 2273 2429 Vaters.
2302 2379 2461 2439 Schnitzler
2489 2385 2606 2445 wandte
2630 2391 2671 2451 sich

1735 2392 1844 2452 darauf
1874 2397 1924 2457 dem
1969 2407 2243 2467 militärärztlichen
2283 2420 2387 2480 Veruf
2413 2424 2462 2484 zu,
2487 2428 2586 2488 mußte
2622 2433 2666 2493 ihn

1738 2436 1810 2496 aber
1847 2439 1910 2499 nach
1942 2446 1991 2506 der
2023 2453 2213 2513 Publikation
2250 2460 2340 2520 seiner
2372 2465 2494 2525 Novelle
2526 2475 2666 2535 „Leut¬

1738 2482 1845 2542 nant
1883 2488 2018 2548 Gustl“
2060 2495 2087 2555 im
2144 2500 2241 2560 Jahre
2284 2505 2353 2565 1900
2396 2513 2558 2573 quittieren
2610 2521 2665 2581 und

1737 2524 1868 2584 widmete
1896 2532 1941 2592 sich
1969 2534 2023 2594 von
2051 2536 2083 2596 da
2115 2540 2146 2600 an
2183 2547 2393 2607 ausschließlich
2425 2554 2475 2614 der
2502 2562 2670 2622 Literatur.

1812 2570 1872 2630 Von
1901 2578 2079 2638 Schnitzlers
2112 2589 2346 2649 Bühnenstücken
2379 2596 2435 2656 sind
2469 2601 2510 2661 die
2539 2606 2665 2666 bekann¬

1732 2611 1835 2671 testen:
1863 2620 2027 2680 „Anatol",
2050 2624 2114 2684 eine
2141 2630 2236 2690 Reihe
2264 2634 2314 2694 von
2346 2642 2551 2702 dramatischen
2583 2649 2664 2709 Dia¬

1733 2655 1852 2715 logen",
1869 2661 1953 2721 „Das
1979 2668 2155 2728 Märchen",
2176 2678 2351 2738 „Liebelei“,
2367 2687 2563 2747 „Freiwild",
2579 2693 2658 2753 „Der

1733 2698 1873 2758 Reigen“,
1902 2706 1953 2766 der
1991 2706 2056 2766 1836
2099 2718 2249 2778 entstand,
2283 2722 2352 2782 aber
2385 2727 2446 2787 erst
2480 2733 2550 2793 1920
2592 2736 2648 2796 auf

1727 2742 1845 2802 geführt
1863 2748 1981 2808 wurde,
2000 2753 2090 2813 wobei
2113 2759 2140 2819 es
2168 2763 2281 2823 vielfach
2309 2766 2336 2826 zu
2368 2775 2645 2835 Demonstrationen

1717 2787 1958 2847 rechtsstehender
1983 2797 2079 2857 Kreise
2104 2803 2152 2863 kam
2196 2808 2350 2868 (darunter
2375 2816 2437 2876 auch
2467 2817 2490 2877 in
2520 2824 2655 2884 Teplitz),

1720 2832 1804 2892 „Der
1832 2835 1929 2895 grüne
1958 2842 2111 2902 Kakadu",
2135 2849 2218 2909 „Der
2247 2854 2377 2914 Schleier
2406 2857 2456 2917 der
2485 2865 2638 2925 Beatrice“

1720 2875 1792 2935 „Der
1822 2879 1952 2939 oinsame
1977 2884 2083 2944 Weg",
2108 2891 2190 2951 „Der
2220 2894 2306 2954 junge
2336 2903 2544 2963 Medardus".
2564 2912 2651 2972 „Das

1715 2916 1794 2976 weite
1832 2921 1930 2981 Land"
1973 2927 2029 2987 und
2067 2933 2240 2993 „Professor
2273 2944 2484 3004 Bernhardi",
2512 2949 2563 3009 das
2601 2956 2629 3016 im

1710 2960 1858 3020 ärztlichen
1894 2969 2003 3029 Milien
2048 2975 2137 3035 spielt
2172 2979 2231 3039 und
2271 2983 2321 3043 bei
2356 2989 2405 3049 der
2445 2995 2638 3055 Aufführung

1713 3005 1871 3065 gleichfalls
1908 3016 2070 3076 umstritten
2107 3020 2225 3080 wurde.
2257 3026 2333 3086 Nach
2366 3032 2410 3092 dem
2461 3037 2564 3097 Kriege
2597 3040 2646 3100 er¬

1715 3046 1828 3106 schienen
1870 3053 1901 3113 u.
1929 3057 1960 3117 a.
1992 3059 2064 3119 „Die
2097 3064 2273 3124 Schwestern
2315 3072 2382 3132 oder
2415 3079 2569 3139 Casanova
2606 3083 2632 3143 in

1710 3088 1787 3148 Spa"
1827 3093 1885 3153 und
1919 3097 1962 3157 die
1998 3106 2163 3166 „Komödie
2197 3109 2246 3169 der
2280 3118 2518 3178 Verführung".
2558 3126 2645 3186 Viele

1703 3133 1792 3193 dieser
1816 3143 2031 3203 Theaterstücke
2055 3150 2185 3210 erfreuen
2219 3154 2260 3214 sich
2289 3158 2354 3218 auch
2383 3165 2466 3225 heute
2495 3168 2556 3228 noch
2580 3171 2635 3231 auf

1699 3175 1743 3235 den
1778 3183 1905 3243 Bühnen
1940 3190 2047 3250 großer
2077 3196 2277 3256 Beliebtheit.

1778 3227 1932 3287 Schnitzler
1972 3234 2073 3294 schrieb
2117 3238 2184 3298 auch
2223 3243 2286 3303 eine
2325 3249 2417 3309 große
2451 3254 2538 3314 Zahl
2572 3258 2629 3318 von

1700 3267 1829 3327 Novellen
1861 3270 1945 3330 sowie
1972 3275 2065 3335 einige
2092 3282 2248 3342 Romane.
2267 3287 2342 3347 Sein
2374 3292 2458 3352 erster
2476 3299 2632 3359 Novellen¬

1697 3309 1767 3369 band
1810 3315 1985 3375 „Sterben“
2028 3321 2165 3381 schildert
2198 3328 2245 3388 die
2284 3331 2378 3391 letzten
2426 3338 2505 3398 Tage
2549 3343 2628 3403 eines

1704 3357 1997 3417 Schwindsüchtigen.
2021 3366 2146 3426 Weitere
2175 3372 2343 3432 erzählende
2371 3378 2473 3438 Werke
2497 3384 2627 3444 Schnitz¬

1697 3396 1754 3456 lers
1792 3399 1849 3459 sind
1888 3406 1964 3466 „Die
2002 3409 2078 3469 Frau
2117 3412 2169 3472 des
2208 3416 2355 3476 Weisen“.
2375 3425 2484 3485 „Frau
2523 3430 2618 3490 Berta

1694 3441 1852 3501 Garlan“,
1877 3449 1950 3509 „Die
1975 3453 2138 3513 griechische
2168 3459 2355 3519 Tänzerin“,
2380 3468 2474 3528 „Frau
2509 3471 2621 3531 Beathe

1692 3480 1749 3540 und
1778 3485 1821 3545 ihr
1855 3490 1979 3550 Sohn",
1999 3497 2191 3557 „Casanovas
2220 3506 2426 3566 Heimfahrt",
2455 3515 2612 3575 „Fräulein

1690 3524 1785 3584 Else",
1809 3530 1831 3590 in
1868 3535 1986 3595 welcher
2014 3540 2132 3600 Novelle
2160 3547 2319 3607 Schnitzler
2352 3553 2415 3613 eine
2438 3556 2515 3616 ganz
2543 3558 2616 3618 neue

1684 3573 1939 3633 Erzählungsform
1993 3582 2083 3642 schuf,
2118 3588 2195 3648 „Die
2234 3592 2310 3652 Frau
2359 3595 2406 3655 des
2445 3600 2613 3660 Richters“,

1686 3615 1754 3675 „Die
1782 3621 2033 3681 Traumnovelle“
2070 3628 2125 3688 und
2158 3631 2203 3691 die
2231 3634 2304 3694 zwei
2327 3640 2437 3700 großen
2474 3647 2611 3707 Romane

1685 3659 1759 3719 „Der
1797 3662 1867 3722 Weg
1914 3665 1964 3725 ins
2007 3667 2109 3727 Freie“
2156 3674 2216 3734 und
2258 3680 2304 3740 der
2347 3686 2607 3746 Gouvernanten¬

1683 3703 1792 3763 Roman
1837 3708 2015 3768 „Therese".
