3392 4320
192 303 224 363 2

1434 303 1563 363 box
1649 306 1887 366 43/14

338 306 922 366 Schnitzler's
988 302 1219 362 Death

634 970 1455 1030 OBSERVERe

725 1013 752 1073 I.
770 1016 891 1076 österr.
905 1022 1053 1082 behördl.
1067 1028 1366 1088 konzessioniertes

679 1058 920 1118 Unternehmen
947 1061 996 1121 für
1023 1067 1412 1127 Zeitungs-Ausschnitte

739 1116 890 1176 WIEN,
918 1124 963 1184 I.,
991 1127 1275 1187 WOLLZEILE
1315 1131 1361 1191 11

830 1173 1053 1233 TELEPHON
1086 1179 1266 1239 R-23-0-43

632 1312 860 1372 Ausschnitt
888 1316 975 1376 aus:

781 1503 990 1563 WYCINEK
1028 1506 1047 1566 Z
1086 1508 1453 1568 WYDAWNICTWA

763 1631 1061 1691 Posener
1113 1637 1452 1697 Tageblatt

592 1766 639 1826 No

720 1746 811 1806 20
854 1759 892 1819 2
946 1774 1026 1834 dn,
1107 1793 1400 1853 1.11S11931

1470 1776 1523 1836 190

547 2041 685 2101 Zum
788 2032 976 2092 Tode
1041 2028 1153 2088 des
1218 2024 1533 2084 Dichters
1598 2021 1874 2081 Arthur
1939 2017 2292 2077 Schnitzler

1147 2097 1208 2157 Von
1240 2100 1302 2160 Dr.
1323 2100 1479 2160 Hermann
1516 2094 1682 2154 Zolnhofer

537 2175 624 2235 Kurz
650 2175 701 2235 vor
733 2172 918 2232 Erreichung
955 2170 1047 2230 seines
1078 2166 1129 2226 70.
1156 2166 1403 2226 Geburtstages,
1424 2161 1495 2221 Und
1532 2163 1562 2223 in
1599 2161 1692 2221 dieser
1728 2158 1975 2218 Selbstquälerei
2007 2154 2099 2214 haben
2141 2154 2320 2214 Schnitzlers

499 2214 555 2274 vor
585 2214 675 2274 dessen
709 2212 927 2272 Festlichkeiten
961 2210 1080 2270 Arthur
1110 2207 1271 2267 Schnitzler
1300 2204 1395 2264 gewiß
1429 2202 1581 2262 Gestalten
1615 2200 1662 2260 den
1696 2199 1801 2259 Genuß
1830 2198 1877 2258 des
1906 2194 2173 2254 Selbsterlebens.

1469 2240 1666 2300 Feststehende
1691 2237 1794 2297 Werte
1819 2236 1869 2296 der
1894 2234 2046 2294 Umwelt,
2061 2231 2111 2291 der
2136 2228 2327 2288 Gesellschaft

499 2252 527 2312 in
557 2255 599 2315 die
624 2252 815 2312 Einsamkeit
835 2249 973 2309 geflohen
1002 2248 1098 2308 wäre,
1118 2245 1160 2305 die
1185 2243 1213 2303 er
1238 2244 1261 2304 so
1285 2244 1405 2304 geliebt

499 2293 572 2353 hat,
597 2291 631 2351 ist
656 2291 704 2351 der
734 2291 861 2351 Wiener
891 2288 1013 2348 Dichter
1038 2285 1106 2345 jetzt
1131 2284 1302 2344 gestorben.
1337 2282 1395 2342 Ein
1430 2280 1547 2340 werden
1582 2277 1630 2337 bei
1655 2276 1703 2336 der
1733 2276 1963 2336 Subjektivität
1988 2273 2081 2333 dieser
2106 2267 2316 2327 Beziehungen

1431 2318 1482 2378 von
1515 2318 1631 2378 Mensch
1665 2315 1687 2375 zu
1725 2317 1841 2377 Mensch
1874 2312 2084 2372 aufgelockert,
2107 2306 2312 2366 überwunden

503 2330 596 2390 Leben
629 2331 698 2391 ging
731 2330 759 2390 zu
792 2328 894 2388 Ende,
918 2327 973 2387 das
1002 2326 1076 2386 ganz
1104 2324 1151 2384 dem
1193 2324 1328 2384 Theater
1356 2319 1402 2379 ge¬

1490 2358 1624 2418 zerstört.
1653 2355 1719 2415 Das
1754 2354 1921 2414 verursacht
1951 2351 2008 2411 uns
2042 2348 2152 2408 bittere
2181 2348 2325 2408 Empfin¬

498 2372 599 2432 golten
639 2369 709 2429 hat.
741 2369 815 2429 Noch
851 2366 886 2426 am
935 2366 1089 2426 Dienstag
1125 2363 1191 2423 war
1222 2361 1252 2421 er
1284 2360 1398 2420 abend¬

504 2408 527 2468 im
571 2411 722 2471 Theater;
756 2408 880 2468 nachdem
923 2405 956 2465 er
980 2404 1013 2464 am
1057 2402 1181 2462 nächsten
1215 2402 1395 2462 Vormittag
1429 2398 1567 2458 dungen,
1586 2396 1667 2456 führt
1691 2394 1748 2454 uns
1778 2393 1848 2453 aber
1868 2391 1968 2451 zurück
1987 2388 2039 2448 auf
2063 2387 2106 2447 die
2130 2386 2230 2446 Frage
2254 2384 2320 2444 nach

497 2446 565 2506 noch
600 2447 697 2507 seinen
732 2446 947 2506 Spaziergang
982 2443 1114 2503 gemacht
1144 2441 1227 2501 hatte
1262 2440 1316 2500 und
1350 2438 1394 2498 sich
1429 2435 1482 2495 der
1512 2434 1727 2494 Berechtigung
1762 2431 1870 2491 solcher
1900 2426 2174 2486 überpersönlichen
2209 2426 2330 2486 Werte.

499 2485 565 2545 nach
608 2485 651 2545 elf
685 2485 751 2545 Uhr
785 2485 994 2545 vormittags,
1024 2482 1080 2542 wie
1114 2479 1318 2539 gewöhnlich,
1348 2478 1395 2538 zur
1429 2476 1552 2536 Arthur
1582 2473 1743 2533 Schnitzler
1772 2469 1824 2529 hat
1853 2468 1996 2528 dadurch,
2025 2467 2077 2527 daß
2111 2462 2139 2522 er
2173 2462 2196 2522 so
2230 2464 2320 2524 gleich

496 2525 615 2585 Arbeit
644 2524 758 2584 begab,
787 2524 853 2584 fand
892 2524 939 2584 ihn
977 2521 1053 2581 seine
1087 2520 1268 2580 Sekretärin
1301 2516 1401 2576 besin=
1430 2512 1515 2572 Shaw
1554 2512 1596 2572 die
1621 2512 1720 2572 Kritik
1740 2510 1768 2570 an
1797 2507 2063 2567 gesellschaftlichen
2097 2502 2211 2562 Werten
2240 2501 2326 2561 übte,

503 2566 659 2626 nungslos
689 2564 723 2624 am
762 2563 972 2623 Schreibtisch.
1002 2560 1090 2620 Ohne
1115 2559 1168 2619 das
1198 2557 1393 2617 Bewußtsein
1428 2552 1501 2612 aufs
1536 2551 1648 2611 stärkste
1683 2550 1741 2610 mit
1775 2549 1824 2609 zur
1859 2545 2059 2605 Umwertung
2098 2542 2186 2602 jener
2216 2542 2323 2602 Werte

499 2603 617 2663 wieder
646 2605 770 2665 erlangt
799 2605 827 2665 zu
861 2603 974 2663 haben,
999 2600 1032 2660 ist
1056 2599 1089 2659 er
1119 2599 1151 2659 am
1195 2598 1299 2658 Abend
1333 2595 1399 2655 ver=
1433 2593 1489 2653 aus
1514 2591 1561 2651 der
1585 2589 1666 2649 Welt
1690 2588 1738 2648 vor
1762 2588 1809 2648 dem
1848 2587 1952 2647 großen
1981 2584 2090 2644 Kriege
2115 2581 2304 2641 beigetragen

1428 2632 1485 2692 Die
1509 2629 1700 2689 Leichtigkeit
1725 2629 1748 2689 im
1787 2626 1974 2686 sprachlichen
2008 2623 2175 2683 Ausdruck,
2190 2620 2237 2680 die
2262 2620 2304 2680 ihm

503 2643 650 2703 schieden.

1425 2670 1550 2730 gegeben
1602 2667 1682 2727 war,
1720 2667 1775 2727 hat
1818 2665 1911 2725 dieses
1959 2662 2118 2722 bleibende
2160 2658 2328 2718 Verdienst

539 2690 599 2750 Den
634 2691 800 2751 „einsamen
836 2690 947 2750 Weg“,
968 2687 1023 2747 von
1054 2684 1104 2744 dem
1145 2682 1174 2742 er
1200 2685 1305 2745 gesagt
1331 2682 1406 2742 hat:

1430 2709 1606 2769 Schnitzlers
1631 2706 1656 2766 zu
1686 2704 1769 2764 einem
1804 2703 2020 2763 künstlerischen
2050 2700 2138 2760 Wert
2158 2697 2222 2757 auch
2252 2697 2320 2757 über

498 2730 586 2790 „And
624 2730 707 2790 wenn
745 2729 806 2789 uns
843 2727 885 2787 ein
927 2729 987 2789 Zug
1020 2726 1075 2786 von
1114 2724 1313 2784 Bacchianten
1356 2722 1402 2782 be¬

1430 2748 1506 2808 seine
1535 2748 1606 2808 Zeit
1630 2745 1687 2805 und
1716 2745 1812 2805 seinen
1846 2742 1908 2802 Tod
1937 2742 2056 2802 hinaus
2085 2739 2233 2799 gemacht.
2262 2739 2319 2799 Die

495 2769 628 2829 gleitet,
643 2769 695 2829 den
724 2768 795 2828 Weg
825 2768 915 2828 hinab
945 2766 1030 2826 gehen
1059 2763 1116 2823 wir
1140 2763 1197 2823 alle
1226 2763 1312 2823 allein

1431 2787 1556 2847 Sprache
1585 2784 1636 2844 der
1664 2784 1813 2844 Komödie
1842 2781 1892 2841 hat
1921 2781 2000 2841 durch
2033 2778 2079 2838 ihn
2112 2775 2316 2835 Anregungen

499 2809 554 2869 hat
578 2808 638 2868 auch
662 2808 689 2868 er
713 2808 768 2868 nun
797 2808 936 2868 antreten
965 2805 1085 2865 müssen.
1119 2803 1179 2863 Die
1203 2804 1393 2864 Würdigung

1427 2826 1585 2886 erhalten,
1604 2823 1655 2883 wie
1679 2823 1711 2883 sie
1735 2822 1841 2882 gerade
1865 2820 1888 2880 in
1916 2820 2116 2880 Deutschland
2145 2816 2167 2876 im
2205 2817 2325 2877 Gegen¬

503 2849 594 2909 seines
628 2846 862 2906 Lebenswerkes
896 2843 1044 2903 erfordert
1068 2843 1121 2903 den
1155 2843 1327 2903 Vergleich.

1430 2864 1482 2924 satz
1502 2864 1525 2924 zu
1559 2864 1732 2924 Frankreich
1761 2861 1817 2921 und
1847 2861 2009 2921 England,
2029 2857 2072 2917 wo
2101 2855 2143 2915 die
2173 2855 2321 2915 Komödie

536 2903 594 2963 Als
622 2903 702 2963 Sohn
741 2904 821 2964 eines
849 2902 978 2962 Arzies,
995 2901 1091 2961 selber
1119 2900 1183 2960 auch
1216 2900 1264 2960 zum
1308 2900 1394 2960 Arzt=
1427 2903 1480 2963 seit
1502 2903 1583 2963 jeher
1610 2903 1734 2963 geblüht
1762 2899 1831 2959 hat,
1848 2899 2107 2959 hochbedeutsame
2129 2894 2312 2954 Wirkungen

495 2943 590 3003 beruf
614 2945 762 3005 bestimmt
791 2943 848 3003 und
877 2942 1087 3002 ausgebildet,
1106 2942 1158 3002 hat
1183 2940 1211 3000 in
1245 2939 1287 2999 ihm
1331 2939 1392 2999 doch
1426 2941 1569 3001 ausüben
1603 2940 1693 3000 kann,
1718 2939 1827 2999 Leider
1857 2939 1889 2999 ist
1914 2937 1966 2997 uns
1995 2934 2051 2994 seit
2076 2933 2186 2993 Lessing
2219 2933 2243 2993 ja
2277 2933 2324 2993 der

1425 2984 1501 3044 ganz
1521 2984 1611 3044 große
1636 2978 1937 3038 Komödiendichter,
1956 2975 2008 3035 wie
2033 2975 2080 3035 ihn
2110 2972 2157 3032 die
2177 2972 2320 3032 englische

501 2984 543 3044 die
568 2984 740 3044 rätselvolle
764 2984 864 3044 Gabe,
879 2983 921 3043 die
946 2981 1041 3041 geistig
1070 2981 1209 3041 bildende
1233 2978 1395 3038 Phantasie

501 3023 553 3083 das
582 3025 758 3085 Dichtertum
801 3020 929 3080 erweckt.
959 3020 1054 3080 Wenn
1088 3020 1307 3080 Hauptmanns
1341 3017 1397 3077 Ge=
1427 3019 1593 3079 Literatur
1618 3019 1641 3079 in
1670 3019 1803 3079 neuester
1828 3019 1899 3079 Zeit
1918 3017 1942 3077 in
1971 3015 2056 3075 Shaw
2095 3014 2199 3074 besitzt,
2219 3013 2323 3073 bisher

1431 3058 1504 3118 nicht
1530 3058 1655 3118 geboren
1686 3055 1803 3115 worden

498 3063 605 3123 stalten
653 3061 853 3121 vornehmlich
901 3058 947 3118 ein
989 3059 1054 3119 Zug
1097 3059 1218 3119 eignet,
1251 3057 1302 3117 der
1345 3055 1400 3115 das

1469 3099 1542 3159 Man
1582 3097 1708 3157 versteht
1738 3096 1899 3156 Schnitzler
1929 3092 2031 3152 falsch,
2062 3090 2145 3150 wenn
2184 3088 2247 3148 man
2287 3088 2316 3148 in

496 3103 696 3163 grüblerische
734 3102 836 3162 Wesen
879 3097 930 3157 des
968 3097 1127 3157 Schlesiers
1164 3097 1342 3157 ausmacht,
1370 3094 1398 3154 so

1427 3139 1517 3199 seiner
1547 3136 1652 3196 Kritik
1677 3136 1848 3196 Zynismus
1878 3133 1978 3193 finden
2012 3130 2093 3190 will.
2123 3127 2165 3187 Es
2195 3129 2232 3189 ist
2257 3126 2323 3186 eher

491 3141 594 3201 haben
631 3140 677 3200 die
715 3141 855 3201 Männer
893 3138 948 3198 und
986 3136 1106 3196 Frauen
1149 3136 1172 3196 in
1214 3136 1396 3196 Schnitzler¬

495 3179 631 3239 Dramen
662 3181 719 3241 alle
746 3178 983 3238 unverkennbar
1006 3178 1053 3238 den
1089 3177 1146 3237 Zug
1177 3174 1225 3234 der
1252 3174 1396 3234 wieneri=
1424 3174 1476 3234 die
1498 3176 1524 3236 so
1551 3175 1590 3235 oft
1617 3175 1810 3235 verwundete
1837 3172 1916 3232 Güte
1938 3171 2021 3231 eines
2048 3169 2105 3229 fein
2132 3166 2325 3226 empfinden¬

499 3217 572 3277 schen
617 3217 939 3277 Lebensfreudigkeit,
969 3214 1017 3274 die
1052 3214 1120 3274 eine
1155 3214 1316 3274 Mischung
1356 3214 1394 3274 ist
1425 3215 1478 3275 den
1513 3214 1684 3274 Menschen,
1699 3214 1742 3274 die
1767 3213 1811 3273 sich
1841 3211 1923 3271 gegen
1953 3208 2227 3268 Herkömmliches,
2242 3206 2315 3266 allzu

1427 3255 1679 3315 Herkömmliches
1712 3250 1870 3310 auflehnt.
1908 3250 2029 3310 Gerade
2063 3247 2142 3307 seine
2175 3247 2324 3307 Herkunft

494 3256 557 3316 aus
585 3255 771 3315 sprühender
799 3255 998 3315 lebendigster
1031 3252 1203 3312 Geistigkeit
1230 3252 1285 3312 und
1317 3252 1398 3312 einer

1431 3295 1482 3355 und
1506 3294 1585 3354 seine
1604 3291 1827 3351 österreichische
1851 3288 1986 3348 Umwelt
2005 3285 2112 3345 konnte
2136 3284 2191 3344 und
2220 3285 2322 3345 mußte

492 3297 697 3357 überlegenen
731 3297 993 3357 Verhaltenheit,
1013 3293 1055 3353 die
1085 3293 1170 3353 ihnen
1204 3293 1270 3353 ihre
1295 3291 1400 3351 eigen¬

490 3336 597 3396 artige
622 3336 798 3396 „Haltung“
828 3333 906 3393 gibt.
931 3332 1014 3392 Sehr
1039 3330 1097 3390 viel
1123 3330 1220 3390 Geist,
1235 3330 1259 3390 so
1284 3330 1337 3390 wie
1362 3330 1391 3390 es
1427 3331 1485 3391 auf
1510 3333 1558 3393 das
1588 3331 1744 3391 ungemein
1779 3328 1902 3388 nervöse
1927 3325 2107 3385 Empfinden
2142 3321 2318 3381 Schnitzlers

491 3373 578 3433 etwa
604 3375 655 3435 der
676 3374 752 3434 Herr
779 3372 814 3432 v.
830 3371 932 3431 Saala
959 3369 1009 3429 bei
1030 3369 1194 3429 Schnitzler
1216 3366 1400 3426 ausspricht,
1426 3372 1559 3432 oftmals
1586 3371 1631 3431 als
1663 3369 1857 3429 verletzender
1884 3366 2006 3426 Stachel
2033 3364 2161 3424 wirken.
2187 3359 2320 3419 Verletzt

494 3411 584 3471 indem
628 3411 656 3471 er
680 3409 780 3469 damit
804 3409 846 3469 die
871 3411 970 3471 ältere
995 3408 1181 3468 Generation
1215 3408 1262 3468 der
1286 3407 1395 3467 jünge=
1429 3408 1462 3468 es
1496 3412 1543 3472 ihn
1577 3409 1638 3469 doch
1672 3408 1772 3468 sogar,
1797 3407 1854 3467 daß
1887 3405 1954 3465 man
1988 3403 2044 3463 das
2083 3400 2163 3460 „süße
2197 3398 2321 3458 Wiener

1425 3450 1568 3510 Mader!“
1603 3447 1631 3507 in
1670 3447 1722 3507 dem
1771 3447 1924 3507 reizenden
1967 3441 2116 3501 Lustspiel
2150 3440 2303 3500 „Liebelei

494 3450 543 3510 ren
575 3451 752 3511 gegenüber
776 3449 938 3509 abgrenzt,
958 3447 1007 3507 als
1035 3447 1061 3507 er
1085 3447 1134 3507 für
1162 3447 1207 3507 die
1235 3447 1380 3507 Kommen

500 3488 552 3548 den
590 3488 647 3548 und
679 3488 742 3548 ihre
774 3488 858 3548 Welt
885 3486 1094 3546 prophezeite:
1121 3486 1215 3546 Mehr
1242 3485 1400 3545 Haltung,
1427 3489 1479 3549 ihm
1527 3488 1585 3548 gar
1617 3487 1648 3547 zu
1685 3485 1748 3545 hoch
1785 3486 1816 3546 zu
1854 3484 1948 3544 seinem
2001 3480 2232 3540 Dichterruhme
2264 3476 2321 3536 an¬

1425 3529 1547 3589 schrieb.
1575 3527 1660 3587 Denn
1693 3524 1719 3584 er
1747 3524 1851 3584 wollte
1879 3524 1933 3584 und
1965 3521 2033 3581 muß
2061 3520 2174 3580 ernster
2202 3518 2324 3578 genom¬

502 3527 635 3587 weniger
667 3527 754 3587 Geist

539 3575 603 3635 Aus
634 3575 729 3635 dieser
759 3575 844 3635 Welt
870 3574 920 3634 des
955 3572 1076 3632 scharfen
1112 3572 1231 3632 Esprits
1262 3572 1387 3632 knüpfen
1428 3568 1493 3628 men
1533 3566 1664 3626 werden.
1700 3566 1764 3626 Das
1795 3563 1940 3623 schwerste
1976 3560 2046 3620 Leid
2076 3558 2132 3618 hat
2162 3557 2322 3617 Schnitzler

1432 3607 1479 3667 vor
1508 3607 1575 3667 drei
1600 3605 1714 3665 Jahren
1749 3602 1911 3662 erfahren,
1931 3602 1978 3662 als
2008 3599 2089 3659 seine
2113 3596 2257 3656 Tochter,
2277 3595 2324 3655 die

496 3619 543 3679 sich
577 3617 625 3677 die
659 3614 868 3674 Beziehungen
912 3611 1041 3671 zwischen
1075 3611 1127 3671 den
1166 3611 1318 3671 Menschen
1357 3608 1381 3668 im

1430 3647 1484 3707 mit
1514 3645 1591 3705 einem
1636 3644 1837 3704 italienischen
1872 3640 2004 3700 Offizier
2030 3638 2059 3698 in
2089 3637 2225 3697 Venedig
2260 3634 2323 3694 ver¬

496 3656 613 3716 Drama
646 3655 841 3715 Schnitzlers.
882 3650 922 3710 Es
951 3650 1059 3710 scheint
1082 3653 1141 3713 nur
1164 3650 1236 3710 alles
1269 3650 1323 3710 auf
1346 3649 1395 3709 den

1430 3685 1560 3745 heiratet
1589 3682 1672 3742 war,
1697 3681 1724 3741 in
1757 3681 1851 3741 dieser
1884 3679 2081 3739 eingeengten
2119 3674 2324 3734 Atmosphäre

1156 3688 1180 3748 in
1227 3688 1399 3748 Wahrheit

501 3694 683 3754 Augenblick
718 3691 915 3751 abgestimmt
949 3690 973 3750 zu
1012 3690 1064 3750 sein

1431 3724 1480 3784 des
1511 3721 1717 3781 italienischen
1754 3718 2025 3778 Frauenschicksals
2097 3715 2218 3775 grunde
2248 3715 2318 3775 ging

497 3734 570 3794 aber
595 3733 698 3793 schafft
718 3733 766 3793 der
792 3730 978 3790 Augenblick
998 3730 1081 3790 selbst
1102 3727 1155 3787 erst
1175 3728 1219 3788 die
1244 3727 1381 3787 Erregun

499 3774 549 3834 gen
583 3771 633 3831 der
657 3770 805 3830 Gefühle.
834 3769 968 3829 Dadurch
996 3767 1047 3827 hat
1071 3767 1252 3827 Schnitzlers
1275 3765 1391 3825 Drama
1434 3762 1489 3822 und
1522 3761 1605 3821 durch
1638 3760 1824 3820 Selbstmord
1857 3755 1977 3815 endete.
2010 3753 2135 3813 Seitdem
2182 3751 2247 3811 war
2275 3751 2326 3811 die

494 3811 543 3871 cin
579 3811 828 3871 unaufhörliches
860 3808 1027 3868 Aufblitzen
1059 3805 1113 3865 von
1150 3805 1389 3865 verschiedensten
1431 3799 1729 3859 Widerstandskraft
1756 3796 1806 3856 des
1838 3794 1973 3854 Geistes,
1996 3793 2041 3853 die
2074 3793 2100 3853 in
2133 3793 2182 3853 dem
2227 3791 2326 3851 Spott

496 3850 742 3910 Aeußerungen,
761 3849 802 3909 wo
826 3847 974 3907 Naivität
998 3847 1053 3907 mit
1072 3844 1285 3904 Blasiertheit,
1300 3843 1401 3903 Eitel=
1435 3841 1490 3901 und
1527 3840 1578 3900 der
1616 3838 1722 3898 Satire
1760 3837 1857 3897 seines
1895 3835 2029 3895 Dramas
2066 3832 2117 3892 zum
2168 3832 2326 3892 Ausdruck

499 3888 560 3948 keit
590 3890 646 3950 mit
676 3890 814 3950 zartester
848 3887 1058 3947 natürlichster
1087 3885 1225 3945 Hingabe
1260 3882 1407 3942 wechselt.
1432 3881 1513 3941 kam,
1538 3879 1757 3939 untergraben.
