3344 4352
170 273 220 333 2

1425 272 1561 332 box
1641 277 1833 337 43/1

329 279 912 339 Schnitzler's
983 279 1210 339 Deatl

146 1450 299 1510 serngereue
319 1460 473 1520 Liebhaber
484 1465 510 1525 im
538 1469 646 1529 Dialog
666 1472 719 1532 mit
738 1476 784 1536 dem
812 1484 930 1544 graßös/
949 1487 1048 1547 kischer
1067 1485 1331 1545 Empfindsamkeit,
1351 1484 1478 1544 Weniger
1497 1482 1633 1542 energisch
1661 1482 1706 1542 und
1735 1482 1870 1542 kulturell
1881 1479 2016 1539 produktiv

2052 1480 2171 1540 „Wien"
2199 1479 2378 1539 ausdrücken,
2405 1478 2517 1538 sondern
2551 1476 2597 1536 das
2632 1478 2717 1538 Spiel
2745 1476 2791 1536 der
2818 1473 2870 1533 Lie

136 1498 224 1558 sotag
243 1503 295 1563 vor
314 1505 357 1565 dem
393 1514 552 1574 jeweiligen
579 1522 854 1582 Liebesverhältnis,
864 1534 907 1594 der
979 1536 1022 1596 ein
1050 1533 1270 1593 Wedekind,
1289 1534 1332 1594 der
1351 1532 1422 1592 seine
1441 1530 1546 1590 Epoche
1565 1530 1634 1590 total
1653 1530 1750 1590 ändern
1777 1530 1882 1590 wolte;
1901 1529 2006 1589 wenige

2045 1527 2153 1587 ewigen
2174 1527 2406 1587 Liebhabertypen
2427 1524 2437 1584 —
2474 1524 2535 1584 naiv
2556 1525 2607 1585 und
2634 1524 2829 1584 sentimental,
2840 1524 2896 1584 mär

144 1545 203 1605 gner
229 1554 406 1614 bebürftigen
441 1562 542 1622 Seele,
560 1566 603 1626 die
629 1569 679 1629 sich
697 1572 789 1632 selber
816 1578 908 1638 davoi¬
977 1585 1069 1645 Chaos
1097 1582 1138 1642 des
1165 1581 1257 1641 Leides
1283 1579 1486 1639 umgetrieben,
1495 1578 1545 1638 wie
1573 1579 1614 1639 der
1632 1580 1741 1640 jüngere
1759 1578 2013 1638 Hauptmann

2052 1574 2103 1634 lich
2120 1574 2131 1634 —
2166 1576 2284 1636 zwischen
2318 1574 2358 1634 den
2387 1574 2511 1634 Kulissen
2540 1571 2584 1631 der
2607 1572 2715 1632 Tragik
2738 1573 2788 1633 und
2817 1571 2862 1631 der
2885 1571 2924 1631 Ko

135 1595 180 1655 bt
204 1600 261 1660 llug
291 1604 342 1664 wie
366 1604 405 1664 ein
435 1612 596 1672 Mediziner
620 1619 666 1679 den
695 1626 891 1686 mephistophei

2058 1622 2099 1682 Es
2118 1623 2232 1683 braucht
2250 1625 2322 1685 einen
2347 1622 2461 1682 weiten,
2480 1622 2635 1682 weltweiten
2666 1621 2804 1681 Horizont
2823 1621 2865 1681 der
2883 1619 2949 1679 Men

932 1631 956 1691 es
992 1631 1173 1691 „Fuhrmann
1209 1628 1379 1688 Henschel";
1410 1628 1531 1688 weniger
1562 1628 1823 1688 dramatisch-aktiv,
1849 1627 1888 1687 als
1924 1626 1949 1686 es
1980 1625 2009 1685 di

135 1643 189 1703 Pr.
206 1649 281 1709 med.
298 1655 450 1715 Schnitzler
478 1660 509 1720 ist
532 1667 689 1727 Dichter
712 1670 787 1730 und
810 1678 885 1738 Arz

2049 1671 2115 1731 nis,
2137 1673 2170 1733 um
2209 1673 2275 1733 solch
2303 1672 2341 1732 ein
2369 1672 2473 1732 Drama
2507 1671 2534 1731 zu
2562 1670 2716 1730 vollenden,
2739 1671 2760 1731 in
2794 1670 2838 1730 dem
2877 1671 2954 1731 ein„
2971 1671 3020 1731 der

934 1681 1077 1741 Zädagogik
1099 1679 1140 1739 der
1161 1679 1227 1739 Zeit
1243 1676 1320 1736 wohl
1336 1676 1469 1736 erfordert
1491 1676 1562 1736 hätte
1584 1676 1594 1736 —
1635 1676 1712 1736 stellte
1733 1676 1887 1736 Schnitzler
1903 1676 1959 1736 nur
1975 1676 2006 1736 um

2047 1718 2098 1778 die
2128 1721 2243 1781 Spuren
2284 1721 2370 1781 seiner
2406 1720 2515 1780 eigenen
2551 1718 2637 1778 Seele
2673 1718 2776 1778 findet.
2800 1718 2858 1778 Die
2893 1718 3048 1778 Konventi¬

141 1693 229 1753 perag.
271 1699 310 1759 Er
336 1704 425 1764 spielt
450 1708 514 1768 auch
540 1714 678 1774 sämtliche
703 1721 840 1781 Personen
874 1728 897 1788 in
914 1730 947 1790 o
972 1728 1117 1788 deutlicher
1143 1727 1182 1787 den
1207 1726 1362 1786 damaligen
1387 1724 1574 1784 Zeit-Typus
1599 1724 1639 1784 des
1664 1724 1762 1784 müden
1787 1724 1948 1784 Europäers
1974 1726 2013 1786 dar

2054 1768 2104 1828 19.
2130 1766 2349 1826 Jahrhunderts
2375 1765 2456 1825 dient
2482 1765 2538 1825 hier
2564 1764 2588 1824 ja
2620 1764 2677 1824 nuc
2703 1765 2746 1825 als
2771 1765 2852 1825 Stoff
2879 1765 2935 1825 und
2960 1765 3041 1825 Beisp

135 1743 343 1803 Peinfrivolen
379 1754 537 1814 Karussell
555 1760 606 1820 der
634 1765 737 1825 Liebe,
766 1771 800 1831 wo
836 1775 896 1835 jede
923 1777 966 1837 des
993 1776 1185 1836 hochbegabten
1221 1774 1272 1834 und
1300 1772 1500 1832 hochbelasteten
1528 1771 1623 1831 Erben
1650 1771 1728 1831 eines
1747 1773 1938 1833 hochbegabten
1974 1771 2017 1831 unt

2048 1816 2096 1876 die
2128 1817 2245 1877 gesamte
2270 1816 2393 1876 comédie
2418 1816 2572 1876 humaino.
2591 1813 2647 1873 Die
2672 1813 2777 1873 Tracht
2802 1813 2844 1873 tut
2870 1815 2962 1875 wenig
2987 1813 3036 1873 zur

128 1789 159 1849 gr
184 1791 238 1851 von
270 1799 427 1859 Liebhaber
451 1806 505 1866 sich
530 1808 584 1868 mit
609 1811 687 1871 jedem
727 1819 820 1879 Stand
853 1823 883 1883 un
916 1825 1017 1885 schwer
1042 1824 1184 1884 belasteten
1216 1822 1365 1882 Erdteils.
1382 1821 1436 1881 Ein
1460 1820 1538 1880 Erbe
1563 1820 1609 1880 der
1634 1822 1790 1882 faustischen
1823 1822 2003 1882 Zerrissenhei

144 1839 239 1899 eberin
264 1844 311 1904 sich
336 1850 447 1910 einläßt
464 1854 511 1914 zum
552 1862 735 1922 Liebesspiel.
752 1868 791 1928 Im
824 1871 887 1931 Wie
920 1873 967 1933 der
992 1873 1039 1933 sich
1064 1873 1088 1933 im
1129 1873 1224 1933 halbre
1233 1870 1392 1930 mantischen
1417 1870 1504 1930 Spiel
1529 1870 1600 1930 über
1625 1870 1664 1930 den
1697 1870 1824 1930 Schmerz
1849 1870 1896 1930 des
1921 1868 2024 1928 Unter¬

2057 1866 2110 1926 Die
2134 1865 2216 1925 Seele
2234 1864 2293 1924 muß
2323 1864 2447 1924 getroffen
2471 1864 2595 1924 werden.
2607 1864 2666 1924 Der
2684 1864 2766 1924 große
2784 1864 2867 1924 Arzt,
2879 1864 2920 1924 der
2938 1864 3020 1924 große

135 1886 198 1946 es
225 1893 283 1953 noch
310 1897 463 1957 „Stände"
490 1905 543 1965 und
570 1909 655 1969 daher
676 1912 739 1972 auch
766 1918 893 1978 Standet

2059 1914 2103 1974 der
2135 1916 2218 1976 große
2250 1912 2498 1972 Menschenkenner
2531 1912 2684 1972 Schnitzler
2716 1912 2773 1972 traf
2806 1912 2850 1972 die
2882 1914 2965 1974 Seele
2997 1910 3029 1970 de

918 1922 1010 1982 gangs
1042 1921 1067 1981 zu
1103 1921 1201 1981 trösten
1233 1921 1340 1981 wußte.
1367 1919 1407 1979 Er
1434 1919 1506 1979 schuf
1532 1918 1728 1978 Dichtung
1760 1919 1805 1979 als
1837 1921 1965 1981 Trost,
1981 1917 2022 1977 als

135 1933 170 1993 sen
197 1940 294 2000 konnte
320 1945 382 2005 man
414 1950 444 2010 um
481 1953 573 2013 seiner
594 1959 790 2019 Standesehre
811 1969 883 2029 wille

922 1966 1241 2026 Lebens=Ergänzung,
1258 1967 1301 2027 als
1330 1965 1544 2025 Traum=Glück
1567 1965 1588 2025 im
1628 1965 1748 2025 Unglück
1771 1965 1815 2025 der
1837 1965 2030 2025 Wirklichkeit.
2058 1965 2223 2025 Europäers
2251 1965 2278 2025 im
2317 1965 2476 2025 Uebergang
2504 1965 2548 2025 zur
2576 1963 2747 2023 Relativität
2775 1963 2813 2023 der
2841 1964 2923 2024 neuen
2957 1962 3033 2022 Zeit,

147 1986 196 2046 ord
224 1990 324 2050 denken
358 1995 407 2055 wie
436 2001 601 2061 „Leutnant
624 2008 724 2068 Gustl"
763 2013 829 2073 oder
852 2018 890 2078 wi

2054 2015 2188 2075 Träume
2208 2013 2342 2073 Europas
2367 2013 2478 2073 bewußt
2497 2013 2613 2073 machte.
2626 2013 2662 2073 Im
2700 2013 2829 2073 kritischen
2854 2013 3020 2073 Bewußtma

920 2013 978 2073 Die
1003 2016 1140 2076 Schrecken
1175 2016 1218 2076 des
1248 2016 1365 2076 Daseins
1400 2013 1503 2073 werden
1533 2013 1694 2073 romantisch
1724 2013 1767 2073 ins
1797 2014 1875 2074 Werk
1900 2016 2017 2076 gebannt

147 2035 212 2095 auch
241 2037 284 2097 das
312 2044 493 2104 unglückliche
522 2055 697 2115 „Fräulein"
720 2063 818 2123 Else".
836 2068 874 2128 Da

922 2061 1001 2121 Alles
1029 2064 1101 2124 wird
1128 2064 1207 2124 durch
1241 2064 1293 2124 und
1327 2064 1399 2124 durch
1433 2065 1566 2125 erkannt,
1587 2064 1765 2124 verstanden,
1786 2064 1944 2124 verziehen,
1965 2063 2031 2123 mit¬
2052 2063 2150 2123 Seele
2178 2064 2230 2124 war
2257 2064 2323 2124 auch
2350 2063 2502 2123 Schnitzler
2530 2064 2662 2124 durchaus
2689 2063 2728 2123 ein
2756 2063 2874 2123 Kritiker
2902 2062 2987 2122 seiner

128 2085 178 2145 peir
200 2086 243 2146 die
266 2090 366 2150 innere
389 2098 569 2158 Psychologie
592 2105 664 2165 nicht
686 2110 744 2170 klar
773 2115 823 2175 und
853 2115 896 2175 be=
926 2114 1034 2174 gelitten
1064 2112 1070 2172 —
1114 2113 1164 2173 und
1194 2113 1360 2173 distanziert.
1376 2112 1419 2172 So
1442 2112 1564 2172 entstand
1587 2112 1608 2172 in
1631 2112 1789 2172 „Liebelei"
1812 2112 1847 2172 ein
1870 2114 1956 2174 Spiel
1979 2113 2021 2173 von
2059 2112 2101 2172 ein
2131 2112 2239 2172 Dichter
2269 2113 2312 2173 des
2334 2112 2551 2172 gegenwärtigen
2581 2111 2703 2171 Lebens.

132 2134 293 2194 gechnitzler
316 2139 375 2199 wie
398 2143 449 2203 kein
487 2148 597 2208 zweiter
620 2156 760 2216 deutscher
783 2162 877 2222 Dichtz
930 2162 988 2222 vier
1011 2159 1181 2219 Menschen,
1204 2162 1269 2222 zwei
1299 2159 1410 2219 Frauen
1448 2159 1498 2219 und
1529 2159 1602 2219 zwei
1625 2161 1787 2221 Männekn,
1810 2162 1853 2222 die
1876 2162 1956 2222 nicht
1979 2160 2030 2220 nur

2681 2169 2892 2229 Bernbard
2927 2172 3004 2232 Reet

150 2177 192 2237 Er
225 2183 279 2243 hat
312 2188 382 2248 seine
415 2195 544 2255 Medizin
582 2201 733 2261 spürende,
761 2210 787 2270 ja
820 2213 863 2273 sei

138 2233 376 2293 rfühlungskraft
407 2240 448 2300 bei
480 2244 526 2304 den
563 2250 682 2310 naivsten
719 2257 811 2317 Typen
848 2261 899 2321 der

141 2279 171 2339 t.
187 2279 223 2339 Er
244 2284 357 2344 schrieb,
373 2289 425 2349 wie
446 2291 523 2351 jener
544 2298 626 2358 große
648 2302 750 2362 andere
772 2309 900 2369 Wiener,

162 2327 203 2387 die
236 2333 388 2393 penibelste
420 2344 658 2404 Psychoanalyse,
685 2353 806 2413 zerlegte
838 2358 885 2418 den

148 2374 172 2434 in
207 2379 364 2439 Nuancen!
389 2384 443 2444 und
468 2389 541 2449 setzte
571 2394 615 2454 den
645 2401 792 2461 Menschen
822 2408 885 2468 nach

128 2423 208 2483 chter
233 2430 334 2490 wieder
360 2437 517 2497 zusammen
548 2443 572 2503 zu
598 2446 674 2506 einem
710 2452 831 2512 ganzen,
841 2458 886 2518 das

136 2476 270 2536 Summe
296 2481 342 2541 von
373 2487 533 2547 Nuancen"
560 2492 595 2552 sah
627 2499 746 2559 (Gefahr
772 2503 813 2563 der
839 2505 885 2565 da¬

130 2524 165 2584 sen
191 2529 362 2589 Methode);
383 2536 497 2596 sondern
528 2540 548 2600 im
586 2543 689 2603 totalen
720 2550 808 2610 Wesen
839 2555 880 2615 der

126 2571 158 2631 hr
181 2574 290 2634 werden
318 2577 362 2637 die
384 2583 466 2643 Teile
489 2588 516 2648 zu
544 2589 621 2649 einem
660 2598 858 2658 Organismus

134 2622 160 2682 el
182 2622 224 2682 des
252 2628 391 2688 Daseins.

129 2680 303 2740 Peutschland
338 2685 410 2745 hatte
439 2691 540 2751 jemals
575 2694 597 2754 so
631 2697 670 2757 die
699 2706 857 2766 dramatisch

132 2728 166 2788 ste
191 2727 309 2787 Können
334 2732 383 2792 vor
404 2737 532 2797 schweren
562 2741 611 2801 und
636 2751 872 2811 problematischen

122 2771 206 2831 Hielte
227 2775 277 2835 mit
298 2777 343 2837 der
369 2783 509 2843 Schwere.
530 2786 570 2846 Er
591 2790 650 2850 hat,
666 2795 716 2855 wie
742 2800 867 2860 niemand

134 2822 167 2882 ne
189 2824 366 2884 französische
388 2833 504 2893 Technik
527 2837 576 2897 mit
599 2843 731 2903 beutschem
770 2850 869 2910 Senti¬

119 2870 178 2930 Die
218 2878 417 2938 Problematik
450 2885 511 2945 war
545 2888 577 2948 an
616 2894 705 2954 Ibsen
744 2903 865 2963 geschult

125 2921 346 2981 TTragikomödie
377 2927 427 2987 der
458 2932 614 2992 sterbenden
655 2942 735 3002 Liebe
766 2947 866 3007 zweier

130 2967 278 3027 Ewigkeit
300 2974 373 3034 ihres
400 2979 527 3039 Gefühls
549 2985 670 3045 glauben
702 2994 813 3054 wollen,
835 2997 866 3057 ist

127 3022 337 3082 jesenwirkung,
361 3028 413 3088 und
443 3033 562 3093 dennoch
592 3038 629 3098 ein
663 3046 869 3106 Puppenspiel.

128 3068 241 3128 sigliert.
263 3074 322 3134 Der
349 3078 468 3138 Dichter
496 3081 517 3141 in
550 3087 701 3147 Schnitzler
734 3094 792 3154 gibt
815 3097 857 3157 sich

122 3115 161 3175 in
191 3118 237 3178 als
267 3124 371 3184 jemals
400 3125 446 3185 der
475 3129 550 3189 harte
574 3135 684 3195 Ibsen.
731 3141 806 3201 Aber
835 3146 863 3206 er

118 3162 188 3222 eler
214 3165 269 3225 und
295 3171 442 3231 Träumer
468 3177 513 3237 vor
544 3178 584 3238 dem
625 3189 787 3249 Einzelfall,
813 3195 863 3255 wie

118 3210 145 3270 r
167 3213 296 3273 schwerer
324 3219 399 3279 lebte
426 3224 480 3284 und
513 3228 582 3288 nicht
605 3236 739 3296 träumte.
761 3242 847 3302 Ibsen

125 3258 172 3318 der
202 3267 378 3327 Menschheit
403 3271 455 3331 ab.
479 3277 633 3337 Schnitzler
657 3285 751 3345 feierte
781 3291 839 3351 Ver

152 3311 238 3371 Leid,
260 3315 314 3375 mit
342 3318 385 3378 der
418 3323 586 3383 Schwäche,
608 3330 662 3390 mit
690 3334 733 3394 dem
777 3338 836 3398 Tod

143 3356 185 3416 für
217 3359 259 3419 die
291 3365 392 3425 Seele.
413 3372 571 3432 Schnitzler
598 3382 778 3442 rechtfertigte
810 3388 852 3448 die

119 3404 173 3464 sche
202 3411 368 3471 Schwäche.
391 3416 451 3476 Der
480 3423 635 3483 Mediziner
663 3433 780 3493 begreift
808 3437 852 3497 die

125 3455 146 3515 e
169 3458 271 3518 starke.
293 3461 352 3521 Die
381 3469 602 3529 Psychoanalyse
630 3479 738 3539 fordert
766 3484 852 3544 nicht.

121 3506 232 3566 erzeiht
250 3506 316 3566 alles

118 3550 149 3610 hr
171 3551 212 3611 der
239 3556 339 3616 großen
366 3564 603 3624 Repräsentanten
635 3572 677 3632 der
698 3579 830 3639 deutschen

119 3601 234 3661 hischen
270 3610 538 3670 wisenschoftlichem
583 3622 752 3682 Realiomus
789 3628 840 3688 und
