3392 4320
204 294 326 354 12.

396 305 978 365 Schnitzler's
1050 309 1280 369 Death

1499 312 1626 372 box
1698 318 1888 378 42/7

254 1700 446 1760 „Associated
483 1701 590 1761 Preß"
626 1705 741 1765 bringt
770 1706 920 1766 folgende
949 1708 1063 1768 eigene
1099 1709 1256 1769 Meldung
1293 1711 1349 1771 aus

1398 1698 1506 1758 deutet
1537 1699 1686 1759 worden,
1718 1703 1756 1763 die
1787 1706 2006 1766 französischen
2048 1709 2316 1769 Staatsmänner
2347 1716 2455 1776 trügen

2642 1743 2792 1803 England
2819 1745 2891 1805 steht
2911 1745 2937 1805 in

1398 1747 1451 1807 mit
1479 1746 1532 1806 der
1560 1748 1695 1808 Absicht,
1717 1752 1976 1812 vorzuschlagen,
1999 1754 2052 1814 daß
2085 1757 2134 1817 die
2167 1757 2372 1817 Vereinigten
2405 1763 2545 1823 Staaten

200 1753 412 1813 Washington
448 1754 524 1814 über
549 1755 595 1815 die
619 1758 897 1818 Stellungnahme
921 1760 1068 1820 Hoovers
1098 1763 1127 1823 zu
1158 1763 1210 1823 den
1240 1763 1357 1823 bevor¬

2598 1791 2828 1851 Regierung",
2848 1795 2935 1855 bestel

1394 1792 1437 1852 sich
1470 1794 1625 1854 entweder
1653 1799 1879 1859 verpflichten,
1901 1802 2078 1862 Frankreich
2111 1803 2138 1863 im
2176 1805 2267 1865 Falle
2295 1808 2380 1868 eines
2413 1811 2542 1871 Krieges

206 1805 364 1865 stehenden
401 1809 659 1869 Besprechungen
701 1811 759 1871 mit
783 1811 901 1871 Laval:
931 1811 989 1871 Die
1019 1813 1260 1873 amerikauische
1290 1815 1348 1875 Re¬

2595 1835 2760 1895 Liberalen
2823 1840 2885 1900 und

1394 1839 1474 1899 Hilfe
1502 1841 1534 1901 zu
1567 1843 1669 1903 leisten
1702 1844 1772 1904 oder
1799 1846 1869 1906 aber
1902 1849 2085 1909 wenigstens
2119 1850 2145 1910 im
2183 1852 2274 1912 Falle
2302 1854 2388 1914 einer
2416 1858 2550 1918 Kriegs¬

201 1861 335 1921 gierung
361 1859 440 1919 stellt
459 1861 502 1921 sich
527 1861 569 1921 als
589 1862 704 1922 Thema
730 1864 760 1924 zu
786 1864 834 1924 den
866 1866 1061 1926 kommenden
1087 1868 1345 1928 Besprechungen

2597 1882 2805 1942 MacDonald
2841 1888 2876 1948 an
2912 1888 2941 1948 il

1390 1888 1537 1948 drohung
1567 1892 1625 1952 mit
1650 1893 1832 1953 Frankreich
1862 1897 1885 1957 in
1915 1897 2122 1957 Beratungen
2158 1901 2334 1961 eintreten.
2364 1906 2405 1966 Es
2435 1907 2546 1967 besteht

201 1912 338 1972 zwischen
375 1912 477 1972 Laval
502 1914 561 1974 und
593 1915 718 1975 Hoover
743 1917 790 1977 die
815 1918 1014 1978 umfassende
1045 1921 1267 1981 Berichtigung
1298 1923 1345 1983 der

2590 1928 2656 1988 und
2690 1933 2845 1993 verlangt
2873 1935 2922 1995 ihr

201 1966 405 2026 verwickelten
436 1969 786 2029 Weltwirtschaftslage
805 1972 1022 2032 einschließlich
1047 1972 1137 2032 einer
1156 1976 1342 2036 eventuellen

2594 1980 2786 2040 Gegenüber
2815 1983 2915 2043 dieser
2944 1987 3107 2047 pachrigen
3151 1990 3307 2050 Köalition

201 2017 501 2077 Schuldenrevision
550 2021 616 2081 und
652 2020 742 2080 einer
785 2025 1067 2085 einschneidenden
1110 2028 1351 2088 Rüstungsein¬

2595 2023 2705 2083 partel
2718 2025 2772 2085 für
2792 2028 2871 2088 ihren
2902 2031 3038 2091 Bestand
3063 2034 3124 2094 und
3149 2035 3197 2095 für
3223 2037 3265 2097 die
3284 2038 3320 2098 Zu

200 2070 406 2130 schränkung,
430 2073 607 2133 allerdings
637 2076 713 2136 ohne
743 2076 808 2136 eine
838 2079 997 2139 Garautie
1027 2081 1192 2141 Amerikas
1222 2082 1274 2142 für
1299 2080 1345 2140 die

2592 2071 2683 2131 führt
2709 2076 2807 2136 diesen
2839 2079 2981 2139 Kampf,
3000 2080 3166 2140 beschwert
3191 2085 3277 2145 durch
3309 2085 3339 2145 di

1477 2115 1815 2175 Arthur
1885 2123 2333 2183 Schnitzler

202 2124 363 2184 politische
386 2124 564 2184 Sicherheit
587 2130 808 2190 Frankreichs.

2592 2121 2660 2181 ihre
2680 2124 2913 2184 Bestrebungen
2945 2130 3228 2190 „anti-national"
3255 2132 3329 2192 seien

2633 2175 2691 2235 Die
2718 2181 2952 2241 „nationalen"
2979 2184 3173 2244 Kandidaten
3207 2188 3264 2248 und
3291 2190 3304 2250 W

241 2182 318 2242 Man
347 2186 504 2246 erwartet
526 2187 603 2247 nicht
619 2188 632 2248 —
683 2190 711 2250 so
733 2190 846 2250 erklärt
868 2193 1039 2253 Associated
1068 2193 1146 2253 Preß
1176 2196 1274 2256 weiter
1297 2197 1353 2257 —,

1424 2194 1500 2254 Aus
1532 2198 1616 2258 Wien
1656 2202 1771 2262 kommt
1803 2202 1856 2262 die
1880 2205 2181 2265 Trauernachricht:
2213 2208 2336 2268 Arthur
2369 2215 2538 2275 Schnitzles
2593 2222 2670 2282 auf,
2694 2226 2724 2286 um
2771 2227 2824 2287 der
2848 2231 3080 2291 Wählerschaft
3105 2234 3312 2294 klarzumache

199 2226 249 2286 daß
278 2234 503 2294 irgendwelche
526 2233 689 2293 vorherige
713 2237 864 2297 Bindung
893 2238 921 2298 in
950 2240 1005 2300 der
1029 2240 1113 2300 Form
1147 2243 1231 2303 eines
1260 2242 1350 2302 fran¬

1383 2246 1420 2306 ist
1442 2246 1560 2306 gestern
1594 2247 1782 2307 nachmittag
1815 2249 1901 2309 einem
1945 2254 2172 2314 Schlaganfall
2194 2258 2339 2318 erlegen.
2383 2261 2426 2321 Im
2470 2261 2544 2321 Mai

2589 2270 2774 2330 Regierung
2809 2273 2860 2333 der
2891 2279 3151 2339 Wiederaufstieg
3180 2282 3331 2342 England

191 2278 576 2338 zösisch-amerikanischen
604 2285 907 2345 Konsultativpakts
935 2286 1006 2346 oder
1034 2287 1055 2347 in
1089 2289 1226 2349 anderer
1249 2290 1325 2350 Form
1387 2292 1436 2352 des
1469 2294 1595 2354 nächsten
1629 2297 1750 2357 Jahres
1778 2297 1865 2357 wäre
1888 2298 1920 2358 er
1943 2302 2047 2362 siebzig
2081 2303 2179 2363 Jahre
2202 2305 2251 2365 alt
2274 2306 2460 2366 geworden.

2591 2318 2805 2378 Weltansehen
2841 2322 2997 2382 abhängt.
3039 2327 3096 2387 Sie
3120 2327 3270 2387 vergessen
3306 2330 3328 2390 ke

194 2327 254 2387 zur
276 2327 491 2387 Besprechung
520 2332 669 2392 gelangen
697 2333 791 2393 wird.
808 2333 863 2393 Die
886 2336 1095 2396 Vereinigten
1123 2339 1256 2399 Staaten
1284 2338 1344 2398 sind

1424 2346 1492 2406 Der
1528 2350 1671 2410 Dichter,
1695 2352 1746 2412 der
1782 2354 1833 2414 sich
1868 2354 1984 2414 bereits
2019 2357 2076 2417 seit
2112 2360 2232 2420 einiger
2267 2363 2342 2423 Zeit
2377 2366 2538 2426 unpäßlich

2590 2366 2697 2426 weisen
2733 2369 2863 2429 könnte,
2880 2372 2936 2432 daß
2966 2375 3061 2435 dieser
3085 2375 3266 2435 Wohlstand
3295 2376 3328 2436 un

193 2370 277 2430 nicht
306 2372 328 2432 in
369 2375 419 2435 der
448 2378 549 2438 Lage,
566 2380 843 2440 Versprechungen
883 2384 1058 2444 hinsichtlich
1093 2384 1143 2444 der
1172 2387 1352 2447 Sicherheit

1390 2396 1505 2456 fühlte,
1528 2399 1610 2459 hatte
1638 2399 1692 2459 den
1726 2402 1996 2462 Dienstagabend
2030 2405 2095 2465 noch
2129 2406 2156 2466 im
2201 2408 2338 2468 Theater
2372 2414 2531 2474 verbracht

2593 2414 2681 2474 durch
2701 2416 2745 2476 die
2778 2420 3007 2480 „sozialistische
3034 2421 3295 2481 Mißwirtschaft"

192 2421 398 2481 Frankreichs
436 2425 515 2485 oder
542 2427 753 2487 irgendeiner
786 2430 923 2490 anderen
961 2431 1182 2491 europäischen
1226 2434 1341 2494 Nation

1386 2440 1429 2500 Am
1469 2445 1634 2505 Mittwoch
1656 2446 1744 2506 hatte
1772 2448 1799 2508 er
1827 2449 1926 2509 seinen
1960 2452 2147 2512 gewohnten
2181 2458 2533 2518 Morgenspaziergang

2592 2460 2616 2520 in
2647 2460 2702 2520 den
2740 2464 2838 2524 letzten
2876 2467 2992 2527 Jahren
3030 2472 3325 2532 verlorengegange

191 2469 223 2529 zu
257 2470 400 2530 machen;
428 2472 516 2532 sollte
544 2473 643 2533 Laval
671 2475 842 2535 tatsächlich
876 2478 958 2538 einen
1003 2479 1184 2539 derartigen
1223 2481 1344 2541 Schritt

1388 2492 1651 2552 unternommen.
1694 2495 1736 2555 Um
1784 2496 1820 2556 11
1858 2497 1920 2557 Uhr
1958 2500 2089 2560 mittags
2127 2502 2226 2562 kehrte
2264 2503 2295 2563 er
2333 2505 2401 2565 nach
2438 2509 2537 2569 Hause

2589 2506 2644 2566 das
2680 2506 2750 2566 Bild
2793 2511 2848 2571 der
2891 2516 3156 2576 Vergangenheit
3193 2518 3311 2578 undn

193 2515 412 2575 vorschlagen,
431 2521 456 2581 so
482 2521 582 2581 werde
607 2522 663 2582 das
689 2524 751 2584 hier
777 2526 1028 2586 Ueberraschung
1060 2530 1291 2590 hervorrufen.

1381 2540 1488 2600 zurück
1517 2541 1573 2601 und
1607 2542 1702 2602 begab
1731 2542 1782 2602 sich
1811 2545 1838 2605 in
1873 2545 1929 2605 sein
1963 2547 2251 2607 Arbeitszimmer,
2274 2552 2341 2612 um,
2359 2554 2415 2614 wie
2444 2557 2528 2617 jeden

2586 2557 2822 2617 optimistischen
2852 2561 2994 2621 Farben.

232 2576 311 2636 Hier
336 2579 372 2639 ist
398 2581 446 2641 die
472 2584 668 2644 Auffassung
699 2587 963 2647 vorherrschend,
989 2591 1038 2651 daß
1075 2591 1117 2651 die
1149 2596 1339 2656 Sanierung

1386 2587 1520 2647 Mittag,
1542 2589 1574 2649 zu
1607 2590 1775 2650 diktieren.
1813 2592 1866 2652 Als
1900 2594 1942 2654 die
1970 2596 2153 2656 Sekretärin
2187 2598 2240 2658 das
2268 2601 2537 2661 Arbeitszimmer

2630 2609 2703 2669 Nur
2722 2613 2794 2673 ein
2823 2615 3007 2675 Argument
3027 2620 3165 2680 benützen
3203 2621 3238 2681 sie
3258 2623 3321 2683 nich

189 2626 246 2686 der
275 2629 535 2689 Weltwirtschaft
559 2631 605 2691 die
629 2634 749 2694 einzige
779 2636 970 2696 Grundlage
999 2637 1050 2697 der
1080 2640 1334 2700 Besprechungen

1381 2634 1507 2694 betrat,
1525 2637 1602 2697 fand
1630 2637 1668 2697 sie
1696 2638 1745 2698 ihn
1779 2640 1961 2700 bewußtlos
1995 2643 2066 2703 über
2095 2645 2150 2705 dem
2194 2646 2393 2706 Schreibtisch
2427 2650 2542 2710 liegen.

2581 2656 2666 2716 fehlt
2685 2657 2710 2717 in
2741 2661 2790 2721 dem
2834 2663 2926 2723 Bild,
2952 2665 3000 2725 das
3032 2664 3068 2724 sie
3088 2666 3143 2726 von
3180 2667 3229 2727 der
3255 2668 3316 2728 Ver

182 2670 289 2730 bilden
324 2673 419 2733 wird.
448 2676 487 2736 In
522 2677 691 2737 offiziellen
720 2680 845 2740 Kreisen
879 2681 890 2741 —
942 2685 969 2745 so
998 2685 1088 2745 heißt
1111 2687 1139 2747 es
1168 2686 1275 2746 weiter

1381 2682 1460 2742 Man
1494 2682 1612 2742 brachte
1641 2684 1686 2744 ihn
1720 2689 1821 2749 sofort
1850 2689 1878 2749 zu
1907 2688 1985 2748 Bett
2008 2690 2070 2750 und
2099 2690 2160 2750 rief
2184 2694 2234 2754 den
2268 2696 2454 2756 Hausarzt,
2472 2699 2533 2759 doch

2590 2703 2649 2763 und
2680 2705 2703 2765 in
2740 2708 2788 2768 dem
2831 2710 2951 2770 schönen
2988 2714 3193 2774 Panorama,
3211 2715 3265 2775 das
3296 2715 3319 2775 si

191 2721 229 2781 ist
252 2721 295 2781 die
318 2723 522 2783 Erkenntnis
551 2724 677 2784 vielfach
700 2730 1003 2790 durchgedrungen,
1020 2733 1076 2793 daß
1109 2734 1158 2794 das
1187 2734 1324 2794 Problem

1375 2730 1477 2790 waren
1516 2732 1569 2792 alle
1602 2733 1775 2793 Versuche,
1797 2735 1845 2795 ihn
1884 2737 1943 2797 aus
1971 2737 2024 2797 der
2052 2739 2144 2799 tiefen
2182 2745 2468 2805 Bewußtlosigkeit
2496 2746 2522 2806 zu

2588 2754 2733 2814 jizieren:
2770 2757 2820 2817 der
2851 2760 3054 2820 Niedergang
3092 2763 3163 2823 oder
3193 2763 3244 2823 der
3281 2763 3323 2823 Ar

191 2766 244 2826 der
277 2772 573 2832 Schuldenrevision
617 2774 643 2834 im
692 2780 950 2840 Vordergrunde
983 2781 1037 2841 der
1075 2783 1328 2843 Besprechungen

1384 2778 1549 2838 erwecken,
1573 2781 1761 2841 vergeblich.
1803 2785 1849 2845 Um
1891 2787 1932 2847 6¼
1980 2787 2044 2847 Uhr
2074 2789 2191 2849 abends
2221 2793 2380 2853 entschlief
2410 2795 2533 2855 Arthur

2585 2802 2802 2862 militärischer
2829 2803 2950 2863 Macht.

1381 2826 1568 2886 Schnitzler.

189 2818 280 2878 stehen
316 2819 407 2879 muß.
443 2820 511 2880 Von
546 2825 626 2885 jeher
656 2826 748 2886 haben
784 2827 829 2887 die
859 2829 1066 2889 Vereinigten
1101 2833 1233 2893 Staaten
1268 2834 1337 2894 dar¬

2627 2855 2729 2915 Dabei
2759 2860 2833 2920 fällt
2852 2861 2870 2921 in
2909 2861 2955 2921 die
2975 2864 3246 2924 Regierungszeit
3275 2866 3321 2926 des

190 2863 249 2923 auf
280 2869 459 2929 gedrängt,
485 2870 538 2930 daß
575 2873 623 2933 die
666 2876 1026 2936 „Zahlungsfähigkeit"
1070 2877 1117 2937 bei
1148 2880 1202 2940 der
1238 2882 1340 2942 inter¬

1423 2880 1467 2940 Er
1498 2885 1677 2945 hinterläßt
1707 2887 1789 2947 einen
1820 2888 1931 2948 Sohn,
1955 2891 2006 2951 der
2037 2891 2081 2951 die
2104 2894 2455 2954 Theaterleidenschaft
2479 2896 2530 2956 des

2581 2903 2689 2963 netts"
2726 2906 2773 2966 das
2810 2909 3123 2969 Flottenabkomnen
3160 2915 3220 2975 mit
3251 2912 3299 2972 Wa

184 2913 372 2973 nationalen
405 2916 659 2976 Schuldenfrage
687 2921 729 2981 als
757 2924 902 2984 Maßstab
930 2926 962 2986 zu
990 2927 1092 2987 gelten
1125 2929 1195 2989 hat;
1211 2930 1335 2990 Hoover

1385 2930 1498 2990 Vaters
1535 2933 1643 2993 geerbt
1680 2935 1751 2995 hat:
1782 2939 1926 2999 Heinrich
1957 2939 2143 2999 Schnitzler,
2174 2942 2325 3002 Mitglied
2361 2942 2415 3002 des
2452 2942 2535 3002 Ber¬

2582 2952 2894 3012 Flottenabkommen
2946 2957 3002 3017 mit
3035 2958 3169 3018 Japan,
3202 2960 3309 3020 Frank

185 2958 265 3018 wird
298 2962 346 3022 bei
368 2963 422 3023 den
455 2965 714 3025 Besprechungen
747 2969 806 3029 mit
833 2971 935 3031 Laval
958 2975 1055 3035 diesen
1093 2975 1238 3035 Maßstab
1266 2977 1335 3037 auch

1377 2978 1465 3038 liner
1492 2981 1779 3041 Staatstheaters.

2575 2999 2707 3059 weitert
2733 3002 2859 3062 wurde,
2885 3002 2945 3062 und
2982 3005 3037 3065 das
3068 3005 3121 3065 den
3158 3008 3304 3068 endgü

185 3008 346 3068 wiederum
390 3011 443 3071 zur
471 3013 687 3073 Anwendung
720 3018 870 3078 bringen.
909 3023 1032 3083 Ferner
1060 3024 1157 3084 haben
1190 3023 1238 3083 die
1260 3025 1340 3085 Ver¬

1412 3032 1479 3092 Die
1514 3039 1716 3099 Würdigung
1758 3042 1804 3102 des
1846 3043 1967 3103 Werkes
2002 3044 2130 3104 Arthur
2158 3048 2347 3108 Schnitzlers
2382 3049 2530 3109 befindek
2572 3047 2823 3107 Englands
2864 3050 2951 3110 auf
2986 3052 3317 3112 individuelle

184 3055 321 3115 einigten
358 3057 490 3117 Staaten
527 3060 601 3120 schon
639 3063 749 3123 immer
776 3065 823 3125 die
850 3069 1056 3129 ungeheuren
1088 3073 1341 3133 Rüstungsaus¬

1379 3084 1429 3144 sich
1455 3084 1518 3144 auf
1544 3085 1600 3145 der
1626 3088 1663 3148 2.
1689 3090 1796 3150 Seite.

2581 3095 2656 3155 zur
2689 3094 2769 3154 See
2796 3097 2959 3157 bedeutet.
2997 3100 3104 3160 Dabei
3124 3098 3199 3158 fällt
3218 3100 3243 3160 in
3282 3099 3325 3159 die

183 3105 280 3165 gaben
315 3104 361 3164 als
390 3103 442 3163 den
477 3109 730 3169 verschärfenden
772 3115 887 3175 Faktor
916 3116 967 3176 für
997 3119 1042 3179 die
1072 3121 1325 3181 Weltdepression

2583 3137 2635 3197 der
2660 3141 2736 3201 schon
2766 3145 2860 3205 unter
2884 3145 2936 3205 dem
2978 3147 3208 3207 konservativen
3244 3148 3302 3208 Neg

178 3149 382 3209 angesehen.

2582 3187 2632 3247 der
2656 3190 2819 3250 Luftflotte
2842 3191 2898 3251 von
2927 3193 3005 3253 ihrem
3046 3193 3147 3253 Stand
3176 3196 3226 3256 zur
3249 3196 3299 3256 Zei

227 3208 327 3268 Unter
365 3211 452 3271 einem
504 3213 616 3273 solchen
661 3217 918 3277 wirtschaftlichen
963 3223 1220 3283 Gesichtswinkel
1253 3228 1327 3288 wird

2580 3233 2632 3293 der
2657 3238 2803 3298 England
2828 3240 2898 3300 weit
2917 3241 3022 3301 hinter
3047 3241 3146 3301 seinen
3171 3244 3311 3304 französi

178 3254 252 3314 auch
289 3254 346 3314 das
379 3258 521 3318 gesamte
554 3261 860 3321 Rüstungsproblem
908 3265 966 3325 von
1009 3268 1135 3328 Hoover
1167 3271 1336 3331 betrachtet

1385 3266 1485 3326 jedoch
1506 3267 1741 3327 keinerlei
1769 3270 1964 3330 Absicht,
1985 3270 2031 3330 sich
2059 3272 2085 3332 in
2120 3275 2200 3335 einen
2234 3278 2416 3338 derartigen
2450 3276 2530 3336 Vor¬

2578 3282 2664 3342 läßt.
2695 3285 2799 3345 Dabei
2819 3287 2892 3347 weiß
2917 3288 3003 3348 jeder
3022 3290 3225 3350 Engländer,
3244 3291 3293 3351 daß

176 3303 320 3363 werden.
354 3306 403 3366 Da
432 3309 615 3369 Frankreich
643 3309 732 3369 große
754 3315 909 3375 Summen
943 3316 993 3376 für
1022 3318 1121 3378 seinen
1149 3322 1338 3382 Rüstungs¬

1373 3313 1468 3373 schlag
1503 3315 1718 3375 einzulassen.
1759 3317 1820 3377 Die
1856 3320 2059 3380 Vereinigten
2100 3321 2235 3381 Staaten
2275 3321 2292 3381 —
2350 3326 2377 3386 so
2412 3327 2536 3387 schließt

2578 3331 2794 3391 französischen
2831 3336 3084 3396 Unterseeflotte
3116 3339 3208 3399 nichts
3240 3337 3301 3397 Gle

176 3351 251 3411 etat
273 3354 478 3414 verwendet,
505 3354 581 3414 wird
614 3358 737 3418 Hoover
771 3363 873 3423 Laval
900 3363 954 3423 von
993 3364 1046 3424 der
1079 3369 1322 3429 unmittelbaren

1375 3360 1419 3420 die
1447 3363 1673 3423 Information
1712 3364 1762 3424 der
1796 3367 1966 3427 Associated
2000 3368 2076 3428 Preß
2110 3366 2121 3426 —
2177 3372 2270 3432 haben
2304 3372 2530 3432 Konsultativ¬

2575 3381 2716 3441 zustellen
2747 3382 2814 3442 hat.
2852 3384 2956 3444 Dabei
2975 3384 3048 3444 fällt
3068 3384 3085 3444 in
3117 3385 3165 3445 die
3184 3387 3301 3447 Regier

180 3399 240 3459 und
279 3402 466 3462 gewaltigen
506 3404 654 3464 Wirkung
694 3407 721 3467 zu
761 3410 954 3470 überzeugen
993 3415 1175 3475 versuchen,
1203 3417 1247 3477 die
1280 3420 1324 3480 ein

1383 3408 1544 3468 Verträge
1575 3409 1652 3469 über
1683 3411 1736 3471 den
1779 3414 1887 3474 fernen
1924 3416 2013 3476 Osten
2050 3418 2296 3478 abgeschlossen,
2321 3420 2369 3480 wo
2400 3424 2459 3484 für
2490 3423 2525 3483 sie
2580 3427 2735 3487 kabinetts
2760 3430 2807 3490 die
2833 3432 2988 3492 „schlappe
3031 3433 3253 3493 Behandlung
3278 3430 3313 3490 de

179 3446 361 3506 derartiges
389 3450 532 3510 Gebaren
566 3453 637 3513 nuch
671 3454 793 3514 Ansicht
821 3458 986 3518 Amerikas
1015 3461 1075 3521 auf
1103 3463 1147 3523 die
1175 3467 1335 3527 Weltzah¬

1375 3457 1676 3517 Sonderinteressen
1715 3461 1877 3521 bestehen.
1947 3464 2006 3524 Die
2039 3466 2266 3526 Beziehungen
2310 3469 2368 3529 mit
2396 3470 2525 3530 Europo

2628 3482 2704 3542 Aber
2730 3485 2813 3545 nicht
2839 3487 2960 3547 einmal
2986 3488 3119 3548 Winston
3159 3491 3304 3551 Churchil

182 3495 397 3555 lungsb.lanz
430 3497 527 3557 haben
570 3500 662 3560 muß.
684 3500 699 3560 —
760 3503 819 3563 Die
857 3505 959 3565 Frage
998 3509 1083 3569 eines
1122 3515 1332 3575 Sicherheits¬

1379 3504 1476 3564 jedoch
1506 3506 1604 3566 haben
1639 3506 1673 3566 sie
1703 3506 1760 3566 von
1795 3510 1882 3570 jeher
1911 3511 1939 3571 in
1975 3512 2043 3572 eine
2074 3513 2188 3573 andere
2224 3515 2328 3575 Klasse
2357 3518 2536 3578 eingereiht

2575 3530 2669 3590 reden
2707 3533 2770 3593 und
2802 3533 2832 3593 in
2871 3536 3009 3596 Artikeln
3047 3536 3103 3596 für
3136 3539 3304 3599 „Wehrhaf

183 3542 289 3602 paktes
324 3543 385 3603 mit
408 3548 594 3608 Frankreich
629 3549 696 3609 muß
730 3550 759 3610 in
799 3554 866 3614 eine
895 3557 979 3617 ganz
1007 3560 1126 3620 andere
1160 3563 1329 3623 Kategorie

1379 3554 1436 3614 und
1471 3554 1505 3614 sie
1529 3554 1748 3614 beabsichtigen
1783 3559 1869 3619 auch,
1893 3560 1955 3620 dies
1985 3563 2146 3623 weiterhin
2181 3563 2209 3623 zu
2245 3566 2319 3626 tun.

2584 3578 2673 3638 starke
2710 3581 2799 3641 Hand
2848 3581 2877 3641 in
2920 3584 3069 3644 Indien"
3118 3584 3268 3644 während

185 3590 366 3650 eingereiht
387 3593 533 3653 werden.

1656 3620 1789 3680 Siehe
1817 3624 1908 3684 auch
1936 3626 2086 3686 zweite
2119 3630 2242 3690 Seite

2576 3627 2719 3687 Monate
2736 3629 2799 3689 mit
2817 3629 2896 3689 allem
2937 3633 3097 3693 Aufgebot
3122 3635 3217 3695 seines
3242 3636 3297 3696 Ter
