<?xml version="1.0" encoding="UTF-8" standalone="yes"?>
<PcGts xmlns="http://schema.primaresearch.org/PAGE/gts/pagecontent/2013-07-15" xmlns:xsi="http://www.w3.org/2001/XMLSchema-instance" xsi:schemaLocation="http://schema.primaresearch.org/PAGE/gts/pagecontent/2013-07-15 http://schema.primaresearch.org/PAGE/gts/pagecontent/2013-07-15/pagecontent.xsd">
    <Metadata>
        <Creator>prov=READ-COOP:name=PyLaia@TranskribusPlatform:version=2.12.1:model_id=39995:lm=none:date=09_04_2024_22:49</Creator>
        <Created>2019-10-07T20:38:17.022+02:00</Created>
        <LastChange>2024-04-09T22:49:53.292+02:00</LastChange>
        <TranskribusMetadata docId="224459" pageId="9581327" pageNr="224" tsid="157629999" status="IN_PROGRESS" userId="64420" imgUrl="https://files.transkribus.eu/Get?id=VPCQXZKILVTXANKENFSAUMQD&amp;fileType=view" xmlUrl="https://files.transkribus.eu/Get?id=PQSZCODJBXKFWBMFPFSZKTBG" imageId="6208927"/>
    </Metadata>
    <Page imageFilename="224459_0224.jpeg" imageWidth="3392" imageHeight="4352">
        <ReadingOrder>
            <OrderedGroup id="ro_1712938085933" caption="Regions reading order">
                <RegionRefIndexed index="0" regionRef="tr_1"/>
                <RegionRefIndexed index="1" regionRef="tr_2"/>
            </OrderedGroup>
        </ReadingOrder>
        <TextRegion orientation="0.0" id="tr_1" custom="readingOrder {index:0;}">
            <Coords points="194,305 194,458 331,458 331,305"/>
            <TextLine id="tr_1_tl_1" custom="readingOrder {index:0;}">
                <Coords points="173,437 202,437 220,419 242,433 274,408 296,429 321,429 321,339 303,339 292,350 267,339 245,346 238,339 173,339"/>
                <Baseline points="194,405 221,405 248,406 276,408 303,408 331,405"/>
                <Word id="tr_1_tl_1_w1" custom="readingOrder {index:0;}">
                    <Coords points="185,365 185,425 306,425 306,365"/>
                    <TextEquiv>
                        <Unicode>2.</Unicode>
                    </TextEquiv>
                </Word>
                <TextEquiv>
                    <Unicode>2.</Unicode>
                </TextEquiv>
            </TextLine>
            <TextEquiv>
                <Unicode></Unicode>
            </TextEquiv>
        </TextRegion>
        <TextRegion orientation="0.0" id="tr_2" custom="readingOrder {index:1;}">
            <Coords points="173,382 173,3448 3092,3448 3092,382"/>
            <TextLine id="tr_2_tl_1" custom="readingOrder {index:0;}">
                <Coords points="357,444 1285,444 1285,332 1176,368 1014,336 357,350"/>
                <Baseline points="376,402 424,408 472,408 521,411 569,411 617,411 666,410 714,408 762,408 811,406 859,405 908,402 956,405 1004,408 1053,408 1101,408 1149,409 1198,411 1246,412 1295,414"/>
                <Word id="tr_2_tl_1_w1" custom="readingOrder {index:0;}">
                    <Coords points="366,370 366,430 947,430 947,370"/>
                    <TextEquiv>
                        <Unicode>Schnitzler's</Unicode>
                    </TextEquiv>
                </Word>
                <Word id="tr_2_tl_1_w2" custom="readingOrder {index:1;}">
                    <Coords points="1017,368 1017,428 1243,428 1243,368"/>
                    <TextEquiv>
                        <Unicode>Death</Unicode>
                    </TextEquiv>
                </Word>
                <TextEquiv>
                    <Unicode>Schnitzler's Death</Unicode>
                </TextEquiv>
            </TextLine>
            <TextLine id="tr_2_tl_2" custom="readingOrder {index:1;}">
                <Coords points="1462,447 1628,440 1664,411 1714,444 1772,426 1822,444 1891,429 1891,354 1855,357 1837,339 1786,354 1703,339 1649,361 1548,343 1462,354"/>
                <Baseline points="1480,408 1506,408 1532,408 1558,410 1584,411 1610,411 1636,411 1662,411 1689,411 1715,412 1741,413 1767,414 1793,414 1819,412 1845,411 1871,411 1898,414"/>
                <Word id="tr_2_tl_2_w1" custom="readingOrder {index:0;}">
                    <Coords points="1460,368 1460,428 1597,428 1597,368"/>
                    <TextEquiv>
                        <Unicode>box</Unicode>
                    </TextEquiv>
                </Word>
                <Word id="tr_2_tl_2_w2" custom="readingOrder {index:1;}">
                    <Coords points="1680,374 1680,434 1874,434 1874,374"/>
                    <TextEquiv>
                        <Unicode>43/1</Unicode>
                    </TextEquiv>
                </Word>
                <TextEquiv>
                    <Unicode>box 43/1</Unicode>
                </TextEquiv>
            </TextLine>
            <TextLine id="tr_2_tl_3" custom="readingOrder {index:2;}">
                <Coords points="170,2111 1130,2133 1130,2028 170,2071"/>
                <Baseline points="191,2107 238,2113 285,2113 333,2114 380,2115 428,2113 475,2113 523,2113 570,2113 618,2113 665,2115 712,2116 760,2118 807,2117 855,2119 902,2122 950,2122 997,2122 1045,2125 1092,2125 1140,2125"/>
                <Word id="tr_2_tl_3_w1" custom="readingOrder {index:0;}">
                    <Coords points="192,2073 192,2133 353,2133 353,2073"/>
                    <TextEquiv>
                        <Unicode>Genießen</Unicode>
                    </TextEquiv>
                </Word>
                <Word id="tr_2_tl_3_w2" custom="readingOrder {index:1;}">
                    <Coords points="398,2073 398,2133 451,2133 451,2073"/>
                    <TextEquiv>
                        <Unicode>des</Unicode>
                    </TextEquiv>
                </Word>
                <Word id="tr_2_tl_3_w3" custom="readingOrder {index:2;}">
                    <Coords points="486,2073 486,2133 723,2133 723,2073"/>
                    <TextEquiv>
                        <Unicode>Augenblicks,</Unicode>
                    </TextEquiv>
                </Word>
                <Word id="tr_2_tl_3_w4" custom="readingOrder {index:3;}">
                    <Coords points="746,2077 746,2137 799,2137 799,2077"/>
                    <TextEquiv>
                        <Unicode>das</Unicode>
                    </TextEquiv>
                </Word>
                <Word id="tr_2_tl_3_w5" custom="readingOrder {index:4;}">
                    <Coords points="835,2080 835,2140 920,2140 920,2080"/>
                    <TextEquiv>
                        <Unicode>nicht</Unicode>
                    </TextEquiv>
                </Word>
                <Word id="tr_2_tl_3_w6" custom="readingOrder {index:5;}">
                    <Coords points="954,2082 954,2142 1028,2142 1028,2082"/>
                    <TextEquiv>
                        <Unicode>nach</Unicode>
                    </TextEquiv>
                </Word>
                <Word id="tr_2_tl_3_w7" custom="readingOrder {index:6;}">
                    <Coords points="1051,2085 1051,2145 1104,2145 1104,2085"/>
                    <TextEquiv>
                        <Unicode>dem</Unicode>
                    </TextEquiv>
                </Word>
                <TextEquiv>
                    <Unicode>Genießen des Augenblicks, das nicht nach dem</Unicode>
                </TextEquiv>
            </TextLine>
            <TextLine id="tr_2_tl_4" custom="readingOrder {index:3;}">
                <Coords points="1155,2086 1490,2093 1923,2183 2274,2147 3082,2172 3078,2025 2602,2028 2548,2079 2021,2039 1151,2057"/>
                <Baseline points="1176,2122 1271,2125 1367,2128 1463,2128 1559,2128 1655,2131 1750,2133 1846,2134 1942,2137 2038,2140 2134,2141 2229,2143 2325,2146 2421,2146 2517,2149 2613,2150 2708,2154 2804,2158 2900,2158 2996,2158 3092,2155"/>
                <Word id="tr_2_tl_4_w1" custom="readingOrder {index:0;}">
                    <Coords points="1701,2092 1701,2152 1782,2152 1782,2092"/>
                    <TextEquiv>
                        <Unicode>er</Unicode>
                    </TextEquiv>
                </Word>
                <Word id="tr_2_tl_4_w2" custom="readingOrder {index:1;}">
                    <Coords points="1817,2094 1817,2154 1897,2154 1897,2094"/>
                    <TextEquiv>
                        <Unicode>e</Unicode>
                    </TextEquiv>
                </Word>
                <Word id="tr_2_tl_4_w3" custom="readingOrder {index:2;}">
                    <Coords points="1949,2098 1949,2158 2046,2158 2046,2098"/>
                    <TextEquiv>
                        <Unicode>ee</Unicode>
                    </TextEquiv>
                </Word>
                <Word id="tr_2_tl_4_w4" custom="readingOrder {index:3;}">
                    <Coords points="2081,2100 2081,2160 2130,2160 2130,2100"/>
                    <TextEquiv>
                        <Unicode>a</Unicode>
                    </TextEquiv>
                </Word>
                <Word id="tr_2_tl_4_w5" custom="readingOrder {index:4;}">
                    <Coords points="2297,2106 2297,2166 2427,2166 2427,2106"/>
                    <TextEquiv>
                        <Unicode>ee</Unicode>
                    </TextEquiv>
                </Word>
                <Word id="tr_2_tl_4_w6" custom="readingOrder {index:5;}">
                    <Coords points="2446,2107 2446,2167 2510,2167 2510,2107"/>
                    <TextEquiv>
                        <Unicode>el</Unicode>
                    </TextEquiv>
                </Word>
                <Word id="tr_2_tl_4_w7" custom="readingOrder {index:6;}">
                    <Coords points="2545,2109 2545,2169 2559,2169 2559,2109"/>
                    <TextEquiv>
                        <Unicode>e</Unicode>
                    </TextEquiv>
                </Word>
                <Word id="tr_2_tl_4_w8" custom="readingOrder {index:7;}">
                    <Coords points="2627,2111 2627,2171 2658,2171 2658,2111"/>
                    <TextEquiv>
                        <Unicode>e</Unicode>
                    </TextEquiv>
                </Word>
                <Word id="tr_2_tl_4_w9" custom="readingOrder {index:8;}">
                    <Coords points="2693,2116 2693,2176 2840,2176 2840,2116"/>
                    <TextEquiv>
                        <Unicode>ee</Unicode>
                    </TextEquiv>
                </Word>
                <Word id="tr_2_tl_4_w10" custom="readingOrder {index:9;}">
                    <Coords points="2891,2118 2891,2178 2939,2178 2939,2118"/>
                    <TextEquiv>
                        <Unicode>e</Unicode>
                    </TextEquiv>
                </Word>
                <TextEquiv>
                    <Unicode>er e ee a  ee el e e ee e</Unicode>
                </TextEquiv>
            </TextLine>
            <TextLine id="tr_2_tl_5" custom="readingOrder {index:4;}">
                <Coords points="173,2162 1126,2176 1126,2129 173,2115"/>
                <Baseline points="194,2158 241,2158 288,2155 335,2158 382,2160 429,2158 476,2158 523,2158 570,2158 617,2159 664,2161 711,2161 758,2161 805,2161 852,2163 899,2164 946,2164 993,2164 1040,2167 1087,2167 1134,2167"/>
                <Word id="tr_2_tl_5_w1" custom="readingOrder {index:0;}">
                    <Coords points="179,2117 179,2177 324,2177 324,2117"/>
                    <TextEquiv>
                        <Unicode>Morgen</Unicode>
                    </TextEquiv>
                </Word>
                <Word id="tr_2_tl_5_w2" custom="readingOrder {index:1;}">
                    <Coords points="362,2118 362,2178 464,2178 464,2118"/>
                    <TextEquiv>
                        <Unicode>fragt,</Unicode>
                    </TextEquiv>
                </Word>
                <Word id="tr_2_tl_5_w3" custom="readingOrder {index:2;}">
                    <Coords points="492,2118 492,2178 551,2178 551,2118"/>
                    <TextEquiv>
                        <Unicode>wie</Unicode>
                    </TextEquiv>
                </Word>
                <Word id="tr_2_tl_5_w4" custom="readingOrder {index:3;}">
                    <Coords points="578,2118 578,2178 610,2178 610,2118"/>
                    <TextEquiv>
                        <Unicode>es</Unicode>
                    </TextEquiv>
                </Word>
                <Word id="tr_2_tl_5_w5" custom="readingOrder {index:4;}">
                    <Coords points="638,2121 638,2181 718,2181 718,2121"/>
                    <TextEquiv>
                        <Unicode>schon</Unicode>
                    </TextEquiv>
                </Word>
                <Word id="tr_2_tl_5_w6" custom="readingOrder {index:5;}">
                    <Coords points="757,2122 757,2182 918,2182 918,2122"/>
                    <TextEquiv>
                        <Unicode>Abraham</Unicode>
                    </TextEquiv>
                </Word>
                <Word id="tr_2_tl_5_w7" custom="readingOrder {index:6;}">
                    <Coords points="962,2124 962,2184 977,2184 977,2124"/>
                    <TextEquiv>
                        <Unicode>a</Unicode>
                    </TextEquiv>
                </Word>
                <Word id="tr_2_tl_5_w8" custom="readingOrder {index:7;}">
                    <Coords points="1011,2127 1011,2187 1123,2187 1123,2127"/>
                    <TextEquiv>
                        <Unicode>Santo</Unicode>
                    </TextEquiv>
                </Word>
                <TextEquiv>
                    <Unicode>Morgen fragt, wie es schon Abraham a Santo</Unicode>
                </TextEquiv>
            </TextLine>
            <TextLine id="tr_2_tl_6" custom="readingOrder {index:5;}">
                <Coords points="1151,2180 1815,2198 1815,2140 1779,2136 1151,2136"/>
                <Baseline points="1170,2167 1202,2167 1235,2168 1267,2170 1300,2170 1332,2170 1365,2171 1397,2173 1430,2173 1462,2173 1495,2172 1527,2170 1560,2172 1592,2174 1625,2176 1657,2176 1690,2176 1722,2176 1755,2176 1787,2176 1820,2176"/>
                <Word id="tr_2_tl_6_w1" custom="readingOrder {index:0;}">
                    <Coords points="1157,2127 1157,2187 1279,2187 1279,2127"/>
                    <TextEquiv>
                        <Unicode>mahnt</Unicode>
                    </TextEquiv>
                </Word>
                <Word id="tr_2_tl_6_w2" custom="readingOrder {index:1;}">
                    <Coords points="1302,2130 1302,2190 1340,2190 1340,2130"/>
                    <TextEquiv>
                        <Unicode>an</Unicode>
                    </TextEquiv>
                </Word>
                <Word id="tr_2_tl_6_w3" custom="readingOrder {index:2;}">
                    <Coords points="1374,2133 1374,2193 1517,2193 1517,2133"/>
                    <TextEquiv>
                        <Unicode>Stifters</Unicode>
                    </TextEquiv>
                </Word>
                <Word id="tr_2_tl_6_w4" custom="readingOrder {index:3;}">
                    <Coords points="1546,2136 1546,2196 1818,2196 1818,2136"/>
                    <TextEquiv>
                        <Unicode>Erzählerkunst.</Unicode>
                    </TextEquiv>
                </Word>
                <TextEquiv>
                    <Unicode>mahnt an Stifters Erzählerkunst.</Unicode>
                </TextEquiv>
            </TextLine>
            <TextLine id="tr_2_tl_7" custom="readingOrder {index:6;}">
                <Coords points="2129,2194 3082,2212 3082,2172 2977,2154 2129,2151"/>
                <Baseline points="2149,2184 2196,2187 2243,2190 2290,2190 2337,2188 2384,2191 2431,2193 2478,2193 2525,2193 2572,2193 2619,2193 2666,2195 2713,2198 2760,2197 2807,2196 2854,2201 2901,2200 2948,2202 2995,2202 3042,2202 3089,2202"/>
                <Word id="tr_2_tl_7_w1" custom="readingOrder {index:0;}">
                    <Coords points="2135,2145 2135,2205 2203,2205 2203,2145"/>
                    <TextEquiv>
                        <Unicode>ters</Unicode>
                    </TextEquiv>
                </Word>
                <Word id="tr_2_tl_7_w2" custom="readingOrder {index:1;}">
                    <Coords points="2237,2150 2237,2210 2265,2210 2265,2150"/>
                    <TextEquiv>
                        <Unicode>zu</Unicode>
                    </TextEquiv>
                </Word>
                <Word id="tr_2_tl_7_w3" custom="readingOrder {index:2;}">
                    <Coords points="2305,2148 2305,2208 2361,2208 2361,2148"/>
                    <TextEquiv>
                        <Unicode>der</Unicode>
                    </TextEquiv>
                </Word>
                <Word id="tr_2_tl_7_w4" custom="readingOrder {index:3;}">
                    <Coords points="2390,2153 2390,2213 2768,2213 2768,2153"/>
                    <TextEquiv>
                        <Unicode>Psychoanalyse</Unicode>
                    </TextEquiv>
                </Word>
                <Word id="tr_2_tl_7_w5" custom="readingOrder {index:4;}">
                    <Coords points="2797,2160 2797,2220 2926,2220 2926,2160"/>
                    <TextEquiv>
                        <Unicode>Freuds</Unicode>
                    </TextEquiv>
                </Word>
                <Word id="tr_2_tl_7_w6" custom="readingOrder {index:5;}">
                    <Coords points="2961,2162 2961,2222 3079,2222 3079,2162"/>
                    <TextEquiv>
                        <Unicode>hinge¬</Unicode>
                    </TextEquiv>
                </Word>
                <TextEquiv>
                    <Unicode>ters zu der Psychoanalyse Freuds hinge¬</Unicode>
                </TextEquiv>
            </TextLine>
            <TextLine id="tr_2_tl_8" custom="readingOrder {index:7;}">
                <Coords points="170,2212 1122,2219 1122,2176 1007,2165 170,2162"/>
                <Baseline points="191,2199 237,2199 284,2199 331,2202 378,2201 425,2199 472,2200 518,2202 565,2202 612,2202 659,2203 706,2205 753,2205 800,2205 846,2205 893,2207 940,2208 987,2208 1034,2208 1081,2208 1128,2208"/>
                <Word id="tr_2_tl_8_w1" custom="readingOrder {index:0;}">
                    <Coords points="175,2159 175,2219 285,2219 285,2159"/>
                    <TextEquiv>
                        <Unicode>Clara</Unicode>
                    </TextEquiv>
                </Word>
                <Word id="tr_2_tl_8_w2" custom="readingOrder {index:1;}">
                    <Coords points="312,2161 312,2221 349,2221 349,2161"/>
                    <TextEquiv>
                        <Unicode>an</Unicode>
                    </TextEquiv>
                </Word>
                <Word id="tr_2_tl_8_w3" custom="readingOrder {index:2;}">
                    <Coords points="376,2159 376,2219 475,2219 475,2159"/>
                    <TextEquiv>
                        <Unicode>seinen</Unicode>
                    </TextEquiv>
                </Word>
                <Word id="tr_2_tl_8_w4" custom="readingOrder {index:3;}">
                    <Coords points="508,2162 508,2222 661,2222 661,2162"/>
                    <TextEquiv>
                        <Unicode>Wienern</Unicode>
                    </TextEquiv>
                </Word>
                <Word id="tr_2_tl_8_w5" custom="readingOrder {index:4;}">
                    <Coords points="693,2165 693,2225 829,2225 829,2165"/>
                    <TextEquiv>
                        <Unicode>tadelte.</Unicode>
                    </TextEquiv>
                </Word>
                <Word id="tr_2_tl_8_w6" custom="readingOrder {index:5;}">
                    <Coords points="857,2168 857,2228 1035,2228 1035,2168"/>
                    <TextEquiv>
                        <Unicode>Schnitzler</Unicode>
                    </TextEquiv>
                </Word>
                <Word id="tr_2_tl_8_w7" custom="readingOrder {index:6;}">
                    <Coords points="1062,2168 1062,2228 1125,2228 1125,2168"/>
                    <TextEquiv>
                        <Unicode>wa¬</Unicode>
                    </TextEquiv>
                </Word>
                <TextEquiv>
                    <Unicode>Clara an seinen Wienern tadelte. Schnitzler wa¬</Unicode>
                </TextEquiv>
            </TextLine>
            <TextLine id="tr_2_tl_9" custom="readingOrder {index:8;}">
                <Coords points="1184,2227 2100,2255 2100,2162 1844,2198 1184,2183"/>
                <Baseline points="1205,2217 1250,2220 1295,2220 1340,2220 1385,2223 1430,2223 1475,2223 1520,2223 1565,2226 1610,2226 1656,2226 1701,2226 1746,2229 1791,2229 1836,2229 1881,2232 1926,2232 1971,2232 2016,2235 2061,2238 2107,2235"/>
                <Word id="tr_2_tl_9_w1" custom="readingOrder {index:0;}">
                    <Coords points="1189,2178 1189,2238 1263,2238 1263,2178"/>
                    <TextEquiv>
                        <Unicode>Aus</Unicode>
                    </TextEquiv>
                </Word>
                <Word id="tr_2_tl_9_w2" custom="readingOrder {index:1;}">
                    <Coords points="1290,2180 1290,2240 1391,2240 1391,2180"/>
                    <TextEquiv>
                        <Unicode>seinem</Unicode>
                    </TextEquiv>
                </Word>
                <Word id="tr_2_tl_9_w3" custom="readingOrder {index:2;}">
                    <Coords points="1428,2183 1428,2243 1624,2243 1624,2183"/>
                    <TextEquiv>
                        <Unicode>Wienertum</Unicode>
                    </TextEquiv>
                </Word>
                <Word id="tr_2_tl_9_w4" custom="readingOrder {index:3;}">
                    <Coords points="1668,2187 1668,2247 1784,2247 1784,2187"/>
                    <TextEquiv>
                        <Unicode>heraus</Unicode>
                    </TextEquiv>
                </Word>
                <Word id="tr_2_tl_9_w5" custom="readingOrder {index:4;}">
                    <Coords points="1811,2190 1811,2250 1917,2250 1917,2190"/>
                    <TextEquiv>
                        <Unicode>wurde</Unicode>
                    </TextEquiv>
                </Word>
                <Word id="tr_2_tl_9_w6" custom="readingOrder {index:5;}">
                    <Coords points="1939,2192 1939,2252 1991,2252 1991,2192"/>
                    <TextEquiv>
                        <Unicode>der</Unicode>
                    </TextEquiv>
                </Word>
                <Word id="tr_2_tl_9_w7" custom="readingOrder {index:6;}">
                    <Coords points="2013,2197 2013,2257 2103,2257 2103,2197"/>
                    <TextEquiv>
                        <Unicode>Dich¬</Unicode>
                    </TextEquiv>
                </Word>
                <TextEquiv>
                    <Unicode>Aus seinem Wienertum heraus wurde der Dich¬</Unicode>
                </TextEquiv>
            </TextLine>
            <TextLine id="tr_2_tl_10" custom="readingOrder {index:9;}">
                <Coords points="2122,2241 3082,2252 3082,2212 2963,2201 2122,2194"/>
                <Baseline points="2143,2229 2190,2229 2237,2232 2285,2232 2332,2232 2380,2232 2427,2232 2475,2233 2522,2236 2570,2236 2617,2237 2664,2238 2712,2238 2759,2240 2807,2241 2854,2244 2902,2244 2949,2244 2997,2244 3044,2247 3092,2244"/>
                <Word id="tr_2_tl_10_w1" custom="readingOrder {index:0;}">
                    <Coords points="2127,2189 2127,2249 2245,2249 2245,2189"/>
                    <TextEquiv>
                        <Unicode>wiesen</Unicode>
                    </TextEquiv>
                </Word>
                <Word id="tr_2_tl_10_w2" custom="readingOrder {index:1;}">
                    <Coords points="2282,2192 2282,2252 2431,2252 2431,2192"/>
                    <TextEquiv>
                        <Unicode>worden,</Unicode>
                    </TextEquiv>
                </Word>
                <Word id="tr_2_tl_10_w3" custom="readingOrder {index:2;}">
                    <Coords points="2452,2193 2452,2253 2503,2253 2503,2193"/>
                    <TextEquiv>
                        <Unicode>der</Unicode>
                    </TextEquiv>
                </Word>
                <Word id="tr_2_tl_10_w4" custom="readingOrder {index:3;}">
                    <Coords points="2534,2196 2534,2256 2591,2256 2591,2196"/>
                    <TextEquiv>
                        <Unicode>sein</Unicode>
                    </TextEquiv>
                </Word>
                <Word id="tr_2_tl_10_w5" custom="readingOrder {index:4;}">
                    <Coords points="2627,2198 2627,2258 2750,2258 2750,2198"/>
                    <TextEquiv>
                        <Unicode>engster</Unicode>
                    </TextEquiv>
                </Word>
                <Word id="tr_2_tl_10_w6" custom="readingOrder {index:5;}">
                    <Coords points="2777,2203 2777,2263 2915,2263 2915,2203"/>
                    <TextEquiv>
                        <Unicode>Wiener</Unicode>
                    </TextEquiv>
                </Word>
                <Word id="tr_2_tl_10_w7" custom="readingOrder {index:6;}">
                    <Coords points="2947,2204 2947,2264 3075,2264 3075,2204"/>
                    <TextEquiv>
                        <Unicode>Lands¬</Unicode>
                    </TextEquiv>
                </Word>
                <TextEquiv>
                    <Unicode>wiesen worden, der sein engster Wiener Lands¬</Unicode>
                </TextEquiv>
            </TextLine>
            <TextLine id="tr_2_tl_11" custom="readingOrder {index:10;}">
                <Coords points="173,2248 2100,2288 2100,2252 2021,2241 1296,2241 1155,2198 173,2212"/>
                <Baseline points="194,2244 289,2244 385,2244 481,2244 577,2244 673,2247 768,2250 864,2250 960,2253 1056,2253 1152,2261 1247,2265 1343,2265 1439,2268 1535,2269 1631,2271 1726,2273 1822,2274 1918,2277 2014,2280 2110,2280"/>
                <Word id="tr_2_tl_11_w1" custom="readingOrder {index:0;}">
                    <Coords points="180,2204 180,2264 232,2264 232,2204"/>
                    <TextEquiv>
                        <Unicode>ein</Unicode>
                    </TextEquiv>
                </Word>
                <Word id="tr_2_tl_11_w2" custom="readingOrder {index:1;}">
                    <Coords points="257,2204 257,2264 409,2264 409,2204"/>
                    <TextEquiv>
                        <Unicode>geradezu</Unicode>
                    </TextEquiv>
                </Word>
                <Word id="tr_2_tl_11_w3" custom="readingOrder {index:2;}">
                    <Coords points="439,2204 439,2264 627,2264 627,2204"/>
                    <TextEquiv>
                        <Unicode>fanatischer</Unicode>
                    </TextEquiv>
                </Word>
                <Word id="tr_2_tl_11_w4" custom="readingOrder {index:3;}">
                    <Coords points="652,2209 652,2269 834,2269 834,2209"/>
                    <TextEquiv>
                        <Unicode>Verfechter</Unicode>
                    </TextEquiv>
                </Word>
                <Word id="tr_2_tl_11_w5" custom="readingOrder {index:4;}">
                    <Coords points="858,2210 858,2270 911,2270 911,2210"/>
                    <TextEquiv>
                        <Unicode>des</Unicode>
                    </TextEquiv>
                </Word>
                <Word id="tr_2_tl_11_w6" custom="readingOrder {index:5;}">
                    <Coords points="935,2213 935,2273 1135,2273 1135,2213"/>
                    <TextEquiv>
                        <Unicode>Glaubens,</Unicode>
                    </TextEquiv>
                </Word>
                <Word id="tr_2_tl_11_w7" custom="readingOrder {index:6;}">
                    <Coords points="1159,2222 1159,2282 1211,2282 1211,2222"/>
                    <TextEquiv>
                        <Unicode>ter</Unicode>
                    </TextEquiv>
                </Word>
                <Word id="tr_2_tl_11_w8" custom="readingOrder {index:7;}">
                    <Coords points="1242,2225 1242,2285 1270,2285 1270,2225"/>
                    <TextEquiv>
                        <Unicode>zu</Unicode>
                    </TextEquiv>
                </Word>
                <Word id="tr_2_tl_11_w9" custom="readingOrder {index:8;}">
                    <Coords points="1307,2225 1307,2285 1359,2285 1359,2225"/>
                    <TextEquiv>
                        <Unicode>dem</Unicode>
                    </TextEquiv>
                </Word>
                <Word id="tr_2_tl_11_w10" custom="readingOrder {index:9;}">
                    <Coords points="1407,2229 1407,2289 1678,2289 1678,2229"/>
                    <TextEquiv>
                        <Unicode>bezeichnendsten</Unicode>
                    </TextEquiv>
                </Word>
                <Word id="tr_2_tl_11_w11" custom="readingOrder {index:10;}">
                    <Coords points="1720,2233 1720,2293 1890,2293 1890,2233"/>
                    <TextEquiv>
                        <Unicode>Vertreter</Unicode>
                    </TextEquiv>
                </Word>
                <Word id="tr_2_tl_11_w12" custom="readingOrder {index:11;}">
                    <Coords points="1920,2237 1920,2297 1973,2297 1973,2237"/>
                    <TextEquiv>
                        <Unicode>des</Unicode>
                    </TextEquiv>
                </Word>
                <Word id="tr_2_tl_11_w13" custom="readingOrder {index:12;}">
                    <Coords points="2009,2240 2009,2300 2102,2300 2102,2240"/>
                    <TextEquiv>
                        <Unicode>Im¬</Unicode>
                    </TextEquiv>
                </Word>
                <TextEquiv>
                    <Unicode>ein geradezu fanatischer Verfechter des Glaubens, ter zu dem bezeichnendsten Vertreter des Im¬</Unicode>
                </TextEquiv>
            </TextLine>
            <TextLine id="tr_2_tl_12" custom="readingOrder {index:11;}">
                <Coords points="2122,2281 3075,2302 3075,2252 2122,2241"/>
                <Baseline points="2143,2271 2189,2274 2236,2274 2283,2277 2330,2277 2377,2277 2424,2277 2470,2278 2517,2280 2564,2280 2611,2281 2658,2283 2705,2283 2752,2285 2798,2286 2845,2288 2892,2289 2939,2289 2986,2289 3033,2292 3080,2289"/>
                <Word id="tr_2_tl_12_w1" custom="readingOrder {index:0;}">
                    <Coords points="2127,2233 2127,2293 2229,2293 2229,2233"/>
                    <TextEquiv>
                        <Unicode>mann</Unicode>
                    </TextEquiv>
                </Word>
                <Word id="tr_2_tl_12_w2" custom="readingOrder {index:1;}">
                    <Coords points="2262,2236 2262,2296 2297,2296 2297,2236"/>
                    <TextEquiv>
                        <Unicode>ist</Unicode>
                    </TextEquiv>
                </Word>
                <Word id="tr_2_tl_12_w3" custom="readingOrder {index:2;}">
                    <Coords points="2323,2237 2323,2297 2385,2297 2385,2237"/>
                    <TextEquiv>
                        <Unicode>und</Unicode>
                    </TextEquiv>
                </Word>
                <Word id="tr_2_tl_12_w4" custom="readingOrder {index:3;}">
                    <Coords points="2412,2237 2412,2297 2473,2297 2473,2237"/>
                    <TextEquiv>
                        <Unicode>mit</Unicode>
                    </TextEquiv>
                </Word>
                <Word id="tr_2_tl_12_w5" custom="readingOrder {index:4;}">
                    <Coords points="2494,2240 2494,2300 2546,2300 2546,2240"/>
                    <TextEquiv>
                        <Unicode>dem</Unicode>
                    </TextEquiv>
                </Word>
                <Word id="tr_2_tl_12_w6" custom="readingOrder {index:5;}">
                    <Coords points="2587,2240 2587,2300 2618,2300 2618,2240"/>
                    <TextEquiv>
                        <Unicode>er</Unicode>
                    </TextEquiv>
                </Word>
                <Word id="tr_2_tl_12_w7" custom="readingOrder {index:6;}">
                    <Coords points="2644,2243 2644,2303 2690,2303 2690,2243"/>
                    <TextEquiv>
                        <Unicode>sich</Unicode>
                    </TextEquiv>
                </Word>
                <Word id="tr_2_tl_12_w8" custom="readingOrder {index:7;}">
                    <Coords points="2722,2245 2722,2305 2788,2305 2788,2245"/>
                    <TextEquiv>
                        <Unicode>auch</Unicode>
                    </TextEquiv>
                </Word>
                <Word id="tr_2_tl_12_w9" custom="readingOrder {index:8;}">
                    <Coords points="2815,2247 2815,2307 2840,2307 2840,2247"/>
                    <TextEquiv>
                        <Unicode>in</Unicode>
                    </TextEquiv>
                </Word>
                <Word id="tr_2_tl_12_w10" custom="readingOrder {index:9;}">
                    <Coords points="2872,2249 2872,2309 2975,2309 2975,2249"/>
                    <TextEquiv>
                        <Unicode>seinen</Unicode>
                    </TextEquiv>
                </Word>
                <Word id="tr_2_tl_12_w11" custom="readingOrder {index:10;}">
                    <Coords points="3007,2251 3007,2311 3078,2311 3078,2251"/>
                    <TextEquiv>
                        <Unicode>wis¬</Unicode>
                    </TextEquiv>
                </Word>
                <TextEquiv>
                    <Unicode>mann ist und mit dem er sich auch in seinen wis¬</Unicode>
                </TextEquiv>
            </TextLine>
            <TextLine id="tr_2_tl_13" custom="readingOrder {index:12;}">
                <Coords points="173,2288 1119,2310 1119,2263 1036,2255 173,2248"/>
                <Baseline points="194,2286 240,2286 287,2289 334,2289 380,2289 427,2289 474,2289 520,2289 567,2289 614,2289 661,2290 707,2292 754,2294 801,2297 847,2296 894,2295 941,2295 987,2297 1034,2298 1081,2298 1128,2295"/>
                <Word id="tr_2_tl_13_w1" custom="readingOrder {index:0;}">
                    <Coords points="179,2246 179,2306 239,2306 239,2246"/>
                    <TextEquiv>
                        <Unicode>daß</Unicode>
                    </TextEquiv>
                </Word>
                <Word id="tr_2_tl_13_w2" custom="readingOrder {index:1;}">
                    <Coords points="268,2249 268,2309 322,2309 322,2249"/>
                    <TextEquiv>
                        <Unicode>der</Unicode>
                    </TextEquiv>
                </Word>
                <Word id="tr_2_tl_13_w3" custom="readingOrder {index:2;}">
                    <Coords points="345,2249 345,2309 467,2309 467,2249"/>
                    <TextEquiv>
                        <Unicode>Mensch</Unicode>
                    </TextEquiv>
                </Word>
                <Word id="tr_2_tl_13_w4" custom="readingOrder {index:3;}">
                    <Coords points="490,2249 490,2309 589,2309 589,2249"/>
                    <TextEquiv>
                        <Unicode>nichts</Unicode>
                    </TextEquiv>
                </Word>
                <Word id="tr_2_tl_13_w5" custom="readingOrder {index:4;}">
                    <Coords points="617,2249 617,2309 667,2309 667,2249"/>
                    <TextEquiv>
                        <Unicode>tun</Unicode>
                    </TextEquiv>
                </Word>
                <Word id="tr_2_tl_13_w6" custom="readingOrder {index:5;}">
                    <Coords points="700,2253 700,2313 772,2313 772,2253"/>
                    <TextEquiv>
                        <Unicode>kann</Unicode>
                    </TextEquiv>
                </Word>
                <Word id="tr_2_tl_13_w7" custom="readingOrder {index:6;}">
                    <Coords points="806,2255 806,2315 900,2315 900,2255"/>
                    <TextEquiv>
                        <Unicode>gegen</Unicode>
                    </TextEquiv>
                </Word>
                <Word id="tr_2_tl_13_w8" custom="readingOrder {index:7;}">
                    <Coords points="928,2255 928,2315 989,2315 989,2255"/>
                    <TextEquiv>
                        <Unicode>sein</Unicode>
                    </TextEquiv>
                </Word>
                <Word id="tr_2_tl_13_w9" custom="readingOrder {index:8;}">
                    <Coords points="1017,2258 1017,2318 1116,2318 1116,2258"/>
                    <TextEquiv>
                        <Unicode>Schick</Unicode>
                    </TextEquiv>
                </Word>
                <TextEquiv>
                    <Unicode>daß der Mensch nichts tun kann gegen sein Schick</Unicode>
                </TextEquiv>
            </TextLine>
            <TextLine id="tr_2_tl_14" custom="readingOrder {index:13;}">
                <Coords points="1148,2320 2097,2331 2093,2288 2025,2281 1148,2277"/>
                <Baseline points="1167,2310 1214,2307 1261,2310 1308,2310 1355,2310 1402,2310 1449,2311 1496,2313 1543,2313 1590,2314 1637,2316 1684,2316 1731,2316 1778,2318 1825,2319 1872,2321 1919,2322 1966,2325 2013,2325 2060,2325 2107,2328"/>
                <Word id="tr_2_tl_14_w1" custom="readingOrder {index:0;}">
                    <Coords points="1148,2270 1148,2330 1565,2330 1565,2270"/>
                    <TextEquiv>
                        <Unicode>pressionismus.</Unicode>
                    </TextEquiv>
                </Word>
                <Word id="tr_2_tl_14_w2" custom="readingOrder {index:1;}">
                    <Coords points="1586,2274 1586,2334 1637,2334 1637,2274"/>
                    <TextEquiv>
                        <Unicode>Da</Unicode>
                    </TextEquiv>
                </Word>
                <Word id="tr_2_tl_14_w3" custom="readingOrder {index:2;}">
                    <Coords points="1663,2276 1663,2336 1694,2336 1694,2276"/>
                    <TextEquiv>
                        <Unicode>er</Unicode>
                    </TextEquiv>
                </Word>
                <Word id="tr_2_tl_14_w4" custom="readingOrder {index:3;}">
                    <Coords points="1715,2276 1715,2336 1776,2336 1776,2276"/>
                    <TextEquiv>
                        <Unicode>nur</Unicode>
                    </TextEquiv>
                </Word>
                <Word id="tr_2_tl_14_w5" custom="readingOrder {index:4;}">
                    <Coords points="1802,2279 1802,2339 1848,2339 1848,2279"/>
                    <TextEquiv>
                        <Unicode>die</Unicode>
                    </TextEquiv>
                </Word>
                <Word id="tr_2_tl_14_w6" custom="readingOrder {index:5;}">
                    <Coords points="1869,2285 1869,2345 2096,2345 2096,2285"/>
                    <TextEquiv>
                        <Unicode>Empfindung</Unicode>
                    </TextEquiv>
                </Word>
                <TextEquiv>
                    <Unicode>pressionismus. Da er nur die Empfindung</Unicode>
                </TextEquiv>
            </TextLine>
            <TextLine id="tr_2_tl_15" custom="readingOrder {index:14;}">
                <Coords points="2133,2320 3078,2346 3078,2302 2995,2292 2133,2281"/>
                <Baseline points="2152,2319 2198,2319 2245,2319 2292,2319 2338,2319 2385,2320 2432,2322 2478,2322 2525,2322 2572,2323 2619,2325 2665,2325 2712,2327 2759,2328 2805,2328 2852,2330 2899,2331 2945,2333 2992,2334 3039,2334 3086,2331"/>
                <Word id="tr_2_tl_15_w1" custom="readingOrder {index:0;}">
                    <Coords points="2133,2279 2133,2339 2376,2339 2376,2279"/>
                    <TextEquiv>
                        <Unicode>senschaftlichen</Unicode>
                    </TextEquiv>
                </Word>
                <Word id="tr_2_tl_15_w2" custom="readingOrder {index:1;}">
                    <Coords points="2410,2282 2410,2342 2561,2342 2561,2282"/>
                    <TextEquiv>
                        <Unicode>Arbeiten</Unicode>
                    </TextEquiv>
                </Word>
                <Word id="tr_2_tl_15_w3" custom="readingOrder {index:2;}">
                    <Coords points="2594,2285 2594,2345 2669,2345 2669,2285"/>
                    <TextEquiv>
                        <Unicode>über</Unicode>
                    </TextEquiv>
                </Word>
                <Word id="tr_2_tl_15_w4" custom="readingOrder {index:3;}">
                    <Coords points="2691,2288 2691,2348 2837,2348 2837,2288"/>
                    <TextEquiv>
                        <Unicode>Hypnose</Unicode>
                    </TextEquiv>
                </Word>
                <Word id="tr_2_tl_15_w5" custom="readingOrder {index:4;}">
                    <Coords points="2859,2290 2859,2350 2924,2350 2924,2290"/>
                    <TextEquiv>
                        <Unicode>und</Unicode>
                    </TextEquiv>
                </Word>
                <Word id="tr_2_tl_15_w6" custom="readingOrder {index:5;}">
                    <Coords points="2946,2294 2946,2354 3075,2354 3075,2294"/>
                    <TextEquiv>
                        <Unicode>Sugge¬</Unicode>
                    </TextEquiv>
                </Word>
                <TextEquiv>
                    <Unicode>senschaftlichen Arbeiten über Hypnose und Sugge¬</Unicode>
                </TextEquiv>
            </TextLine>
            <TextLine id="tr_2_tl_16" custom="readingOrder {index:15;}">
                <Coords points="180,2342 2097,2382 2097,2331 180,2292"/>
                <Baseline points="199,2331 294,2331 389,2334 484,2334 580,2336 675,2336 770,2337 865,2337 961,2340 1056,2343 1151,2345 1246,2352 1342,2352 1437,2355 1532,2358 1627,2359 1723,2361 1818,2361 1913,2364 2008,2367 2104,2367"/>
                <Word id="tr_2_tl_16_w1" custom="readingOrder {index:0;}">
                    <Coords points="181,2291 181,2351 244,2351 244,2291"/>
                    <TextEquiv>
                        <Unicode>sal,</Unicode>
                    </TextEquiv>
                </Word>
                <Word id="tr_2_tl_16_w2" custom="readingOrder {index:1;}">
                    <Coords points="267,2291 267,2351 324,2351 324,2291"/>
                    <TextEquiv>
                        <Unicode>daß</Unicode>
                    </TextEquiv>
                </Word>
                <Word id="tr_2_tl_16_w3" custom="readingOrder {index:2;}">
                    <Coords points="360,2293 360,2353 388,2353 388,2293"/>
                    <TextEquiv>
                        <Unicode>er</Unicode>
                    </TextEquiv>
                </Word>
                <Word id="tr_2_tl_16_w4" custom="readingOrder {index:3;}">
                    <Coords points="417,2294 417,2354 532,2354 532,2294"/>
                    <TextEquiv>
                        <Unicode>unfrei</Unicode>
                    </TextEquiv>
                </Word>
                <Word id="tr_2_tl_16_w5" custom="readingOrder {index:4;}">
                    <Coords points="555,2296 555,2356 606,2356 606,2296"/>
                    <TextEquiv>
                        <Unicode>ist,</Unicode>
                    </TextEquiv>
                </Word>
                <Word id="tr_2_tl_16_w6" custom="readingOrder {index:5;}">
                    <Coords points="630,2296 630,2356 699,2356 699,2296"/>
                    <TextEquiv>
                        <Unicode>eine</Unicode>
                    </TextEquiv>
                </Word>
                <Word id="tr_2_tl_16_w7" custom="readingOrder {index:6;}">
                    <Coords points="728,2297 728,2357 849,2357 849,2297"/>
                    <TextEquiv>
                        <Unicode>Puppe</Unicode>
                    </TextEquiv>
                </Word>
                <Word id="tr_2_tl_16_w8" custom="readingOrder {index:7;}">
                    <Coords points="879,2297 879,2357 907,2357 907,2297"/>
                    <TextEquiv>
                        <Unicode>in</Unicode>
                    </TextEquiv>
                </Word>
                <Word id="tr_2_tl_16_w9" custom="readingOrder {index:8;}">
                    <Coords points="942,2300 942,2360 999,2360 999,2300"/>
                    <TextEquiv>
                        <Unicode>der</Unicode>
                    </TextEquiv>
                </Word>
                <Word id="tr_2_tl_16_w10" custom="readingOrder {index:9;}">
                    <Coords points="1022,2303 1022,2363 1120,2363 1120,2303"/>
                    <TextEquiv>
                        <Unicode>Hand</Unicode>
                    </TextEquiv>
                </Word>
                <Word id="tr_2_tl_16_w11" custom="readingOrder {index:10;}">
                    <Coords points="1155,2307 1155,2367 1212,2367 1212,2307"/>
                    <TextEquiv>
                        <Unicode>des</Unicode>
                    </TextEquiv>
                </Word>
                <Word id="tr_2_tl_16_w12" custom="readingOrder {index:11;}">
                    <Coords points="1236,2312 1236,2372 1448,2372 1448,2312"/>
                    <TextEquiv>
                        <Unicode>Augenblicks</Unicode>
                    </TextEquiv>
                </Word>
                <Word id="tr_2_tl_16_w13" custom="readingOrder {index:12;}">
                    <Coords points="1467,2318 1467,2378 1667,2378 1667,2318"/>
                    <TextEquiv>
                        <Unicode>anerkennt,</Unicode>
                    </TextEquiv>
                </Word>
                <Word id="tr_2_tl_16_w14" custom="readingOrder {index:13;}">
                    <Coords points="1680,2320 1680,2380 1725,2380 1725,2320"/>
                    <TextEquiv>
                        <Unicode>sich</Unicode>
                    </TextEquiv>
                </Word>
                <Word id="tr_2_tl_16_w15" custom="readingOrder {index:14;}">
                    <Coords points="1749,2321 1749,2381 1840,2381 1840,2321"/>
                    <TextEquiv>
                        <Unicode>allein</Unicode>
                    </TextEquiv>
                </Word>
                <Word id="tr_2_tl_16_w16" custom="readingOrder {index:15;}">
                    <Coords points="1870,2323 1870,2383 1904,2383 1904,2323"/>
                    <TextEquiv>
                        <Unicode>an</Unicode>
                    </TextEquiv>
                </Word>
                <Word id="tr_2_tl_16_w17" custom="readingOrder {index:16;}">
                    <Coords points="1927,2325 1927,2385 1978,2385 1978,2325"/>
                    <TextEquiv>
                        <Unicode>den</Unicode>
                    </TextEquiv>
                </Word>
                <Word id="tr_2_tl_16_w18" custom="readingOrder {index:17;}">
                    <Coords points="2008,2327 2008,2387 2099,2387 2099,2327"/>
                    <TextEquiv>
                        <Unicode>flüch¬</Unicode>
                    </TextEquiv>
                </Word>
                <TextEquiv>
                    <Unicode>sal, daß er unfrei ist, eine Puppe in der Hand des Augenblicks anerkennt, sich allein an den flüch¬</Unicode>
                </TextEquiv>
            </TextLine>
            <TextLine id="tr_2_tl_17" custom="readingOrder {index:16;}">
                <Coords points="2129,2371 3075,2385 3075,2346 2941,2331 2129,2335"/>
                <Baseline points="2149,2361 2195,2361 2242,2361 2289,2361 2335,2364 2382,2364 2429,2364 2475,2366 2522,2369 2569,2367 2616,2368 2662,2370 2709,2370 2756,2372 2802,2373 2849,2373 2896,2374 2942,2375 2989,2375 3036,2375 3083,2375"/>
                <Word id="tr_2_tl_17_w1" custom="readingOrder {index:0;}">
                    <Coords points="2129,2321 2129,2381 2203,2381 2203,2321"/>
                    <TextEquiv>
                        <Unicode>stion</Unicode>
                    </TextEquiv>
                </Word>
                <Word id="tr_2_tl_17_w2" custom="readingOrder {index:1;}">
                    <Coords points="2240,2323 2240,2383 2410,2383 2410,2323"/>
                    <TextEquiv>
                        <Unicode>berührte.</Unicode>
                    </TextEquiv>
                </Word>
                <Word id="tr_2_tl_17_w3" custom="readingOrder {index:2;}">
                    <Coords points="2442,2328 2442,2388 2622,2388 2622,2328"/>
                    <TextEquiv>
                        <Unicode>Schnitzler</Unicode>
                    </TextEquiv>
                </Word>
                <Word id="tr_2_tl_17_w4" custom="readingOrder {index:3;}">
                    <Coords points="2649,2330 2649,2390 2685,2390 2685,2330"/>
                    <TextEquiv>
                        <Unicode>ist</Unicode>
                    </TextEquiv>
                </Word>
                <Word id="tr_2_tl_17_w5" custom="readingOrder {index:4;}">
                    <Coords points="2713,2330 2713,2390 2738,2390 2738,2330"/>
                    <TextEquiv>
                        <Unicode>in</Unicode>
                    </TextEquiv>
                </Word>
                <Word id="tr_2_tl_17_w6" custom="readingOrder {index:5;}">
                    <Coords points="2776,2333 2776,2393 2876,2393 2876,2333"/>
                    <TextEquiv>
                        <Unicode>seinen</Unicode>
                    </TextEquiv>
                </Word>
                <Word id="tr_2_tl_17_w7" custom="readingOrder {index:6;}">
                    <Coords points="2914,2335 2914,2395 3073,2395 3073,2335"/>
                    <TextEquiv>
                        <Unicode>Dichtun¬</Unicode>
                    </TextEquiv>
                </Word>
                <TextEquiv>
                    <Unicode>stion berührte. Schnitzler ist in seinen Dichtun¬</Unicode>
                </TextEquiv>
            </TextLine>
            <TextLine id="tr_2_tl_18" custom="readingOrder {index:17;}">
                <Coords points="173,2378 1119,2393 1119,2353 1014,2338 173,2342"/>
                <Baseline points="194,2373 240,2373 287,2373 334,2375 380,2375 427,2375 474,2375 520,2375 567,2376 614,2378 661,2379 707,2380 754,2378 801,2380 847,2379 894,2380 941,2381 987,2383 1034,2384 1081,2384 1128,2384"/>
                <Word id="tr_2_tl_18_w1" custom="readingOrder {index:0;}">
                    <Coords points="179,2333 179,2393 270,2393 270,2333"/>
                    <TextEquiv>
                        <Unicode>eines</Unicode>
                    </TextEquiv>
                </Word>
                <Word id="tr_2_tl_18_w2" custom="readingOrder {index:1;}">
                    <Coords points="303,2335 303,2395 518,2395 518,2335"/>
                    <TextEquiv>
                        <Unicode>unsichtbaren</Unicode>
                    </TextEquiv>
                </Word>
                <Word id="tr_2_tl_18_w3" custom="readingOrder {index:2;}">
                    <Coords points="551,2339 551,2399 809,2399 809,2339"/>
                    <TextEquiv>
                        <Unicode>Drahtziehers.</Unicode>
                    </TextEquiv>
                </Word>
                <Word id="tr_2_tl_18_w4" custom="readingOrder {index:3;}">
                    <Coords points="837,2339 837,2399 885,2399 885,2339"/>
                    <TextEquiv>
                        <Unicode>Es</Unicode>
                    </TextEquiv>
                </Word>
                <Word id="tr_2_tl_18_w5" custom="readingOrder {index:4;}">
                    <Coords points="913,2340 913,2400 955,2400 955,2340"/>
                    <TextEquiv>
                        <Unicode>ist</Unicode>
                    </TextEquiv>
                </Word>
                <Word id="tr_2_tl_18_w6" custom="readingOrder {index:5;}">
                    <Coords points="977,2343 977,2403 1047,2403 1047,2343"/>
                    <TextEquiv>
                        <Unicode>dies</Unicode>
                    </TextEquiv>
                </Word>
                <Word id="tr_2_tl_18_w7" custom="readingOrder {index:6;}">
                    <Coords points="1080,2344 1080,2404 1106,2404 1106,2344"/>
                    <TextEquiv>
                        <Unicode>lu</Unicode>
                    </TextEquiv>
                </Word>
                <TextEquiv>
                    <Unicode>eines unsichtbaren Drahtziehers. Es ist dies lu</Unicode>
                </TextEquiv>
            </TextLine>
            <TextLine id="tr_2_tl_19" custom="readingOrder {index:18;}">
                <Coords points="1144,2400 3075,2425 3071,2385 2703,2367 1144,2360"/>
                <Baseline points="1164,2387 1259,2396 1355,2397 1451,2397 1547,2399 1643,2401 1738,2405 1834,2405 1930,2408 2026,2409 2122,2408 2217,2403 2313,2405 2409,2405 2505,2409 2601,2412 2696,2414 2792,2415 2888,2417 2984,2420 3080,2420"/>
                <Word id="tr_2_tl_19_w1" custom="readingOrder {index:0;}">
                    <Coords points="1151,2349 1151,2409 1239,2409 1239,2349"/>
                    <TextEquiv>
                        <Unicode>tigen</Unicode>
                    </TextEquiv>
                </Word>
                <Word id="tr_2_tl_19_w2" custom="readingOrder {index:1;}">
                    <Coords points="1275,2356 1275,2416 1427,2416 1427,2356"/>
                    <TextEquiv>
                        <Unicode>Abglanz</Unicode>
                    </TextEquiv>
                </Word>
                <Word id="tr_2_tl_19_w3" custom="readingOrder {index:2;}">
                    <Coords points="1463,2357 1463,2417 1522,2417 1522,2357"/>
                    <TextEquiv>
                        <Unicode>des</Unicode>
                    </TextEquiv>
                </Word>
                <Word id="tr_2_tl_19_w4" custom="readingOrder {index:3;}">
                    <Coords points="1552,2360 1552,2420 1698,2420 1698,2360"/>
                    <TextEquiv>
                        <Unicode>Lebens,</Unicode>
                    </TextEquiv>
                </Word>
                <Word id="tr_2_tl_19_w5" custom="readingOrder {index:4;}">
                    <Coords points="1734,2365 1734,2425 1769,2425 1769,2365"/>
                    <TextEquiv>
                        <Unicode>an</Unicode>
                    </TextEquiv>
                </Word>
                <Word id="tr_2_tl_19_w6" custom="readingOrder {index:5;}">
                    <Coords points="1811,2365 1811,2425 1869,2425 1869,2365"/>
                    <TextEquiv>
                        <Unicode>den</Unicode>
                    </TextEquiv>
                </Word>
                <Word id="tr_2_tl_19_w7" custom="readingOrder {index:6;}">
                    <Coords points="1905,2368 1905,2428 2099,2428 2099,2368"/>
                    <TextEquiv>
                        <Unicode>Mummen=</Unicode>
                    </TextEquiv>
                </Word>
                <Word id="tr_2_tl_19_w8" custom="readingOrder {index:7;}">
                    <Coords points="2129,2366 2129,2426 2187,2426 2187,2366"/>
                    <TextEquiv>
                        <Unicode>gen</Unicode>
                    </TextEquiv>
                </Word>
                <Word id="tr_2_tl_19_w9" custom="readingOrder {index:8;}">
                    <Coords points="2218,2363 2218,2423 2270,2423 2270,2363"/>
                    <TextEquiv>
                        <Unicode>von</Unicode>
                    </TextEquiv>
                </Word>
                <Word id="tr_2_tl_19_w10" custom="readingOrder {index:9;}">
                    <Coords points="2300,2366 2300,2426 2606,2426 2606,2366"/>
                    <TextEquiv>
                        <Unicode>verhältnismäßig</Unicode>
                    </TextEquiv>
                </Word>
                <Word id="tr_2_tl_19_w11" custom="readingOrder {index:10;}">
                    <Coords points="2630,2374 2630,2434 2788,2434 2788,2374"/>
                    <TextEquiv>
                        <Unicode>einfachen</Unicode>
                    </TextEquiv>
                </Word>
                <Word id="tr_2_tl_19_w12" custom="readingOrder {index:11;}">
                    <Coords points="2819,2377 2819,2437 2995,2437 2995,2377"/>
                    <TextEquiv>
                        <Unicode>Gefühlen,</Unicode>
                    </TextEquiv>
                </Word>
                <Word id="tr_2_tl_19_w13" custom="readingOrder {index:12;}">
                    <Coords points="3013,2380 3013,2440 3071,2440 3071,2380"/>
                    <TextEquiv>
                        <Unicode>auf</Unicode>
                    </TextEquiv>
                </Word>
                <TextEquiv>
                    <Unicode>tigen Abglanz des Lebens, an den Mummen= gen von verhältnismäßig einfachen Gefühlen, auf</Unicode>
                </TextEquiv>
            </TextLine>
            <TextLine id="tr_2_tl_20" custom="readingOrder {index:19;}">
                <Coords points="180,2421 1122,2440 1122,2393 180,2378"/>
                <Baseline points="199,2417 245,2420 292,2417 338,2420 385,2420 432,2418 478,2421 525,2422 571,2421 618,2422 665,2421 711,2423 758,2423 804,2423 851,2423 898,2425 944,2428 991,2427 1037,2426 1084,2428 1131,2432"/>
                <Word id="tr_2_tl_20_w1" custom="readingOrder {index:0;}">
                    <Coords points="180,2377 180,2437 406,2437 406,2377"/>
                    <TextEquiv>
                        <Unicode>stig=traurige</Unicode>
                    </TextEquiv>
                </Word>
                <Word id="tr_2_tl_20_w2" custom="readingOrder {index:1;}">
                    <Coords points="439,2381 439,2441 671,2441 671,2381"/>
                    <TextEquiv>
                        <Unicode>Puppenspiel</Unicode>
                    </TextEquiv>
                </Word>
                <Word id="tr_2_tl_20_w3" custom="readingOrder {index:2;}">
                    <Coords points="698,2383 698,2443 755,2443 755,2383"/>
                    <TextEquiv>
                        <Unicode>des</Unicode>
                    </TextEquiv>
                </Word>
                <Word id="tr_2_tl_20_w4" custom="readingOrder {index:3;}">
                    <Coords points="793,2383 793,2443 940,2443 940,2383"/>
                    <TextEquiv>
                        <Unicode>Lebens,</Unicode>
                    </TextEquiv>
                </Word>
                <Word id="tr_2_tl_20_w5" custom="readingOrder {index:4;}">
                    <Coords points="978,2386 978,2446 1035,2446 1035,2386"/>
                    <TextEquiv>
                        <Unicode>das</Unicode>
                    </TextEquiv>
                </Word>
                <Word id="tr_2_tl_20_w6" custom="readingOrder {index:5;}">
                    <Coords points="1073,2389 1073,2449 1125,2449 1125,2389"/>
                    <TextEquiv>
                        <Unicode>die</Unicode>
                    </TextEquiv>
                </Word>
                <TextEquiv>
                    <Unicode>stig=traurige Puppenspiel des Lebens, das die</Unicode>
                </TextEquiv>
            </TextLine>
            <TextLine id="tr_2_tl_21" custom="readingOrder {index:20;}">
                <Coords points="1155,2450 3071,2476 3071,2425 1155,2400"/>
                <Baseline points="1173,2438 1268,2441 1363,2441 1459,2441 1554,2444 1649,2446 1745,2447 1840,2450 1935,2456 2031,2456 2126,2448 2221,2447 2317,2450 2412,2451 2507,2453 2603,2455 2698,2459 2793,2464 2889,2462 2984,2465 3080,2465"/>
                <Word id="tr_2_tl_21_w1" custom="readingOrder {index:0;}">
                    <Coords points="1156,2399 1156,2459 1259,2459 1259,2399"/>
                    <TextEquiv>
                        <Unicode>schanz</Unicode>
                    </TextEquiv>
                </Word>
                <Word id="tr_2_tl_21_w2" custom="readingOrder {index:1;}">
                    <Coords points="1283,2401 1283,2461 1531,2461 1531,2401"/>
                    <TextEquiv>
                        <Unicode>verhuschender</Unicode>
                    </TextEquiv>
                </Word>
                <Word id="tr_2_tl_21_w3" custom="readingOrder {index:2;}">
                    <Coords points="1554,2405 1554,2465 1704,2465 1704,2405"/>
                    <TextEquiv>
                        <Unicode>Schatten</Unicode>
                    </TextEquiv>
                </Word>
                <Word id="tr_2_tl_21_w4" custom="readingOrder {index:3;}">
                    <Coords points="1734,2409 1734,2469 1923,2469 1923,2409"/>
                    <TextEquiv>
                        <Unicode>klammert,</Unicode>
                    </TextEquiv>
                </Word>
                <Word id="tr_2_tl_21_w5" custom="readingOrder {index:4;}">
                    <Coords points="1936,2416 1936,2476 1964,2476 1964,2416"/>
                    <TextEquiv>
                        <Unicode>so</Unicode>
                    </TextEquiv>
                </Word>
                <Word id="tr_2_tl_21_w6" custom="readingOrder {index:5;}">
                    <Coords points="1988,2415 1988,2475 2097,2475 2097,2415"/>
                    <TextEquiv>
                        <Unicode>wußte</Unicode>
                    </TextEquiv>
                </Word>
                <Word id="tr_2_tl_21_w7" custom="readingOrder {index:6;}">
                    <Coords points="2127,2407 2127,2467 2230,2467 2230,2407"/>
                    <TextEquiv>
                        <Unicode>denen</Unicode>
                    </TextEquiv>
                </Word>
                <Word id="tr_2_tl_21_w8" custom="readingOrder {index:7;}">
                    <Coords points="2254,2408 2254,2468 2299,2468 2299,2408"/>
                    <TextEquiv>
                        <Unicode>sich</Unicode>
                    </TextEquiv>
                </Word>
                <Word id="tr_2_tl_21_w9" custom="readingOrder {index:8;}">
                    <Coords points="2323,2410 2323,2470 2380,2470 2380,2410"/>
                    <TextEquiv>
                        <Unicode>sein</Unicode>
                    </TextEquiv>
                </Word>
                <Word id="tr_2_tl_21_w10" custom="readingOrder {index:9;}">
                    <Coords points="2410,2413 2410,2473 2629,2473 2629,2413"/>
                    <TextEquiv>
                        <Unicode>bekanntestes</Unicode>
                    </TextEquiv>
                </Word>
                <Word id="tr_2_tl_21_w11" custom="readingOrder {index:10;}">
                    <Coords points="2647,2419 2647,2479 2773,2479 2773,2419"/>
                    <TextEquiv>
                        <Unicode>Drama</Unicode>
                    </TextEquiv>
                </Word>
                <Word id="tr_2_tl_21_w12" custom="readingOrder {index:11;}">
                    <Coords points="2797,2422 2797,2482 2981,2482 2981,2422"/>
                    <TextEquiv>
                        <Unicode>„Liebelei"</Unicode>
                    </TextEquiv>
                </Word>
                <Word id="tr_2_tl_21_w13" custom="readingOrder {index:12;}">
                    <Coords points="2999,2425 2999,2485 3073,2485 3073,2425"/>
                    <TextEquiv>
                        <Unicode>auf¬</Unicode>
                    </TextEquiv>
                </Word>
                <TextEquiv>
                    <Unicode>schanz verhuschender Schatten klammert, so wußte denen sich sein bekanntestes Drama „Liebelei" auf¬</Unicode>
                </TextEquiv>
            </TextLine>
            <TextLine id="tr_2_tl_22" custom="readingOrder {index:21;}">
                <Coords points="170,2465 1122,2483 1122,2440 1075,2432 170,2425"/>
                <Baseline points="191,2462 237,2459 284,2459 331,2462 378,2462 425,2463 472,2465 518,2466 565,2467 612,2466 659,2467 706,2465 753,2465 800,2467 846,2468 893,2470 940,2469 987,2470 1034,2471 1081,2471 1128,2468"/>
                <Word id="tr_2_tl_22_w1" custom="readingOrder {index:0;}">
                    <Coords points="175,2419 175,2479 317,2479 317,2419"/>
                    <TextEquiv>
                        <Unicode>Wiener</Unicode>
                    </TextEquiv>
                </Word>
                <Word id="tr_2_tl_22_w2" custom="readingOrder {index:1;}">
                    <Coords points="344,2423 344,2483 533,2483 533,2423"/>
                    <TextEquiv>
                        <Unicode>Volksstücke</Unicode>
                    </TextEquiv>
                </Word>
                <Word id="tr_2_tl_22_w3" custom="readingOrder {index:2;}">
                    <Coords points="560,2426 560,2486 623,2486 623,2426"/>
                    <TextEquiv>
                        <Unicode>mit</Unicode>
                    </TextEquiv>
                </Word>
                <Word id="tr_2_tl_22_w4" custom="readingOrder {index:3;}">
                    <Coords points="651,2425 651,2485 872,2485 872,2425"/>
                    <TextEquiv>
                        <Unicode>unbewußter</Unicode>
                    </TextEquiv>
                </Word>
                <Word id="tr_2_tl_22_w5" custom="readingOrder {index:4;}">
                    <Coords points="899,2429 899,2489 1025,2489 1025,2429"/>
                    <TextEquiv>
                        <Unicode>Ironie</Unicode>
                    </TextEquiv>
                </Word>
                <Word id="tr_2_tl_22_w6" custom="readingOrder {index:5;}">
                    <Coords points="1052,2430 1052,2490 1125,2490 1125,2430"/>
                    <TextEquiv>
                        <Unicode>dar¬</Unicode>
                    </TextEquiv>
                </Word>
                <TextEquiv>
                    <Unicode>Wiener Volksstücke mit unbewußter Ironie dar¬</Unicode>
                </TextEquiv>
            </TextLine>
            <TextLine id="tr_2_tl_23" custom="readingOrder {index:22;}">
                <Coords points="1144,2494 2097,2508 2097,2465 1981,2458 1144,2454"/>
                <Baseline points="1164,2480 1211,2483 1258,2483 1305,2483 1352,2484 1399,2486 1446,2486 1493,2486 1540,2487 1587,2489 1634,2489 1681,2489 1728,2491 1775,2492 1822,2494 1869,2495 1916,2495 1963,2498 2010,2498 2057,2498 2104,2495"/>
                <Word id="tr_2_tl_23_w1" custom="readingOrder {index:0;}">
                    <Coords points="1144,2440 1144,2500 1186,2500 1186,2440"/>
                    <TextEquiv>
                        <Unicode>er</Unicode>
                    </TextEquiv>
                </Word>
                <Word id="tr_2_tl_23_w2" custom="readingOrder {index:1;}">
                    <Coords points="1207,2443 1207,2503 1233,2503 1233,2443"/>
                    <TextEquiv>
                        <Unicode>in</Unicode>
                    </TextEquiv>
                </Word>
                <Word id="tr_2_tl_23_w3" custom="readingOrder {index:2;}">
                    <Coords points="1266,2443 1266,2503 1323,2503 1323,2443"/>
                    <TextEquiv>
                        <Unicode>das</Unicode>
                    </TextEquiv>
                </Word>
                <Word id="tr_2_tl_23_w4" custom="readingOrder {index:3;}">
                    <Coords points="1350,2446 1350,2506 1571,2506 1571,2446"/>
                    <TextEquiv>
                        <Unicode>Momentane</Unicode>
                    </TextEquiv>
                </Word>
                <Word id="tr_2_tl_23_w5" custom="readingOrder {index:4;}">
                    <Coords points="1593,2449 1593,2509 1651,2509 1651,2449"/>
                    <TextEquiv>
                        <Unicode>den</Unicode>
                    </TextEquiv>
                </Word>
                <Word id="tr_2_tl_23_w6" custom="readingOrder {index:5;}">
                    <Coords points="1678,2451 1678,2511 1820,2511 1820,2451"/>
                    <TextEquiv>
                        <Unicode>stärksten</Unicode>
                    </TextEquiv>
                </Word>
                <Word id="tr_2_tl_23_w7" custom="readingOrder {index:6;}">
                    <Coords points="1847,2455 1847,2515 1978,2515 1978,2455"/>
                    <TextEquiv>
                        <Unicode>Inhalt</Unicode>
                    </TextEquiv>
                </Word>
                <Word id="tr_2_tl_23_w8" custom="readingOrder {index:7;}">
                    <Coords points="2000,2458 2000,2518 2026,2518 2026,2458"/>
                    <TextEquiv>
                        <Unicode>zu</Unicode>
                    </TextEquiv>
                </Word>
                <Word id="tr_2_tl_23_w9" custom="readingOrder {index:8;}">
                    <Coords points="2058,2456 2058,2516 2100,2516 2100,2456"/>
                    <TextEquiv>
                        <Unicode>le¬</Unicode>
                    </TextEquiv>
                </Word>
                <TextEquiv>
                    <Unicode>er in das Momentane den stärksten Inhalt zu le¬</Unicode>
                </TextEquiv>
            </TextLine>
            <TextLine id="tr_2_tl_24" custom="readingOrder {index:23;}">
                <Coords points="2126,2497 3002,2526 3067,2519 3064,2476 2122,2454"/>
                <Baseline points="2140,2492 2186,2492 2233,2492 2280,2495 2327,2495 2374,2495 2421,2495 2467,2495 2514,2496 2561,2499 2608,2501 2655,2501 2702,2501 2749,2503 2795,2504 2842,2506 2889,2507 2936,2507 2983,2510 3030,2510 3077,2507"/>
                <Word id="tr_2_tl_24_w1" custom="readingOrder {index:0;}">
                    <Coords points="2127,2452 2127,2512 2243,2512 2243,2452"/>
                    <TextEquiv>
                        <Unicode>baute,</Unicode>
                    </TextEquiv>
                </Word>
                <Word id="tr_2_tl_24_w2" custom="readingOrder {index:1;}">
                    <Coords points="2265,2455 2265,2515 2296,2515 2296,2455"/>
                    <TextEquiv>
                        <Unicode>zu</Unicode>
                    </TextEquiv>
                </Word>
                <Word id="tr_2_tl_24_w3" custom="readingOrder {index:2;}">
                    <Coords points="2329,2455 2329,2515 2445,2515 2445,2455"/>
                    <TextEquiv>
                        <Unicode>immer</Unicode>
                    </TextEquiv>
                </Word>
                <Word id="tr_2_tl_24_w4" custom="readingOrder {index:3;}">
                    <Coords points="2477,2460 2477,2520 2736,2520 2736,2460"/>
                    <TextEquiv>
                        <Unicode>kompliziertern</Unicode>
                    </TextEquiv>
                </Word>
                <Word id="tr_2_tl_24_w5" custom="readingOrder {index:4;}">
                    <Coords points="2769,2466 2769,2526 2927,2526 2927,2466"/>
                    <TextEquiv>
                        <Unicode>seelischen</Unicode>
                    </TextEquiv>
                </Word>
                <Word id="tr_2_tl_24_w6" custom="readingOrder {index:5;}">
                    <Coords points="2960,2470 2960,2530 3070,2530 3070,2470"/>
                    <TextEquiv>
                        <Unicode>Bezie¬</Unicode>
                    </TextEquiv>
                </Word>
                <TextEquiv>
                    <Unicode>baute, zu immer kompliziertern seelischen Bezie¬</Unicode>
                </TextEquiv>
            </TextLine>
            <TextLine id="tr_2_tl_25" custom="readingOrder {index:24;}">
                <Coords points="170,2515 1083,2530 1115,2523 1115,2483 166,2465"/>
                <Baseline points="191,2504 237,2504 284,2504 331,2507 377,2507 424,2507 471,2508 517,2510 564,2510 611,2510 658,2510 704,2511 751,2513 798,2513 844,2513 891,2513 938,2515 984,2514 1031,2515 1078,2514 1125,2516"/>
                <Word id="tr_2_tl_25_w1" custom="readingOrder {index:0;}">
                    <Coords points="172,2464 172,2524 322,2524 322,2464"/>
                    <TextEquiv>
                        <Unicode>stellten,</Unicode>
                    </TextEquiv>
                </Word>
                <Word id="tr_2_tl_25_w2" custom="readingOrder {index:1;}">
                    <Coords points="345,2467 345,2527 403,2527 403,2467"/>
                    <TextEquiv>
                        <Unicode>das</Unicode>
                    </TextEquiv>
                </Word>
                <Word id="tr_2_tl_25_w3" custom="readingOrder {index:2;}">
                    <Coords points="431,2467 431,2527 485,2527 485,2467"/>
                    <TextEquiv>
                        <Unicode>bei</Unicode>
                    </TextEquiv>
                </Word>
                <Word id="tr_2_tl_25_w4" custom="readingOrder {index:3;}">
                    <Coords points="513,2470 513,2530 561,2530 561,2470"/>
                    <TextEquiv>
                        <Unicode>ihm</Unicode>
                    </TextEquiv>
                </Word>
                <Word id="tr_2_tl_25_w5" custom="readingOrder {index:4;}">
                    <Coords points="605,2470 605,2530 685,2530 685,2470"/>
                    <TextEquiv>
                        <Unicode>aber</Unicode>
                    </TextEquiv>
                </Word>
                <Word id="tr_2_tl_25_w6" custom="readingOrder {index:5;}">
                    <Coords points="713,2472 713,2532 777,2532 777,2472"/>
                    <TextEquiv>
                        <Unicode>mit</Unicode>
                    </TextEquiv>
                </Word>
                <Word id="tr_2_tl_25_w7" custom="readingOrder {index:6;}">
                    <Coords points="805,2473 805,2533 891,2533 891,2473"/>
                    <TextEquiv>
                        <Unicode>einem</Unicode>
                    </TextEquiv>
                </Word>
                <Word id="tr_2_tl_25_w8" custom="readingOrder {index:7;}">
                    <Coords points="940,2474 940,2534 1118,2534 1118,2474"/>
                    <TextEquiv>
                        <Unicode>skeptischen</Unicode>
                    </TextEquiv>
                </Word>
                <TextEquiv>
                    <Unicode>stellten, das bei ihm aber mit einem skeptischen</Unicode>
                </TextEquiv>
            </TextLine>
            <TextLine id="tr_2_tl_26" custom="readingOrder {index:25;}">
                <Coords points="1144,2537 2097,2548 2097,2512 1985,2497 1144,2490"/>
                <Baseline points="1164,2519 1210,2525 1257,2525 1304,2528 1351,2528 1398,2529 1445,2531 1491,2531 1538,2531 1585,2531 1632,2533 1679,2534 1726,2536 1773,2537 1819,2537 1866,2539 1913,2540 1960,2540 2007,2540 2054,2543 2101,2546"/>
                <Word id="tr_2_tl_26_w1" custom="readingOrder {index:0;}">
                    <Coords points="1149,2482 1149,2542 1228,2542 1228,2482"/>
                    <TextEquiv>
                        <Unicode>gen.</Unicode>
                    </TextEquiv>
                </Word>
                <Word id="tr_2_tl_26_w2" custom="readingOrder {index:1;}">
                    <Coords points="1254,2488 1254,2548 1359,2548 1359,2488"/>
                    <TextEquiv>
                        <Unicode>Seine</Unicode>
                    </TextEquiv>
                </Word>
                <Word id="tr_2_tl_26_w3" custom="readingOrder {index:2;}">
                    <Coords points="1381,2490 1381,2550 1485,2550 1485,2490"/>
                    <TextEquiv>
                        <Unicode>beiden</Unicode>
                    </TextEquiv>
                </Word>
                <Word id="tr_2_tl_26_w4" custom="readingOrder {index:3;}">
                    <Coords points="1516,2491 1516,2551 1611,2551 1611,2491"/>
                    <TextEquiv>
                        <Unicode>ersten</Unicode>
                    </TextEquiv>
                </Word>
                <Word id="tr_2_tl_26_w5" custom="readingOrder {index:4;}">
                    <Coords points="1643,2496 1643,2556 1899,2556 1899,2496"/>
                    <TextEquiv>
                        <Unicode>bedeutenderen</Unicode>
                    </TextEquiv>
                </Word>
                <Word id="tr_2_tl_26_w6" custom="readingOrder {index:5;}">
                    <Coords points="1925,2500 1925,2560 2100,2560 2100,2500"/>
                    <TextEquiv>
                        <Unicode>Arbeiten,</Unicode>
                    </TextEquiv>
                </Word>
                <TextEquiv>
                    <Unicode>gen. Seine beiden ersten bedeutenderen Arbeiten,</Unicode>
                </TextEquiv>
            </TextLine>
            <TextLine id="tr_2_tl_27" custom="readingOrder {index:26;}">
                <Coords points="2118,2544 3064,2562 3064,2519 2945,2508 2118,2497"/>
                <Baseline points="2137,2534 2183,2534 2230,2537 2277,2537 2324,2537 2371,2538 2418,2539 2464,2538 2511,2540 2558,2540 2605,2541 2652,2545 2699,2546 2746,2548 2792,2549 2839,2549 2886,2549 2933,2549 2980,2552 3027,2552 3074,2552"/>
                <Word id="tr_2_tl_27_w1" custom="readingOrder {index:0;}">
                    <Coords points="2124,2494 2124,2554 2253,2554 2253,2494"/>
                    <TextEquiv>
                        <Unicode>hungen</Unicode>
                    </TextEquiv>
                </Word>
                <Word id="tr_2_tl_27_w2" custom="readingOrder {index:1;}">
                    <Coords points="2286,2497 2286,2557 2345,2557 2345,2497"/>
                    <TextEquiv>
                        <Unicode>und</Unicode>
                    </TextEquiv>
                </Word>
                <Word id="tr_2_tl_27_w3" custom="readingOrder {index:2;}">
                    <Coords points="2368,2498 2368,2558 2503,2558 2503,2498"/>
                    <TextEquiv>
                        <Unicode>Rätseln</Unicode>
                    </TextEquiv>
                </Word>
                <Word id="tr_2_tl_27_w4" custom="readingOrder {index:3;}">
                    <Coords points="2531,2505 2531,2565 2806,2565 2806,2505"/>
                    <TextEquiv>
                        <Unicode>fortgeschritten,</Unicode>
                    </TextEquiv>
                </Word>
                <Word id="tr_2_tl_27_w5" custom="readingOrder {index:4;}">
                    <Coords points="2823,2509 2823,2569 2855,2569 2855,2509"/>
                    <TextEquiv>
                        <Unicode>er</Unicode>
                    </TextEquiv>
                </Word>
                <Word id="tr_2_tl_27_w6" custom="readingOrder {index:5;}">
                    <Coords points="2877,2509 2877,2569 2991,2569 2991,2509"/>
                    <TextEquiv>
                        <Unicode>dringt</Unicode>
                    </TextEquiv>
                </Word>
                <Word id="tr_2_tl_27_w7" custom="readingOrder {index:6;}">
                    <Coords points="3013,2512 3013,2572 3056,2572 3056,2512"/>
                    <TextEquiv>
                        <Unicode>tie</Unicode>
                    </TextEquiv>
                </Word>
                <TextEquiv>
                    <Unicode>hungen und Rätseln fortgeschritten, er dringt tie</Unicode>
                </TextEquiv>
            </TextLine>
            <TextLine id="tr_2_tl_28" custom="readingOrder {index:27;}">
                <Coords points="166,2559 2086,2595 2086,2548 1992,2544 166,2519"/>
                <Baseline points="185,2549 280,2549 376,2552 471,2552 567,2552 662,2555 758,2555 853,2558 949,2558 1044,2561 1140,2564 1235,2570 1331,2572 1426,2575 1522,2575 1617,2575 1713,2578 1808,2581 1904,2583 1999,2584 2095,2584"/>
                <Word id="tr_2_tl_28_w1" custom="readingOrder {index:0;}">
                    <Coords points="173,2509 173,2569 396,2569 396,2509"/>
                    <TextEquiv>
                        <Unicode>Künstlertum</Unicode>
                    </TextEquiv>
                </Word>
                <Word id="tr_2_tl_28_w2" custom="readingOrder {index:1;}">
                    <Coords points="432,2512 432,2572 615,2572 615,2512"/>
                    <TextEquiv>
                        <Unicode>geschildert</Unicode>
                    </TextEquiv>
                </Word>
                <Word id="tr_2_tl_28_w3" custom="readingOrder {index:2;}">
                    <Coords points="633,2515 633,2575 732,2575 732,2515"/>
                    <TextEquiv>
                        <Unicode>wird.</Unicode>
                    </TextEquiv>
                </Word>
                <Word id="tr_2_tl_28_w4" custom="readingOrder {index:3;}">
                    <Coords points="757,2516 757,2576 832,2576 832,2516"/>
                    <TextEquiv>
                        <Unicode>Das</Unicode>
                    </TextEquiv>
                </Word>
                <Word id="tr_2_tl_28_w5" custom="readingOrder {index:4;}">
                    <Coords points="857,2518 857,2578 1010,2578 1010,2518"/>
                    <TextEquiv>
                        <Unicode>Schicksal</Unicode>
                    </TextEquiv>
                </Word>
                <Word id="tr_2_tl_28_w6" custom="readingOrder {index:5;}">
                    <Coords points="1028,2521 1028,2581 1121,2581 1121,2521"/>
                    <TextEquiv>
                        <Unicode>spielt</Unicode>
                    </TextEquiv>
                </Word>
                <Word id="tr_2_tl_28_w7" custom="readingOrder {index:6;}">
                    <Coords points="1152,2526 1152,2586 1210,2586 1210,2526"/>
                    <TextEquiv>
                        <Unicode>der</Unicode>
                    </TextEquiv>
                </Word>
                <Word id="tr_2_tl_28_w8" custom="readingOrder {index:7;}">
                    <Coords points="1240,2533 1240,2593 1511,2593 1511,2533"/>
                    <TextEquiv>
                        <Unicode>Einakterzyklus</Unicode>
                    </TextEquiv>
                </Word>
                <Word id="tr_2_tl_28_w9" custom="readingOrder {index:8;}">
                    <Coords points="1553,2535 1553,2595 1717,2595 1717,2535"/>
                    <TextEquiv>
                        <Unicode>„Anatol“</Unicode>
                    </TextEquiv>
                </Word>
                <Word id="tr_2_tl_28_w10" custom="readingOrder {index:9;}">
                    <Coords points="1765,2540 1765,2600 1823,2600 1823,2540"/>
                    <TextEquiv>
                        <Unicode>und</Unicode>
                    </TextEquiv>
                </Word>
                <Word id="tr_2_tl_28_w11" custom="readingOrder {index:10;}">
                    <Coords points="1865,2542 1865,2602 1917,2602 1917,2542"/>
                    <TextEquiv>
                        <Unicode>die</Unicode>
                    </TextEquiv>
                </Word>
                <Word id="tr_2_tl_28_w12" custom="readingOrder {index:11;}">
                    <Coords points="1959,2544 1959,2604 2082,2604 2082,2544"/>
                    <TextEquiv>
                        <Unicode>Novell</Unicode>
                    </TextEquiv>
                </Word>
                <TextEquiv>
                    <Unicode>Künstlertum geschildert wird. Das Schicksal spielt der Einakterzyklus „Anatol“ und die Novell</Unicode>
                </TextEquiv>
            </TextLine>
            <TextLine id="tr_2_tl_29" custom="readingOrder {index:28;}">
                <Coords points="2118,2587 3064,2609 3060,2562 2999,2555 2115,2544"/>
                <Baseline points="2137,2578 2183,2578 2230,2578 2277,2581 2324,2579 2371,2581 2418,2581 2464,2582 2511,2584 2558,2585 2605,2587 2652,2587 2699,2589 2746,2590 2792,2590 2839,2590 2886,2592 2933,2593 2980,2596 3027,2596 3074,2596"/>
                <Word id="tr_2_tl_29_w1" custom="readingOrder {index:0;}">
                    <Coords points="2120,2538 2120,2598 2155,2598 2155,2538"/>
                    <TextEquiv>
                        <Unicode>in</Unicode>
                    </TextEquiv>
                </Word>
                <Word id="tr_2_tl_29_w2" custom="readingOrder {index:1;}">
                    <Coords points="2192,2538 2192,2598 2238,2598 2238,2538"/>
                    <TextEquiv>
                        <Unicode>die</Unicode>
                    </TextEquiv>
                </Word>
                <Word id="tr_2_tl_29_w3" custom="readingOrder {index:2;}">
                    <Coords points="2270,2539 2270,2599 2362,2599 2362,2539"/>
                    <TextEquiv>
                        <Unicode>Welt</Unicode>
                    </TextEquiv>
                </Word>
                <Word id="tr_2_tl_29_w4" custom="readingOrder {index:3;}">
                    <Coords points="2395,2541 2395,2601 2446,2601 2446,2541"/>
                    <TextEquiv>
                        <Unicode>des</Unicode>
                    </TextEquiv>
                </Word>
                <Word id="tr_2_tl_29_w5" custom="readingOrder {index:4;}">
                    <Coords points="2482,2547 2482,2607 2731,2607 2731,2547"/>
                    <TextEquiv>
                        <Unicode>Unbewußten,</Unicode>
                    </TextEquiv>
                </Word>
                <Word id="tr_2_tl_29_w6" custom="readingOrder {index:5;}">
                    <Coords points="2757,2550 2757,2610 2814,2610 2814,2550"/>
                    <TextEquiv>
                        <Unicode>der</Unicode>
                    </TextEquiv>
                </Word>
                <Word id="tr_2_tl_29_w7" custom="readingOrder {index:6;}">
                    <Coords points="2845,2554 2845,2614 3062,2614 3062,2554"/>
                    <TextEquiv>
                        <Unicode>verdrängten</Unicode>
                    </TextEquiv>
                </Word>
                <TextEquiv>
                    <Unicode>in die Welt des Unbewußten, der verdrängten</Unicode>
                </TextEquiv>
            </TextLine>
            <TextLine id="tr_2_tl_30" custom="readingOrder {index:29;}">
                <Coords points="166,2609 866,2627 862,2562 162,2559"/>
                <Baseline points="185,2590 219,2592 253,2591 287,2591 322,2593 356,2595 390,2596 425,2597 459,2599 493,2596 528,2596 562,2596 596,2596 630,2596 665,2596 699,2597 733,2599 768,2599 802,2599 836,2601 871,2602"/>
                <Word id="tr_2_tl_30_w1" custom="readingOrder {index:0;}">
                    <Coords points="176,2551 176,2611 241,2611 241,2551"/>
                    <TextEquiv>
                        <Unicode>mit</Unicode>
                    </TextEquiv>
                </Word>
                <Word id="tr_2_tl_30_w2" custom="readingOrder {index:1;}">
                    <Coords points="272,2552 272,2612 350,2612 350,2552"/>
                    <TextEquiv>
                        <Unicode>uns,</Unicode>
                    </TextEquiv>
                </Word>
                <Word id="tr_2_tl_30_w3" custom="readingOrder {index:2;}">
                    <Coords points="375,2556 375,2616 434,2616 434,2556"/>
                    <TextEquiv>
                        <Unicode>wir</Unicode>
                    </TextEquiv>
                </Word>
                <Word id="tr_2_tl_30_w4" custom="readingOrder {index:3;}">
                    <Coords points="459,2556 459,2616 573,2616 573,2556"/>
                    <TextEquiv>
                        <Unicode>spielen</Unicode>
                    </TextEquiv>
                </Word>
                <Word id="tr_2_tl_30_w5" custom="readingOrder {index:4;}">
                    <Coords points="610,2556 610,2616 706,2616 706,2556"/>
                    <TextEquiv>
                        <Unicode>unser</Unicode>
                    </TextEquiv>
                </Word>
                <Word id="tr_2_tl_30_w6" custom="readingOrder {index:5;}">
                    <Coords points="731,2559 731,2619 863,2619 863,2559"/>
                    <TextEquiv>
                        <Unicode>Leben:</Unicode>
                    </TextEquiv>
                </Word>
                <TextEquiv>
                    <Unicode>mit uns, wir spielen unser Leben:</Unicode>
                </TextEquiv>
            </TextLine>
            <TextLine id="tr_2_tl_31" custom="readingOrder {index:30;}">
                <Coords points="1140,2624 2093,2638 2093,2595 1945,2584 1140,2584"/>
                <Baseline points="1161,2617 1208,2614 1255,2614 1302,2614 1349,2617 1396,2617 1443,2618 1490,2620 1537,2619 1584,2618 1631,2620 1678,2620 1725,2622 1772,2623 1819,2625 1866,2626 1913,2626 1960,2626 2007,2629 2054,2629 2101,2626"/>
                <Word id="tr_2_tl_31_w1" custom="readingOrder {index:0;}">
                    <Coords points="1145,2574 1145,2634 1361,2634 1361,2574"/>
                    <TextEquiv>
                        <Unicode>„Sterben“,</Unicode>
                    </TextEquiv>
                </Word>
                <Word id="tr_2_tl_31_w2" custom="readingOrder {index:1;}">
                    <Coords points="1383,2578 1383,2638 1525,2638 1525,2578"/>
                    <TextEquiv>
                        <Unicode>drängen</Unicode>
                    </TextEquiv>
                </Word>
                <Word id="tr_2_tl_31_w3" custom="readingOrder {index:2;}">
                    <Coords points="1563,2579 1563,2639 1684,2639 1684,2579"/>
                    <TextEquiv>
                        <Unicode>bereits</Unicode>
                    </TextEquiv>
                </Word>
                <Word id="tr_2_tl_31_w4" custom="readingOrder {index:3;}">
                    <Coords points="1722,2582 1722,2642 1747,2642 1747,2582"/>
                    <TextEquiv>
                        <Unicode>in</Unicode>
                    </TextEquiv>
                </Word>
                <Word id="tr_2_tl_31_w5" custom="readingOrder {index:4;}">
                    <Coords points="1785,2585 1785,2645 1927,2645 1927,2585"/>
                    <TextEquiv>
                        <Unicode>einzelne</Unicode>
                    </TextEquiv>
                </Word>
                <Word id="tr_2_tl_31_w6" custom="readingOrder {index:5;}">
                    <Coords points="1959,2589 1959,2649 2096,2649 2096,2589"/>
                    <TextEquiv>
                        <Unicode>Augen¬</Unicode>
                    </TextEquiv>
                </Word>
                <TextEquiv>
                    <Unicode>„Sterben“, drängen bereits in einzelne Augen¬</Unicode>
                </TextEquiv>
            </TextLine>
            <TextLine id="tr_2_tl_32" custom="readingOrder {index:31;}">
                <Coords points="2115,2631 2984,2652 3071,2645 3071,2606 2111,2584"/>
                <Baseline points="2134,2617 2181,2620 2228,2623 2275,2623 2323,2623 2370,2624 2417,2626 2465,2627 2512,2629 2559,2629 2607,2631 2654,2634 2701,2633 2748,2632 2796,2634 2843,2635 2890,2635 2938,2635 2985,2638 3032,2638 3080,2641"/>
                <Word id="tr_2_tl_32_w1" custom="readingOrder {index:0;}">
                    <Coords points="2117,2580 2117,2640 2268,2640 2268,2580"/>
                    <TextEquiv>
                        <Unicode>Gefühle</Unicode>
                    </TextEquiv>
                </Word>
                <Word id="tr_2_tl_32_w2" custom="readingOrder {index:1;}">
                    <Coords points="2302,2583 2302,2643 2361,2643 2361,2583"/>
                    <TextEquiv>
                        <Unicode>und</Unicode>
                    </TextEquiv>
                </Word>
                <Word id="tr_2_tl_32_w3" custom="readingOrder {index:2;}">
                    <Coords points="2400,2587 2400,2647 2552,2647 2552,2587"/>
                    <TextEquiv>
                        <Unicode>gestaltet</Unicode>
                    </TextEquiv>
                </Word>
                <Word id="tr_2_tl_32_w4" custom="readingOrder {index:3;}">
                    <Coords points="2579,2591 2579,2651 2644,2651 2644,2591"/>
                    <TextEquiv>
                        <Unicode>echt</Unicode>
                    </TextEquiv>
                </Word>
                <Word id="tr_2_tl_32_w5" custom="readingOrder {index:4;}">
                    <Coords points="2672,2592 2672,2652 2845,2652 2845,2592"/>
                    <TextEquiv>
                        <Unicode>Freudsche</Unicode>
                    </TextEquiv>
                </Word>
                <Word id="tr_2_tl_32_w6" custom="readingOrder {index:5;}">
                    <Coords points="2879,2597 2879,2657 3074,2657 3074,2597"/>
                    <TextEquiv>
                        <Unicode>Probleme.</Unicode>
                    </TextEquiv>
                </Word>
                <TextEquiv>
                    <Unicode>Gefühle und gestaltet echt Freudsche Probleme.</Unicode>
                </TextEquiv>
            </TextLine>
            <TextLine id="tr_2_tl_33" custom="readingOrder {index:32;}">
                <Coords points="173,2667 1065,2681 1061,2602 805,2638 696,2609 170,2613"/>
                <Baseline points="191,2662 235,2659 279,2659 323,2659 367,2662 411,2662 455,2662 500,2662 544,2662 588,2662 632,2665 676,2665 720,2667 764,2666 809,2667 853,2668 897,2668 941,2668 985,2670 1029,2671 1074,2674"/>
                <Word id="tr_2_tl_33_w1" custom="readingOrder {index:0;}">
                    <Coords points="178,2620 178,2680 243,2680 243,2620"/>
                    <TextEquiv>
                        <Unicode>„Es</Unicode>
                    </TextEquiv>
                </Word>
                <Word id="tr_2_tl_33_w2" custom="readingOrder {index:1;}">
                    <Coords points="274,2619 274,2679 394,2679 394,2619"/>
                    <TextEquiv>
                        <Unicode>fließen</Unicode>
                    </TextEquiv>
                </Word>
                <Word id="tr_2_tl_33_w3" custom="readingOrder {index:2;}">
                    <Coords points="426,2622 426,2682 625,2682 625,2622"/>
                    <TextEquiv>
                        <Unicode>ineinander</Unicode>
                    </TextEquiv>
                </Word>
                <Word id="tr_2_tl_33_w4" custom="readingOrder {index:3;}">
                    <Coords points="656,2626 656,2686 770,2686 770,2626"/>
                    <TextEquiv>
                        <Unicode>Traum</Unicode>
                    </TextEquiv>
                </Word>
                <Word id="tr_2_tl_33_w5" custom="readingOrder {index:4;}">
                    <Coords points="814,2627 814,2687 879,2687 879,2627"/>
                    <TextEquiv>
                        <Unicode>und</Unicode>
                    </TextEquiv>
                </Word>
                <Word id="tr_2_tl_33_w6" custom="readingOrder {index:5;}">
                    <Coords points="910,2630 910,2690 1067,2690 1067,2630"/>
                    <TextEquiv>
                        <Unicode>Wachen.</Unicode>
                    </TextEquiv>
                </Word>
                <TextEquiv>
                    <Unicode>„Es fließen ineinander Traum und Wachen.</Unicode>
                </TextEquiv>
            </TextLine>
            <TextLine id="tr_2_tl_34" custom="readingOrder {index:33;}">
                <Coords points="1137,2667 2829,2699 3067,2692 3067,2645 1133,2620"/>
                <Baseline points="1155,2656 1251,2659 1347,2659 1443,2660 1539,2662 1635,2664 1731,2665 1827,2671 1923,2671 2019,2672 2116,2666 2212,2667 2308,2668 2404,2668 2500,2674 2596,2674 2692,2677 2788,2680 2884,2680 2980,2683 3077,2686"/>
                <Word id="tr_2_tl_34_w1" custom="readingOrder {index:0;}">
                    <Coords points="1146,2617 1146,2677 1240,2677 1240,2617"/>
                    <TextEquiv>
                        <Unicode>blicke</Unicode>
                    </TextEquiv>
                </Word>
                <Word id="tr_2_tl_34_w2" custom="readingOrder {index:1;}">
                    <Coords points="1264,2619 1264,2679 1363,2679 1363,2619"/>
                    <TextEquiv>
                        <Unicode>ganze</Unicode>
                    </TextEquiv>
                </Word>
                <Word id="tr_2_tl_34_w3" custom="readingOrder {index:2;}">
                    <Coords points="1382,2620 1382,2680 1511,2680 1511,2620"/>
                    <TextEquiv>
                        <Unicode>Welten</Unicode>
                    </TextEquiv>
                </Word>
                <Word id="tr_2_tl_34_w4" custom="readingOrder {index:3;}">
                    <Coords points="1541,2622 1541,2682 1588,2682 1588,2622"/>
                    <TextEquiv>
                        <Unicode>des</Unicode>
                    </TextEquiv>
                </Word>
                <Word id="tr_2_tl_34_w5" custom="readingOrder {index:4;}">
                    <Coords points="1612,2624 1612,2684 1794,2684 1794,2624"/>
                    <TextEquiv>
                        <Unicode>Erlebens.</Unicode>
                    </TextEquiv>
                </Word>
                <Word id="tr_2_tl_34_w6" custom="readingOrder {index:5;}">
                    <Coords points="1819,2631 1819,2691 1889,2691 1889,2631"/>
                    <TextEquiv>
                        <Unicode>Das</Unicode>
                    </TextEquiv>
                </Word>
                <Word id="tr_2_tl_34_w7" custom="readingOrder {index:6;}">
                    <Coords points="1913,2631 1913,2691 2095,2691 2095,2631"/>
                    <TextEquiv>
                        <Unicode>impressio=</Unicode>
                    </TextEquiv>
                </Word>
                <Word id="tr_2_tl_34_w8" custom="readingOrder {index:7;}">
                    <Coords points="2132,2626 2132,2686 2190,2686 2190,2626"/>
                    <TextEquiv>
                        <Unicode>wie</Unicode>
                    </TextEquiv>
                </Word>
                <Word id="tr_2_tl_34_w9" custom="readingOrder {index:8;}">
                    <Coords points="2214,2627 2214,2687 2243,2687 2243,2627"/>
                    <TextEquiv>
                        <Unicode>in</Unicode>
                    </TextEquiv>
                </Word>
                <Word id="tr_2_tl_34_w10" custom="readingOrder {index:9;}">
                    <Coords points="2274,2627 2274,2687 2326,2687 2326,2627"/>
                    <TextEquiv>
                        <Unicode>der</Unicode>
                    </TextEquiv>
                </Word>
                <Word id="tr_2_tl_34_w11" custom="readingOrder {index:10;}">
                    <Coords points="2350,2628 2350,2688 2485,2688 2485,2628"/>
                    <TextEquiv>
                        <Unicode>Novelle</Unicode>
                    </TextEquiv>
                </Word>
                <Word id="tr_2_tl_34_w12" custom="readingOrder {index:11;}">
                    <Coords points="2515,2634 2515,2694 2621,2694 2621,2634"/>
                    <TextEquiv>
                        <Unicode>„Frau</Unicode>
                    </TextEquiv>
                </Word>
                <Word id="tr_2_tl_34_w13" custom="readingOrder {index:12;}">
                    <Coords points="2651,2637 2651,2697 2750,2697 2750,2637"/>
                    <TextEquiv>
                        <Unicode>Beate</Unicode>
                    </TextEquiv>
                </Word>
                <Word id="tr_2_tl_34_w14" custom="readingOrder {index:13;}">
                    <Coords points="2781,2640 2781,2700 2840,2700 2840,2640"/>
                    <TextEquiv>
                        <Unicode>und</Unicode>
                    </TextEquiv>
                </Word>
                <Word id="tr_2_tl_34_w15" custom="readingOrder {index:14;}">
                    <Coords points="2864,2640 2864,2700 2916,2700 2916,2640"/>
                    <TextEquiv>
                        <Unicode>ihr</Unicode>
                    </TextEquiv>
                </Word>
                <Word id="tr_2_tl_34_w16" custom="readingOrder {index:15;}">
                    <Coords points="2940,2643 2940,2703 3069,2703 3069,2643"/>
                    <TextEquiv>
                        <Unicode>Sohn“.</Unicode>
                    </TextEquiv>
                </Word>
                <TextEquiv>
                    <Unicode>blicke ganze Welten des Erlebens. Das impressio= wie in der Novelle „Frau Beate und ihr Sohn“.</Unicode>
                </TextEquiv>
            </TextLine>
            <TextLine id="tr_2_tl_35" custom="readingOrder {index:34;}">
                <Coords points="1133,2710 2089,2732 2086,2681 1130,2667"/>
                <Baseline points="1152,2698 1199,2698 1246,2701 1293,2701 1341,2704 1388,2704 1435,2704 1483,2704 1530,2705 1577,2707 1625,2707 1672,2709 1719,2710 1766,2710 1814,2710 1861,2713 1908,2713 1956,2716 2003,2716 2050,2716 2098,2713"/>
                <Word id="tr_2_tl_35_w1" custom="readingOrder {index:0;}">
                    <Coords points="1141,2658 1141,2718 1283,2718 1283,2658"/>
                    <TextEquiv>
                        <Unicode>nistische</Unicode>
                    </TextEquiv>
                </Word>
                <Word id="tr_2_tl_35_w2" custom="readingOrder {index:1;}">
                    <Coords points="1310,2664 1310,2724 1436,2724 1436,2664"/>
                    <TextEquiv>
                        <Unicode>Drama</Unicode>
                    </TextEquiv>
                </Word>
                <Word id="tr_2_tl_35_w3" custom="readingOrder {index:2;}">
                    <Coords points="1469,2664 1469,2724 1526,2724 1526,2664"/>
                    <TextEquiv>
                        <Unicode>hat</Unicode>
                    </TextEquiv>
                </Word>
                <Word id="tr_2_tl_35_w4" custom="readingOrder {index:3;}">
                    <Coords points="1548,2667 1548,2727 1611,2727 1611,2667"/>
                    <TextEquiv>
                        <Unicode>kein</Unicode>
                    </TextEquiv>
                </Word>
                <Word id="tr_2_tl_35_w5" custom="readingOrder {index:4;}">
                    <Coords points="1643,2669 1643,2729 1775,2729 1775,2669"/>
                    <TextEquiv>
                        <Unicode>höheres</Unicode>
                    </TextEquiv>
                </Word>
                <Word id="tr_2_tl_35_w6" custom="readingOrder {index:5;}">
                    <Coords points="1807,2673 1807,2733 1997,2733 1997,2673"/>
                    <TextEquiv>
                        <Unicode>Kunstwerk</Unicode>
                    </TextEquiv>
                </Word>
                <Word id="tr_2_tl_35_w7" custom="readingOrder {index:6;}">
                    <Coords points="2024,2675 2024,2735 2081,2735 2081,2675"/>
                    <TextEquiv>
                        <Unicode>auf</Unicode>
                    </TextEquiv>
                </Word>
                <TextEquiv>
                    <Unicode>nistische Drama hat kein höheres Kunstwerk auf</Unicode>
                </TextEquiv>
            </TextLine>
            <TextLine id="tr_2_tl_36" custom="readingOrder {index:35;}">
                <Coords points="170,2710 1039,2732 1068,2725 1068,2681 166,2670"/>
                <Baseline points="188,2704 232,2704 276,2704 320,2704 365,2707 409,2707 453,2707 498,2707 542,2710 586,2707 631,2710 675,2710 719,2710 763,2710 808,2710 852,2710 896,2712 941,2713 985,2713 1029,2713 1074,2716"/>
                <Word id="tr_2_tl_36_w1" custom="readingOrder {index:0;}">
                    <Coords points="172,2664 172,2724 361,2724 361,2664"/>
                    <TextEquiv>
                        <Unicode>Wahrheit</Unicode>
                    </TextEquiv>
                </Word>
                <Word id="tr_2_tl_36_w2" custom="readingOrder {index:1;}">
                    <Coords points="383,2667 383,2727 442,2727 442,2667"/>
                    <TextEquiv>
                        <Unicode>und</Unicode>
                    </TextEquiv>
                </Word>
                <Word id="tr_2_tl_36_w3" custom="readingOrder {index:2;}">
                    <Coords points="475,2668 475,2728 578,2728 578,2668"/>
                    <TextEquiv>
                        <Unicode>Lüge.</Unicode>
                    </TextEquiv>
                </Word>
                <Word id="tr_2_tl_36_w4" custom="readingOrder {index:3;}">
                    <Coords points="605,2670 605,2730 794,2730 794,2670"/>
                    <TextEquiv>
                        <Unicode>Sicherheit</Unicode>
                    </TextEquiv>
                </Word>
                <Word id="tr_2_tl_36_w5" custom="readingOrder {index:4;}">
                    <Coords points="822,2670 822,2730 859,2730 859,2670"/>
                    <TextEquiv>
                        <Unicode>ist</Unicode>
                    </TextEquiv>
                </Word>
                <Word id="tr_2_tl_36_w6" custom="readingOrder {index:5;}">
                    <Coords points="882,2673 882,2733 1065,2733 1065,2673"/>
                    <TextEquiv>
                        <Unicode>nirgends.</Unicode>
                    </TextEquiv>
                </Word>
                <TextEquiv>
                    <Unicode>Wahrheit und Lüge. Sicherheit ist nirgends.</Unicode>
                </TextEquiv>
            </TextLine>
            <TextLine id="tr_2_tl_37" custom="readingOrder {index:36;}">
                <Coords points="2118,2717 3067,2739 3064,2692 3024,2689 2118,2674"/>
                <Baseline points="2137,2707 2184,2707 2231,2710 2278,2710 2325,2711 2372,2713 2419,2713 2466,2713 2513,2714 2560,2716 2607,2718 2654,2719 2701,2719 2748,2721 2795,2722 2842,2722 2889,2724 2936,2728 2983,2728 3030,2728 3077,2728"/>
                <Word id="tr_2_tl_37_w1" custom="readingOrder {index:0;}">
                    <Coords points="2124,2667 2124,2727 2215,2727 2215,2667"/>
                    <TextEquiv>
                        <Unicode>Aber</Unicode>
                    </TextEquiv>
                </Word>
                <Word id="tr_2_tl_37_w2" custom="readingOrder {index:1;}">
                    <Coords points="2243,2670 2243,2730 2269,2730 2269,2670"/>
                    <TextEquiv>
                        <Unicode>so</Unicode>
                    </TextEquiv>
                </Word>
                <Word id="tr_2_tl_37_w3" custom="readingOrder {index:2;}">
                    <Coords points="2297,2672 2297,2732 2420,2732 2420,2672"/>
                    <TextEquiv>
                        <Unicode>wichtig</Unicode>
                    </TextEquiv>
                </Word>
                <Word id="tr_2_tl_37_w4" custom="readingOrder {index:3;}">
                    <Coords points="2449,2673 2449,2733 2529,2733 2529,2673"/>
                    <TextEquiv>
                        <Unicode>diese</Unicode>
                    </TextEquiv>
                </Word>
                <Word id="tr_2_tl_37_w5" custom="readingOrder {index:4;}">
                    <Coords points="2557,2677 2557,2737 2621,2737 2621,2677"/>
                    <TextEquiv>
                        <Unicode>tief</Unicode>
                    </TextEquiv>
                </Word>
                <Word id="tr_2_tl_37_w6" custom="readingOrder {index:5;}">
                    <Coords points="2648,2680 2648,2740 2810,2740 2810,2680"/>
                    <TextEquiv>
                        <Unicode>bohrende</Unicode>
                    </TextEquiv>
                </Word>
                <Word id="tr_2_tl_37_w7" custom="readingOrder {index:6;}">
                    <Coords points="2838,2683 2838,2743 2902,2743 2902,2683"/>
                    <TextEquiv>
                        <Unicode>und</Unicode>
                    </TextEquiv>
                </Word>
                <Word id="tr_2_tl_37_w8" custom="readingOrder {index:7;}">
                    <Coords points="2930,2688 2930,2748 3064,2748 3064,2688"/>
                    <TextEquiv>
                        <Unicode>zerglie¬</Unicode>
                    </TextEquiv>
                </Word>
                <TextEquiv>
                    <Unicode>Aber so wichtig diese tief bohrende und zerglie¬</Unicode>
                </TextEquiv>
            </TextLine>
            <TextLine id="tr_2_tl_38" custom="readingOrder {index:37;}">
                <Coords points="1137,2761 2003,2779 2093,2768 2093,2728 1133,2710"/>
                <Baseline points="1158,2749 1205,2743 1252,2746 1299,2746 1346,2746 1393,2747 1440,2749 1488,2749 1535,2749 1582,2750 1629,2752 1676,2754 1723,2753 1770,2754 1818,2755 1865,2757 1912,2761 1959,2761 2006,2761 2053,2761 2101,2761"/>
                <Word id="tr_2_tl_38_w1" custom="readingOrder {index:0;}">
                    <Coords points="1144,2704 1144,2764 1301,2764 1301,2704"/>
                    <TextEquiv>
                        <Unicode>zuweisen</Unicode>
                    </TextEquiv>
                </Word>
                <Word id="tr_2_tl_38_w2" custom="readingOrder {index:1;}">
                    <Coords points="1329,2706 1329,2766 1376,2766 1376,2706"/>
                    <TextEquiv>
                        <Unicode>als</Unicode>
                    </TextEquiv>
                </Word>
                <Word id="tr_2_tl_38_w3" custom="readingOrder {index:2;}">
                    <Coords points="1403,2709 1403,2769 1593,2769 1593,2709"/>
                    <TextEquiv>
                        <Unicode>Schnitzlers</Unicode>
                    </TextEquiv>
                </Word>
                <Word id="tr_2_tl_38_w4" custom="readingOrder {index:3;}">
                    <Coords points="1620,2713 1620,2773 1810,2773 1810,2713"/>
                    <TextEquiv>
                        <Unicode>„Einsamen</Unicode>
                    </TextEquiv>
                </Word>
                <Word id="tr_2_tl_38_w5" custom="readingOrder {index:4;}">
                    <Coords points="1837,2719 1837,2779 1959,2779 1959,2719"/>
                    <TextEquiv>
                        <Unicode>Weg“,</Unicode>
                    </TextEquiv>
                </Word>
                <Word id="tr_2_tl_38_w6" custom="readingOrder {index:5;}">
                    <Coords points="1970,2721 1970,2781 1996,2781 1996,2721"/>
                    <TextEquiv>
                        <Unicode>in</Unicode>
                    </TextEquiv>
                </Word>
                <Word id="tr_2_tl_38_w7" custom="readingOrder {index:6;}">
                    <Coords points="2023,2721 2023,2781 2075,2781 2075,2721"/>
                    <TextEquiv>
                        <Unicode>dem</Unicode>
                    </TextEquiv>
                </Word>
                <TextEquiv>
                    <Unicode>zuweisen als Schnitzlers „Einsamen Weg“, in dem</Unicode>
                </TextEquiv>
            </TextLine>
            <TextLine id="tr_2_tl_39" custom="readingOrder {index:38;}">
                <Coords points="166,2753 1108,2772 1083,2721 166,2710"/>
                <Baseline points="185,2743 231,2749 278,2749 324,2749 371,2749 417,2750 464,2752 510,2752 557,2752 603,2753 650,2754 697,2752 743,2753 790,2755 836,2755 883,2755 929,2755 976,2757 1022,2758 1069,2758 1116,2758"/>
                <Word id="tr_2_tl_39_w1" custom="readingOrder {index:0;}">
                    <Coords points="171,2706 171,2766 250,2766 250,2706"/>
                    <TextEquiv>
                        <Unicode>Wir</Unicode>
                    </TextEquiv>
                </Word>
                <Word id="tr_2_tl_39_w2" custom="readingOrder {index:1;}">
                    <Coords points="281,2709 281,2769 386,2769 386,2709"/>
                    <TextEquiv>
                        <Unicode>wissen</Unicode>
                    </TextEquiv>
                </Word>
                <Word id="tr_2_tl_39_w3" custom="readingOrder {index:2;}">
                    <Coords points="422,2712 422,2772 517,2772 517,2712"/>
                    <TextEquiv>
                        <Unicode>nichts</Unicode>
                    </TextEquiv>
                </Word>
                <Word id="tr_2_tl_39_w4" custom="readingOrder {index:3;}">
                    <Coords points="548,2712 548,2772 608,2772 608,2712"/>
                    <TextEquiv>
                        <Unicode>von</Unicode>
                    </TextEquiv>
                </Word>
                <Word id="tr_2_tl_39_w5" custom="readingOrder {index:4;}">
                    <Coords points="644,2712 644,2772 789,2772 789,2712"/>
                    <TextEquiv>
                        <Unicode>andern,</Unicode>
                    </TextEquiv>
                </Word>
                <Word id="tr_2_tl_39_w6" custom="readingOrder {index:5;}">
                    <Coords points="815,2715 815,2775 915,2775 915,2715"/>
                    <TextEquiv>
                        <Unicode>nichts</Unicode>
                    </TextEquiv>
                </Word>
                <Word id="tr_2_tl_39_w7" custom="readingOrder {index:6;}">
                    <Coords points="951,2717 951,2777 1006,2777 1006,2717"/>
                    <TextEquiv>
                        <Unicode>von</Unicode>
                    </TextEquiv>
                </Word>
                <Word id="tr_2_tl_39_w8" custom="readingOrder {index:7;}">
                    <Coords points="1041,2718 1041,2778 1106,2778 1106,2718"/>
                    <TextEquiv>
                        <Unicode>uns</Unicode>
                    </TextEquiv>
                </Word>
                <TextEquiv>
                    <Unicode>Wir wissen nichts von andern, nichts von uns</Unicode>
                </TextEquiv>
            </TextLine>
            <TextLine id="tr_2_tl_40" custom="readingOrder {index:39;}">
                <Coords points="2118,2761 3071,2782 3067,2739 2963,2728 2115,2717"/>
                <Baseline points="2134,2749 2181,2752 2228,2752 2275,2755 2322,2755 2369,2756 2416,2758 2464,2758 2511,2758 2558,2759 2605,2761 2652,2763 2699,2764 2746,2766 2794,2767 2841,2767 2888,2769 2935,2769 2982,2769 3029,2769 3077,2772"/>
                <Word id="tr_2_tl_40_w1" custom="readingOrder {index:0;}">
                    <Coords points="2121,2711 2121,2771 2239,2771 2239,2711"/>
                    <TextEquiv>
                        <Unicode>dernde</Unicode>
                    </TextEquiv>
                </Word>
                <Word id="tr_2_tl_40_w2" custom="readingOrder {index:1;}">
                    <Coords points="2272,2715 2272,2775 2413,2775 2413,2715"/>
                    <TextEquiv>
                        <Unicode>Analyse</Unicode>
                    </TextEquiv>
                </Word>
                <Word id="tr_2_tl_40_w3" custom="readingOrder {index:2;}">
                    <Coords points="2440,2718 2440,2778 2494,2778 2494,2718"/>
                    <TextEquiv>
                        <Unicode>für</Unicode>
                    </TextEquiv>
                </Word>
                <Word id="tr_2_tl_40_w4" custom="readingOrder {index:3;}">
                    <Coords points="2522,2719 2522,2779 2602,2779 2602,2719"/>
                    <TextEquiv>
                        <Unicode>seine</Unicode>
                    </TextEquiv>
                </Word>
                <Word id="tr_2_tl_40_w5" custom="readingOrder {index:4;}">
                    <Coords points="2630,2723 2630,2783 2738,2783 2738,2723"/>
                    <TextEquiv>
                        <Unicode>Kunst</Unicode>
                    </TextEquiv>
                </Word>
                <Word id="tr_2_tl_40_w6" custom="readingOrder {index:5;}">
                    <Coords points="2766,2726 2766,2786 2814,2786 2814,2726"/>
                    <TextEquiv>
                        <Unicode>ist,</Unicode>
                    </TextEquiv>
                </Word>
                <Word id="tr_2_tl_40_w7" custom="readingOrder {index:6;}">
                    <Coords points="2831,2727 2831,2787 2857,2787 2857,2727"/>
                    <TextEquiv>
                        <Unicode>so</Unicode>
                    </TextEquiv>
                </Word>
                <Word id="tr_2_tl_40_w8" custom="readingOrder {index:7;}">
                    <Coords points="2885,2729 2885,2789 2960,2789 2960,2729"/>
                    <TextEquiv>
                        <Unicode>darf</Unicode>
                    </TextEquiv>
                </Word>
                <Word id="tr_2_tl_40_w9" custom="readingOrder {index:8;}">
                    <Coords points="2988,2729 2988,2789 3057,2789 3057,2729"/>
                    <TextEquiv>
                        <Unicode>man</Unicode>
                    </TextEquiv>
                </Word>
                <TextEquiv>
                    <Unicode>dernde Analyse für seine Kunst ist, so darf man</Unicode>
                </TextEquiv>
            </TextLine>
            <TextLine id="tr_2_tl_41" custom="readingOrder {index:40;}">
                <Coords points="1133,2804 2086,2815 2057,2764 1130,2761"/>
                <Baseline points="1152,2787 1199,2787 1246,2787 1293,2787 1340,2790 1387,2791 1434,2792 1481,2791 1528,2793 1575,2793 1622,2793 1669,2795 1716,2796 1763,2798 1810,2799 1857,2799 1904,2799 1951,2802 1998,2802 2045,2802 2092,2802"/>
                <Word id="tr_2_tl_41_w1" custom="readingOrder {index:0;}">
                    <Coords points="1141,2747 1141,2807 1219,2807 1219,2747"/>
                    <TextEquiv>
                        <Unicode>man</Unicode>
                    </TextEquiv>
                </Word>
                <Word id="tr_2_tl_41_w2" custom="readingOrder {index:1;}">
                    <Coords points="1252,2747 1252,2807 1320,2807 1320,2747"/>
                    <TextEquiv>
                        <Unicode>auch</Unicode>
                    </TextEquiv>
                </Word>
                <Word id="tr_2_tl_41_w3" custom="readingOrder {index:2;}">
                    <Coords points="1353,2751 1353,2811 1436,2811 1436,2751"/>
                    <TextEquiv>
                        <Unicode>wohl</Unicode>
                    </TextEquiv>
                </Word>
                <Word id="tr_2_tl_41_w4" custom="readingOrder {index:3;}">
                    <Coords points="1459,2751 1459,2811 1516,2811 1516,2751"/>
                    <TextEquiv>
                        <Unicode>sein</Unicode>
                    </TextEquiv>
                </Word>
                <Word id="tr_2_tl_41_w5" custom="readingOrder {index:4;}">
                    <Coords points="1549,2753 1549,2813 1644,2813 1644,2753"/>
                    <TextEquiv>
                        <Unicode>bestes</Unicode>
                    </TextEquiv>
                </Word>
                <Word id="tr_2_tl_41_w6" custom="readingOrder {index:5;}">
                    <Coords points="1671,2756 1671,2816 1771,2816 1771,2756"/>
                    <TextEquiv>
                        <Unicode>Werk</Unicode>
                    </TextEquiv>
                </Word>
                <Word id="tr_2_tl_41_w7" custom="readingOrder {index:6;}">
                    <Coords points="1793,2759 1793,2819 1877,2819 1877,2759"/>
                    <TextEquiv>
                        <Unicode>sehen</Unicode>
                    </TextEquiv>
                </Word>
                <Word id="tr_2_tl_41_w8" custom="readingOrder {index:7;}">
                    <Coords points="1909,2762 1909,2822 1999,2822 1999,2762"/>
                    <TextEquiv>
                        <Unicode>darf.</Unicode>
                    </TextEquiv>
                </Word>
                <Word id="tr_2_tl_41_w9" custom="readingOrder {index:8;}">
                    <Coords points="2016,2762 2016,2822 2089,2822 2089,2762"/>
                    <TextEquiv>
                        <Unicode>Hie¬</Unicode>
                    </TextEquiv>
                </Word>
                <TextEquiv>
                    <Unicode>man auch wohl sein bestes Werk sehen darf. Hie¬</Unicode>
                </TextEquiv>
            </TextLine>
            <TextLine id="tr_2_tl_42" custom="readingOrder {index:41;}">
                <Coords points="170,2797 310,2822 913,2822 913,2764 170,2750"/>
                <Baseline points="188,2790 224,2790 261,2792 298,2793 334,2793 371,2793 408,2796 444,2796 481,2796 518,2796 555,2796 591,2796 628,2799 665,2799 701,2800 738,2801 775,2799 811,2799 848,2799 885,2802 922,2802"/>
                <Word id="tr_2_tl_42_w1" custom="readingOrder {index:0;}">
                    <Coords points="178,2750 178,2810 255,2810 255,2750"/>
                    <TextEquiv>
                        <Unicode>Wir</Unicode>
                    </TextEquiv>
                </Word>
                <Word id="tr_2_tl_42_w2" custom="readingOrder {index:1;}">
                    <Coords points="274,2753 274,2813 389,2813 389,2753"/>
                    <TextEquiv>
                        <Unicode>spielen</Unicode>
                    </TextEquiv>
                </Word>
                <Word id="tr_2_tl_42_w3" custom="readingOrder {index:2;}">
                    <Coords points="414,2756 414,2816 491,2816 491,2756"/>
                    <TextEquiv>
                        <Unicode>alle,</Unicode>
                    </TextEquiv>
                </Word>
                <Word id="tr_2_tl_42_w4" custom="readingOrder {index:3;}">
                    <Coords points="510,2756 510,2816 570,2816 570,2756"/>
                    <TextEquiv>
                        <Unicode>wer</Unicode>
                    </TextEquiv>
                </Word>
                <Word id="tr_2_tl_42_w5" custom="readingOrder {index:4;}">
                    <Coords points="595,2757 595,2817 625,2817 625,2757"/>
                    <TextEquiv>
                        <Unicode>es</Unicode>
                    </TextEquiv>
                </Word>
                <Word id="tr_2_tl_42_w6" custom="readingOrder {index:5;}">
                    <Coords points="650,2760 650,2820 752,2820 752,2760"/>
                    <TextEquiv>
                        <Unicode>weiß,</Unicode>
                    </TextEquiv>
                </Word>
                <Word id="tr_2_tl_42_w7" custom="readingOrder {index:6;}">
                    <Coords points="765,2759 765,2819 806,2819 806,2759"/>
                    <TextEquiv>
                        <Unicode>ist</Unicode>
                    </TextEquiv>
                </Word>
                <Word id="tr_2_tl_42_w8" custom="readingOrder {index:7;}">
                    <Coords points="825,2760 825,2820 909,2820 909,2760"/>
                    <TextEquiv>
                        <Unicode>klug,</Unicode>
                    </TextEquiv>
                </Word>
                <TextEquiv>
                    <Unicode>Wir spielen alle, wer es weiß, ist klug,</Unicode>
                </TextEquiv>
            </TextLine>
            <TextLine id="tr_2_tl_43" custom="readingOrder {index:42;}">
                <Coords points="2122,2815 3067,2826 3067,2782 3024,2775 2122,2761"/>
                <Baseline points="2143,2793 2189,2796 2236,2796 2283,2799 2329,2799 2376,2799 2423,2800 2469,2802 2516,2802 2563,2802 2610,2803 2656,2805 2703,2807 2750,2808 2796,2810 2843,2811 2890,2813 2936,2814 2983,2814 3030,2814 3077,2811"/>
                <Word id="tr_2_tl_43_w1" custom="readingOrder {index:0;}">
                    <Coords points="2123,2753 2123,2813 2183,2813 2183,2753"/>
                    <TextEquiv>
                        <Unicode>sein</Unicode>
                    </TextEquiv>
                </Word>
                <Word id="tr_2_tl_43_w2" custom="readingOrder {index:1;}">
                    <Coords points="2211,2757 2211,2817 2310,2817 2310,2757"/>
                    <TextEquiv>
                        <Unicode>Werk</Unicode>
                    </TextEquiv>
                </Word>
                <Word id="tr_2_tl_43_w3" custom="readingOrder {index:2;}">
                    <Coords points="2327,2759 2327,2819 2394,2819 2394,2759"/>
                    <TextEquiv>
                        <Unicode>doch</Unicode>
                    </TextEquiv>
                </Word>
                <Word id="tr_2_tl_43_w4" custom="readingOrder {index:3;}">
                    <Coords points="2422,2762 2422,2822 2521,2822 2521,2762"/>
                    <TextEquiv>
                        <Unicode>nicht,</Unicode>
                    </TextEquiv>
                </Word>
                <Word id="tr_2_tl_43_w5" custom="readingOrder {index:4;}">
                    <Coords points="2538,2762 2538,2822 2599,2822 2599,2762"/>
                    <TextEquiv>
                        <Unicode>wie</Unicode>
                    </TextEquiv>
                </Word>
                <Word id="tr_2_tl_43_w6" custom="readingOrder {index:5;}">
                    <Coords points="2622,2764 2622,2824 2654,2824 2654,2764"/>
                    <TextEquiv>
                        <Unicode>es</Unicode>
                    </TextEquiv>
                </Word>
                <Word id="tr_2_tl_43_w7" custom="readingOrder {index:6;}">
                    <Coords points="2682,2767 2682,2827 2765,2827 2765,2767"/>
                    <TextEquiv>
                        <Unicode>Reik</Unicode>
                    </TextEquiv>
                </Word>
                <Word id="tr_2_tl_43_w8" custom="readingOrder {index:7;}">
                    <Coords points="2782,2770 2782,2830 2876,2830 2876,2770"/>
                    <TextEquiv>
                        <Unicode>getan</Unicode>
                    </TextEquiv>
                </Word>
                <Word id="tr_2_tl_43_w9" custom="readingOrder {index:8;}">
                    <Coords points="2904,2774 2904,2834 2981,2834 2981,2774"/>
                    <TextEquiv>
                        <Unicode>hat,</Unicode>
                    </TextEquiv>
                </Word>
                <Word id="tr_2_tl_43_w10" custom="readingOrder {index:9;}">
                    <Coords points="2998,2773 2998,2833 3064,2833 3064,2773"/>
                    <TextEquiv>
                        <Unicode>ein¬</Unicode>
                    </TextEquiv>
                </Word>
                <TextEquiv>
                    <Unicode>sein Werk doch nicht, wie es Reik getan hat, ein¬</Unicode>
                </TextEquiv>
            </TextLine>
            <TextLine id="tr_2_tl_44" custom="readingOrder {index:43;}">
                <Coords points="1133,2836 2086,2858 2086,2815 2003,2804 1133,2804"/>
                <Baseline points="1152,2829 1199,2832 1246,2832 1293,2832 1340,2835 1387,2835 1434,2835 1481,2836 1528,2838 1575,2838 1622,2838 1669,2840 1716,2841 1763,2841 1810,2841 1857,2843 1904,2844 1951,2847 1998,2847 2045,2847 2092,2847"/>
                <Word id="tr_2_tl_44_w1" custom="readingOrder {index:0;}">
                    <Coords points="1138,2792 1138,2852 1307,2852 1307,2792"/>
                    <TextEquiv>
                        <Unicode>entfaltet</Unicode>
                    </TextEquiv>
                </Word>
                <Word id="tr_2_tl_44_w2" custom="readingOrder {index:1;}">
                    <Coords points="1328,2795 1328,2855 1375,2855 1375,2795"/>
                    <TextEquiv>
                        <Unicode>sich</Unicode>
                    </TextEquiv>
                </Word>
                <Word id="tr_2_tl_44_w3" custom="readingOrder {index:2;}">
                    <Coords points="1402,2795 1402,2855 1471,2855 1471,2795"/>
                    <TextEquiv>
                        <Unicode>eine</Unicode>
                    </TextEquiv>
                </Word>
                <Word id="tr_2_tl_44_w4" custom="readingOrder {index:3;}">
                    <Coords points="1498,2798 1498,2858 1603,2858 1603,2798"/>
                    <TextEquiv>
                        <Unicode>Kunst</Unicode>
                    </TextEquiv>
                </Word>
                <Word id="tr_2_tl_44_w5" custom="readingOrder {index:4;}">
                    <Coords points="1625,2799 1625,2859 1677,2859 1677,2799"/>
                    <TextEquiv>
                        <Unicode>der</Unicode>
                    </TextEquiv>
                </Word>
                <Word id="tr_2_tl_44_w6" custom="readingOrder {index:5;}">
                    <Coords points="1698,2801 1698,2861 1883,2861 1883,2801"/>
                    <TextEquiv>
                        <Unicode>Halbtöne,</Unicode>
                    </TextEquiv>
                </Word>
                <Word id="tr_2_tl_44_w7" custom="readingOrder {index:6;}">
                    <Coords points="1905,2805 1905,2865 1957,2865 1957,2805"/>
                    <TextEquiv>
                        <Unicode>der</Unicode>
                    </TextEquiv>
                </Word>
                <Word id="tr_2_tl_44_w8" custom="readingOrder {index:7;}">
                    <Coords points="1979,2807 1979,2867 2084,2867 2084,2807"/>
                    <TextEquiv>
                        <Unicode>feiner</Unicode>
                    </TextEquiv>
                </Word>
                <TextEquiv>
                    <Unicode>entfaltet sich eine Kunst der Halbtöne, der feiner</Unicode>
                </TextEquiv>
            </TextLine>
            <TextLine id="tr_2_tl_45" custom="readingOrder {index:44;}">
                <Coords points="2115,2855 3067,2869 3067,2822 2992,2815 2115,2804"/>
                <Baseline points="2134,2841 2181,2841 2228,2841 2275,2841 2322,2842 2369,2844 2416,2844 2464,2845 2511,2847 2558,2847 2605,2849 2652,2850 2699,2850 2746,2852 2794,2853 2841,2853 2888,2856 2935,2856 2982,2859 3029,2859 3077,2856"/>
                <Word id="tr_2_tl_45_w1" custom="readingOrder {index:0;}">
                    <Coords points="2121,2801 2121,2861 2209,2861 2209,2801"/>
                    <TextEquiv>
                        <Unicode>seitig</Unicode>
                    </TextEquiv>
                </Word>
                <Word id="tr_2_tl_45_w2" custom="readingOrder {index:1;}">
                    <Coords points="2237,2801 2237,2861 2269,2861 2269,2801"/>
                    <TextEquiv>
                        <Unicode>an</Unicode>
                    </TextEquiv>
                </Word>
                <Word id="tr_2_tl_45_w3" custom="readingOrder {index:2;}">
                    <Coords points="2303,2802 2303,2862 2352,2862 2352,2802"/>
                    <TextEquiv>
                        <Unicode>der</Unicode>
                    </TextEquiv>
                </Word>
                <Word id="tr_2_tl_45_w4" custom="readingOrder {index:3;}">
                    <Coords points="2375,2805 2375,2865 2562,2865 2562,2805"/>
                    <TextEquiv>
                        <Unicode>Freudschen</Unicode>
                    </TextEquiv>
                </Word>
                <Word id="tr_2_tl_45_w5" custom="readingOrder {index:4;}">
                    <Coords points="2596,2810 2596,2870 2749,2870 2749,2810"/>
                    <TextEquiv>
                        <Unicode>Methode</Unicode>
                    </TextEquiv>
                </Word>
                <Word id="tr_2_tl_45_w6" custom="readingOrder {index:5;}">
                    <Coords points="2778,2813 2778,2873 2904,2873 2904,2813"/>
                    <TextEquiv>
                        <Unicode>messen,</Unicode>
                    </TextEquiv>
                </Word>
                <Word id="tr_2_tl_45_w7" custom="readingOrder {index:6;}">
                    <Coords points="2922,2819 2922,2879 3053,2879 3053,2819"/>
                    <TextEquiv>
                        <Unicode>sondern</Unicode>
                    </TextEquiv>
                </Word>
                <TextEquiv>
                    <Unicode>seitig an der Freudschen Methode messen, sondern</Unicode>
                </TextEquiv>
            </TextLine>
            <TextLine id="tr_2_tl_46" custom="readingOrder {index:45;}">
                <Coords points="159,2869 1111,2883 1111,2833 1068,2826 693,2840 159,2797"/>
                <Baseline points="179,2862 226,2862 273,2865 320,2865 367,2865 414,2866 461,2868 508,2868 555,2868 602,2868 649,2870 696,2869 743,2870 790,2871 837,2871 884,2871 931,2871 978,2874 1025,2877 1072,2874 1119,2874"/>
                <Word id="tr_2_tl_46_w1" custom="readingOrder {index:0;}">
                    <Coords points="170,2822 170,2882 267,2882 267,2822"/>
                    <TextEquiv>
                        <Unicode>heißt</Unicode>
                    </TextEquiv>
                </Word>
                <Word id="tr_2_tl_46_w2" custom="readingOrder {index:1;}">
                    <Coords points="275,2825 275,2885 310,2885 310,2825"/>
                    <TextEquiv>
                        <Unicode>es</Unicode>
                    </TextEquiv>
                </Word>
                <Word id="tr_2_tl_46_w3" custom="readingOrder {index:2;}">
                    <Coords points="332,2825 332,2885 359,2885 359,2825"/>
                    <TextEquiv>
                        <Unicode>in</Unicode>
                    </TextEquiv>
                </Word>
                <Word id="tr_2_tl_46_w4" custom="readingOrder {index:3;}">
                    <Coords points="381,2826 381,2886 479,2886 479,2826"/>
                    <TextEquiv>
                        <Unicode>seinem</Unicode>
                    </TextEquiv>
                </Word>
                <Word id="tr_2_tl_46_w5" custom="readingOrder {index:4;}">
                    <Coords points="515,2828 515,2888 725,2888 725,2828"/>
                    <TextEquiv>
                        <Unicode>tieffinnigen</Unicode>
                    </TextEquiv>
                </Word>
                <Word id="tr_2_tl_46_w6" custom="readingOrder {index:5;}">
                    <Coords points="754,2831 754,2891 1014,2891 1014,2831"/>
                    <TextEquiv>
                        <Unicode>„Paracelsus".</Unicode>
                    </TextEquiv>
                </Word>
                <Word id="tr_2_tl_46_w7" custom="readingOrder {index:6;}">
                    <Coords points="1029,2834 1029,2894 1112,2894 1112,2834"/>
                    <TextEquiv>
                        <Unicode>„Da¬</Unicode>
                    </TextEquiv>
                </Word>
                <TextEquiv>
                    <Unicode>heißt es in seinem tieffinnigen „Paracelsus". „Da¬</Unicode>
                </TextEquiv>
            </TextLine>
            <TextLine id="tr_2_tl_47" custom="readingOrder {index:46;}">
                <Coords points="1137,2883 2089,2901 2089,2858 1974,2847 1137,2840"/>
                <Baseline points="1155,2874 1202,2874 1249,2877 1296,2877 1343,2877 1390,2877 1437,2877 1484,2878 1531,2881 1578,2882 1625,2882 1672,2883 1719,2883 1766,2885 1813,2886 1860,2886 1907,2888 1954,2889 2001,2889 2048,2889 2095,2889"/>
                <Word id="tr_2_tl_47_w1" custom="readingOrder {index:0;}">
                    <Coords points="1142,2835 1142,2895 1317,2895 1317,2835"/>
                    <TextEquiv>
                        <Unicode>Valeurs;</Unicode>
                    </TextEquiv>
                </Word>
                <Word id="tr_2_tl_47_w2" custom="readingOrder {index:1;}">
                    <Coords points="1343,2837 1343,2897 1413,2897 1413,2837"/>
                    <TextEquiv>
                        <Unicode>eine</Unicode>
                    </TextEquiv>
                </Word>
                <Word id="tr_2_tl_47_w3" custom="readingOrder {index:2;}">
                    <Coords points="1443,2841 1443,2901 1665,2901 1665,2841"/>
                    <TextEquiv>
                        <Unicode>silbergraue,</Unicode>
                    </TextEquiv>
                </Word>
                <Word id="tr_2_tl_47_w4" custom="readingOrder {index:3;}">
                    <Coords points="1685,2843 1685,2903 1740,2903 1740,2843"/>
                    <TextEquiv>
                        <Unicode>von</Unicode>
                    </TextEquiv>
                </Word>
                <Word id="tr_2_tl_47_w5" custom="readingOrder {index:4;}">
                    <Coords points="1776,2846 1776,2906 1921,2906 1921,2846"/>
                    <TextEquiv>
                        <Unicode>schweren</Unicode>
                    </TextEquiv>
                </Word>
                <Word id="tr_2_tl_47_w6" custom="readingOrder {index:5;}">
                    <Coords points="1957,2849 1957,2909 2082,2909 2082,2849"/>
                    <TextEquiv>
                        <Unicode>Farben</Unicode>
                    </TextEquiv>
                </Word>
                <TextEquiv>
                    <Unicode>Valeurs; eine silbergraue, von schweren Farben</Unicode>
                </TextEquiv>
            </TextLine>
            <TextLine id="tr_2_tl_48" custom="readingOrder {index:47;}">
                <Coords points="2111,2891 3067,2930 3064,2869 3024,2862 2111,2851"/>
                <Baseline points="2131,2883 2178,2883 2225,2883 2272,2883 2319,2886 2366,2886 2413,2887 2461,2889 2508,2889 2555,2890 2602,2892 2649,2892 2696,2894 2743,2895 2791,2895 2838,2897 2885,2898 2932,2901 2979,2904 3026,2904 3074,2901"/>
                <Word id="tr_2_tl_48_w1" custom="readingOrder {index:0;}">
                    <Coords points="2116,2843 2116,2903 2190,2903 2190,2843"/>
                    <TextEquiv>
                        <Unicode>muß</Unicode>
                    </TextEquiv>
                </Word>
                <Word id="tr_2_tl_48_w2" custom="readingOrder {index:1;}">
                    <Coords points="2222,2846 2222,2906 2429,2906 2429,2846"/>
                    <TextEquiv>
                        <Unicode>betrachten,</Unicode>
                    </TextEquiv>
                </Word>
                <Word id="tr_2_tl_48_w3" custom="readingOrder {index:2;}">
                    <Coords points="2450,2849 2450,2909 2519,2909 2519,2849"/>
                    <TextEquiv>
                        <Unicode>was</Unicode>
                    </TextEquiv>
                </Word>
                <Word id="tr_2_tl_48_w4" custom="readingOrder {index:3;}">
                    <Coords points="2551,2850 2551,2910 2582,2910 2582,2850"/>
                    <TextEquiv>
                        <Unicode>er</Unicode>
                    </TextEquiv>
                </Word>
                <Word id="tr_2_tl_48_w5" custom="readingOrder {index:4;}">
                    <Coords points="2610,2852 2610,2912 2672,2912 2672,2852"/>
                    <TextEquiv>
                        <Unicode>aus</Unicode>
                    </TextEquiv>
                </Word>
                <Word id="tr_2_tl_48_w6" custom="readingOrder {index:5;}">
                    <Coords points="2705,2855 2705,2915 2800,2915 2800,2855"/>
                    <TextEquiv>
                        <Unicode>diesem</Unicode>
                    </TextEquiv>
                </Word>
                <Word id="tr_2_tl_48_w7" custom="readingOrder {index:6;}">
                    <Coords points="2848,2859 2848,2919 2959,2919 2959,2859"/>
                    <TextEquiv>
                        <Unicode>reichen</Unicode>
                    </TextEquiv>
                </Word>
                <Word id="tr_2_tl_48_w8" custom="readingOrder {index:7;}">
                    <Coords points="2997,2863 2997,2923 3065,2923 3065,2863"/>
                    <TextEquiv>
                        <Unicode>psy¬</Unicode>
                    </TextEquiv>
                </Word>
                <TextEquiv>
                    <Unicode>muß betrachten, was er aus diesem reichen psy¬</Unicode>
                </TextEquiv>
            </TextLine>
            <TextLine id="tr_2_tl_49" custom="readingOrder {index:48;}">
                <Coords points="159,2912 2086,2941 2086,2901 1942,2887 159,2869"/>
                <Baseline points="179,2907 274,2907 370,2908 465,2913 561,2913 657,2910 752,2913 848,2916 944,2916 1039,2916 1135,2917 1231,2919 1326,2919 1422,2922 1518,2922 1613,2925 1709,2928 1805,2931 1900,2931 1996,2931 2092,2934"/>
                <Word id="tr_2_tl_49_w1" custom="readingOrder {index:0;}">
                    <Coords points="164,2867 164,2927 274,2927 274,2867"/>
                    <TextEquiv>
                        <Unicode>Leben</Unicode>
                    </TextEquiv>
                </Word>
                <Word id="tr_2_tl_49_w2" custom="readingOrder {index:1;}">
                    <Coords points="301,2867 301,2927 311,2927 311,2867"/>
                    <TextEquiv>
                        <Unicode>—</Unicode>
                    </TextEquiv>
                </Word>
                <Word id="tr_2_tl_49_w3" custom="readingOrder {index:2;}">
                    <Coords points="359,2868 359,2928 401,2928 401,2868"/>
                    <TextEquiv>
                        <Unicode>ein</Unicode>
                    </TextEquiv>
                </Word>
                <Word id="tr_2_tl_49_w4" custom="readingOrder {index:3;}">
                    <Coords points="428,2873 428,2933 591,2933 591,2873"/>
                    <TextEquiv>
                        <Unicode>Traum“,</Unicode>
                    </TextEquiv>
                </Word>
                <Word id="tr_2_tl_49_w5" custom="readingOrder {index:4;}">
                    <Coords points="607,2870 607,2930 670,2930 670,2870"/>
                    <TextEquiv>
                        <Unicode>dies</Unicode>
                    </TextEquiv>
                </Word>
                <Word id="tr_2_tl_49_w6" custom="readingOrder {index:5;}">
                    <Coords points="692,2876 692,2936 1007,2936 1007,2876"/>
                    <TextEquiv>
                        <Unicode>Grillparzermotiv</Unicode>
                    </TextEquiv>
                </Word>
                <Word id="tr_2_tl_49_w7" custom="readingOrder {index:6;}">
                    <Coords points="1034,2876 1034,2936 1113,2936 1113,2876"/>
                    <TextEquiv>
                        <Unicode>wird</Unicode>
                    </TextEquiv>
                </Word>
                <Word id="tr_2_tl_49_w8" custom="readingOrder {index:7;}">
                    <Coords points="1146,2878 1146,2938 1240,2938 1240,2878"/>
                    <TextEquiv>
                        <Unicode>matt</Unicode>
                    </TextEquiv>
                </Word>
                <Word id="tr_2_tl_49_w9" custom="readingOrder {index:8;}">
                    <Coords points="1262,2880 1262,2940 1509,2940 1509,2880"/>
                    <TextEquiv>
                        <Unicode>durchleuchtete</Unicode>
                    </TextEquiv>
                </Word>
                <Word id="tr_2_tl_49_w10" custom="readingOrder {index:9;}">
                    <Coords points="1541,2887 1541,2947 1831,2947 1831,2887"/>
                    <TextEquiv>
                        <Unicode>Herbststimmung</Unicode>
                    </TextEquiv>
                </Word>
                <Word id="tr_2_tl_49_w11" custom="readingOrder {index:10;}">
                    <Coords points="1863,2891 1863,2951 1899,2951 1899,2891"/>
                    <TextEquiv>
                        <Unicode>ist</Unicode>
                    </TextEquiv>
                </Word>
                <Word id="tr_2_tl_49_w12" custom="readingOrder {index:11;}">
                    <Coords points="1926,2891 1926,2951 2005,2951 2005,2891"/>
                    <TextEquiv>
                        <Unicode>über</Unicode>
                    </TextEquiv>
                </Word>
                <Word id="tr_2_tl_49_w13" custom="readingOrder {index:12;}">
                    <Coords points="2032,2892 2032,2952 2084,2952 2084,2892"/>
                    <TextEquiv>
                        <Unicode>das</Unicode>
                    </TextEquiv>
                </Word>
                <TextEquiv>
                    <Unicode>Leben — ein Traum“, dies Grillparzermotiv wird matt durchleuchtete Herbststimmung ist über das</Unicode>
                </TextEquiv>
            </TextLine>
            <TextLine id="tr_2_tl_50" custom="readingOrder {index:49;}">
                <Coords points="2108,2952 2974,2952 2974,2909 2833,2898 2108,2894"/>
                <Baseline points="2128,2925 2170,2928 2213,2928 2255,2931 2298,2931 2341,2931 2383,2931 2426,2931 2469,2933 2511,2934 2554,2936 2597,2937 2639,2938 2682,2941 2725,2943 2767,2943 2810,2942 2853,2941 2895,2943 2938,2943 2981,2946"/>
                <Word id="tr_2_tl_50_w1" custom="readingOrder {index:0;}">
                    <Coords points="2115,2888 2115,2948 2321,2948 2321,2888"/>
                    <TextEquiv>
                        <Unicode>chologischen</Unicode>
                    </TextEquiv>
                </Word>
                <Word id="tr_2_tl_50_w2" custom="readingOrder {index:1;}">
                    <Coords points="2351,2891 2351,2951 2528,2951 2528,2891"/>
                    <TextEquiv>
                        <Unicode>Material</Unicode>
                    </TextEquiv>
                </Word>
                <Word id="tr_2_tl_50_w3" custom="readingOrder {index:2;}">
                    <Coords points="2546,2897 2546,2957 2699,2957 2699,2897"/>
                    <TextEquiv>
                        <Unicode>lebendig</Unicode>
                    </TextEquiv>
                </Word>
                <Word id="tr_2_tl_50_w4" custom="readingOrder {index:3;}">
                    <Coords points="2723,2902 2723,2962 2876,2962 2876,2902"/>
                    <TextEquiv>
                        <Unicode>gestaltet</Unicode>
                    </TextEquiv>
                </Word>
                <Word id="tr_2_tl_50_w5" custom="readingOrder {index:4;}">
                    <Coords points="2900,2903 2900,2963 2970,2963 2970,2903"/>
                    <TextEquiv>
                        <Unicode>hat.</Unicode>
                    </TextEquiv>
                </Word>
                <TextEquiv>
                    <Unicode>chologischen Material lebendig gestaltet hat.</Unicode>
                </TextEquiv>
            </TextLine>
            <TextLine id="tr_2_tl_51" custom="readingOrder {index:50;}">
                <Coords points="170,2956 2082,2992 2079,2941 2017,2938 170,2916"/>
                <Baseline points="188,2949 282,2952 377,2953 472,2955 567,2955 662,2955 757,2957 852,2958 947,2961 1042,2961 1137,2958 1231,2963 1326,2964 1421,2964 1516,2967 1611,2969 1706,2972 1801,2972 1896,2974 1991,2977 2086,2978"/>
                <Word id="tr_2_tl_51_w1" custom="readingOrder {index:0;}">
                    <Coords points="175,2909 175,2969 233,2969 233,2909"/>
                    <TextEquiv>
                        <Unicode>von</Unicode>
                    </TextEquiv>
                </Word>
                <Word id="tr_2_tl_51_w2" custom="readingOrder {index:1;}">
                    <Coords points="265,2912 265,2972 443,2972 443,2912"/>
                    <TextEquiv>
                        <Unicode>Schnitzler</Unicode>
                    </TextEquiv>
                </Word>
                <Word id="tr_2_tl_51_w3" custom="readingOrder {index:2;}">
                    <Coords points="475,2915 475,2975 501,2975 501,2915"/>
                    <TextEquiv>
                        <Unicode>in</Unicode>
                    </TextEquiv>
                </Word>
                <Word id="tr_2_tl_51_w4" custom="readingOrder {index:3;}">
                    <Coords points="538,2915 538,2975 711,2975 711,2915"/>
                    <TextEquiv>
                        <Unicode>vielfachen</Unicode>
                    </TextEquiv>
                </Word>
                <Word id="tr_2_tl_51_w5" custom="readingOrder {index:4;}">
                    <Coords points="759,2918 759,2978 996,2978 996,2918"/>
                    <TextEquiv>
                        <Unicode>Wandlungen</Unicode>
                    </TextEquiv>
                </Word>
                <Word id="tr_2_tl_51_w6" custom="readingOrder {index:5;}">
                    <Coords points="1049,2919 1049,2979 1111,2979 1111,2919"/>
                    <TextEquiv>
                        <Unicode>und</Unicode>
                    </TextEquiv>
                </Word>
                <Word id="tr_2_tl_51_w7" custom="readingOrder {index:6;}">
                    <Coords points="1149,2921 1149,2981 1259,2981 1259,2921"/>
                    <TextEquiv>
                        <Unicode>Ganze</Unicode>
                    </TextEquiv>
                </Word>
                <Word id="tr_2_tl_51_w8" custom="readingOrder {index:7;}">
                    <Coords points="1286,2924 1286,2984 1464,2984 1464,2924"/>
                    <TextEquiv>
                        <Unicode>gebreitet,</Unicode>
                    </TextEquiv>
                </Word>
                <Word id="tr_2_tl_51_w9" custom="readingOrder {index:8;}">
                    <Coords points="1486,2927 1486,2987 1548,2987 1548,2927"/>
                    <TextEquiv>
                        <Unicode>und</Unicode>
                    </TextEquiv>
                </Word>
                <Word id="tr_2_tl_51_w10" custom="readingOrder {index:9;}">
                    <Coords points="1575,2928 1575,2988 1627,2988 1627,2928"/>
                    <TextEquiv>
                        <Unicode>die</Unicode>
                    </TextEquiv>
                </Word>
                <Word id="tr_2_tl_51_w11" custom="readingOrder {index:10;}">
                    <Coords points="1654,2932 1654,2992 1774,2992 1774,2932"/>
                    <TextEquiv>
                        <Unicode>Tragik</Unicode>
                    </TextEquiv>
                </Word>
                <Word id="tr_2_tl_51_w12" custom="readingOrder {index:11;}">
                    <Coords points="1801,2932 1801,2992 1853,2992 1853,2932"/>
                    <TextEquiv>
                        <Unicode>des</Unicode>
                    </TextEquiv>
                </Word>
                <Word id="tr_2_tl_51_w13" custom="readingOrder {index:12;}">
                    <Coords points="1886,2935 1886,2995 2017,2995 2017,2935"/>
                    <TextEquiv>
                        <Unicode>Alters,</Unicode>
                    </TextEquiv>
                </Word>
                <Word id="tr_2_tl_51_w14" custom="readingOrder {index:13;}">
                    <Coords points="2038,2937 2038,2997 2085,2997 2085,2937"/>
                    <TextEquiv>
                        <Unicode>die</Unicode>
                    </TextEquiv>
                </Word>
                <TextEquiv>
                    <Unicode>von Schnitzler in vielfachen Wandlungen und Ganze gebreitet, und die Tragik des Alters, die</Unicode>
                </TextEquiv>
            </TextLine>
            <TextLine id="tr_2_tl_52" custom="readingOrder {index:51;}">
                <Coords points="2151,2988 3060,3006 3060,2952 3002,2941 2919,2966 2151,2938"/>
                <Baseline points="2170,2978 2215,2981 2260,2981 2305,2981 2350,2981 2395,2984 2440,2984 2485,2984 2530,2987 2575,2987 2620,2987 2665,2990 2710,2990 2755,2993 2800,2993 2845,2996 2890,2996 2935,2999 2980,2999 3025,2999 3071,2999"/>
                <Word id="tr_2_tl_52_w1" custom="readingOrder {index:0;}">
                    <Coords points="2158,2939 2158,2999 2238,2999 2238,2939"/>
                    <TextEquiv>
                        <Unicode>Man</Unicode>
                    </TextEquiv>
                </Word>
                <Word id="tr_2_tl_52_w2" custom="readingOrder {index:1;}">
                    <Coords points="2274,2941 2274,3001 2331,3001 2331,2941"/>
                    <TextEquiv>
                        <Unicode>hat</Unicode>
                    </TextEquiv>
                </Word>
                <Word id="tr_2_tl_52_w3" custom="readingOrder {index:2;}">
                    <Coords points="2349,2944 2349,3004 2522,3004 2522,2944"/>
                    <TextEquiv>
                        <Unicode>Schnitzler</Unicode>
                    </TextEquiv>
                </Word>
                <Word id="tr_2_tl_52_w4" custom="readingOrder {index:3;}">
                    <Coords points="2552,2947 2552,3007 2598,3007 2598,2947"/>
                    <TextEquiv>
                        <Unicode>oft</Unicode>
                    </TextEquiv>
                </Word>
                <Word id="tr_2_tl_52_w5" custom="readingOrder {index:4;}">
                    <Coords points="2622,2952 2622,3012 2871,3012 2871,2952"/>
                    <TextEquiv>
                        <Unicode>vorgeworfen,</Unicode>
                    </TextEquiv>
                </Word>
                <Word id="tr_2_tl_52_w6" custom="readingOrder {index:5;}">
                    <Coords points="2889,2957 2889,3017 2941,3017 2941,2957"/>
                    <TextEquiv>
                        <Unicode>daß</Unicode>
                    </TextEquiv>
                </Word>
                <Word id="tr_2_tl_52_w7" custom="readingOrder {index:6;}">
                    <Coords points="2970,2959 2970,3019 3051,3019 3051,2959"/>
                    <TextEquiv>
                        <Unicode>seine</Unicode>
                    </TextEquiv>
                </Word>
                <TextEquiv>
                    <Unicode>Man hat Schnitzler oft vorgeworfen, daß seine</Unicode>
                </TextEquiv>
            </TextLine>
            <TextLine id="tr_2_tl_53" custom="readingOrder {index:52;}">
                <Coords points="170,2999 1108,3013 1104,2970 1043,2959 949,2981 166,2956"/>
                <Baseline points="188,2990 234,2993 280,2996 327,2996 373,2999 420,2996 466,2997 512,2999 559,2999 605,2999 652,2999 698,3000 744,3001 791,3000 837,3002 884,3002 930,3004 976,3005 1023,3005 1069,3005 1116,3002"/>
                <Word id="tr_2_tl_53_w1" custom="readingOrder {index:0;}">
                    <Coords points="171,2956 171,3016 420,3016 420,2956"/>
                    <TextEquiv>
                        <Unicode>Spiegelungen</Unicode>
                    </TextEquiv>
                </Word>
                <Word id="tr_2_tl_53_w2" custom="readingOrder {index:1;}">
                    <Coords points="453,2959 453,3019 729,3019 729,2959"/>
                    <TextEquiv>
                        <Unicode>aufgenommen,</Unicode>
                    </TextEquiv>
                </Word>
                <Word id="tr_2_tl_53_w3" custom="readingOrder {index:2;}">
                    <Coords points="745,2960 745,3020 856,3020 856,2960"/>
                    <TextEquiv>
                        <Unicode>ebenso</Unicode>
                    </TextEquiv>
                </Word>
                <Word id="tr_2_tl_53_w4" custom="readingOrder {index:3;}">
                    <Coords points="883,2963 883,3023 941,3023 941,2963"/>
                    <TextEquiv>
                        <Unicode>wie</Unicode>
                    </TextEquiv>
                </Word>
                <Word id="tr_2_tl_53_w5" custom="readingOrder {index:4;}">
                    <Coords points="968,2965 968,3025 1016,3025 1016,2965"/>
                    <TextEquiv>
                        <Unicode>die</Unicode>
                    </TextEquiv>
                </Word>
                <Word id="tr_2_tl_53_w6" custom="readingOrder {index:5;}">
                    <Coords points="1037,2964 1037,3024 1106,3024 1106,2964"/>
                    <TextEquiv>
                        <Unicode>Ver</Unicode>
                    </TextEquiv>
                </Word>
                <TextEquiv>
                    <Unicode>Spiegelungen aufgenommen, ebenso wie die Ver</Unicode>
                </TextEquiv>
            </TextLine>
            <TextLine id="tr_2_tl_54" custom="readingOrder {index:53;}">
                <Coords points="1133,3013 2089,3028 2089,2988 2035,2984 1133,2966"/>
                <Baseline points="1152,3002 1199,3005 1246,3005 1293,3008 1341,3008 1388,3008 1435,3009 1483,3011 1530,3011 1577,3011 1625,3013 1672,3014 1719,3014 1766,3016 1814,3017 1861,3017 1908,3017 1956,3017 2003,3020 2050,3020 2098,3023"/>
                <Word id="tr_2_tl_54_w1" custom="readingOrder {index:0;}">
                    <Coords points="1138,2963 1138,3023 1217,3023 1217,2963"/>
                    <TextEquiv>
                        <Unicode>hier</Unicode>
                    </TextEquiv>
                </Word>
                <Word id="tr_2_tl_54_w2" custom="readingOrder {index:1;}">
                    <Coords points="1239,2968 1239,3028 1467,3028 1467,2968"/>
                    <TextEquiv>
                        <Unicode>angeschlagen</Unicode>
                    </TextEquiv>
                </Word>
                <Word id="tr_2_tl_54_w3" custom="readingOrder {index:2;}">
                    <Coords points="1499,2971 1499,3031 1577,3031 1577,2971"/>
                    <TextEquiv>
                        <Unicode>wird</Unicode>
                    </TextEquiv>
                </Word>
                <Word id="tr_2_tl_54_w4" custom="readingOrder {index:3;}">
                    <Coords points="1611,2973 1611,3033 1668,3033 1668,2973"/>
                    <TextEquiv>
                        <Unicode>und</Unicode>
                    </TextEquiv>
                </Word>
                <Word id="tr_2_tl_54_w5" custom="readingOrder {index:4;}">
                    <Coords points="1700,2974 1700,3034 1747,3034 1747,2974"/>
                    <TextEquiv>
                        <Unicode>bei</Unicode>
                    </TextEquiv>
                </Word>
                <Word id="tr_2_tl_54_w6" custom="readingOrder {index:5;}">
                    <Coords points="1775,2977 1775,3037 1949,3037 1949,2977"/>
                    <TextEquiv>
                        <Unicode>Schnitzler</Unicode>
                    </TextEquiv>
                </Word>
                <Word id="tr_2_tl_54_w7" custom="readingOrder {index:6;}">
                    <Coords points="1971,2980 1971,3040 2087,3040 2087,2980"/>
                    <TextEquiv>
                        <Unicode>immer</Unicode>
                    </TextEquiv>
                </Word>
                <TextEquiv>
                    <Unicode>hier angeschlagen wird und bei Schnitzler immer</Unicode>
                </TextEquiv>
            </TextLine>
            <TextLine id="tr_2_tl_55" custom="readingOrder {index:54;}">
                <Coords points="2115,3031 3057,3053 3057,3006 2227,2999 2115,2966"/>
                <Baseline points="2134,3020 2180,3023 2227,3023 2273,3026 2320,3029 2366,3026 2413,3027 2459,3029 2506,3030 2552,3032 2599,3032 2646,3032 2692,3033 2739,3037 2785,3038 2832,3040 2878,3041 2925,3041 2971,3041 3018,3041 3065,3041"/>
                <Word id="tr_2_tl_55_w1" custom="readingOrder {index:0;}">
                    <Coords points="2121,2982 2121,3042 2211,3042 2211,2982"/>
                    <TextEquiv>
                        <Unicode>Welt</Unicode>
                    </TextEquiv>
                </Word>
                <Word id="tr_2_tl_55_w2" custom="readingOrder {index:1;}">
                    <Coords points="2229,2985 2229,3045 2290,3045 2290,2985"/>
                    <TextEquiv>
                        <Unicode>und</Unicode>
                    </TextEquiv>
                </Word>
                <Word id="tr_2_tl_55_w3" custom="readingOrder {index:2;}">
                    <Coords points="2313,2986 2313,3046 2398,3046 2398,2986"/>
                    <TextEquiv>
                        <Unicode>seine</Unicode>
                    </TextEquiv>
                </Word>
                <Word id="tr_2_tl_55_w4" custom="readingOrder {index:3;}">
                    <Coords points="2421,2989 2421,3049 2533,3049 2533,2989"/>
                    <TextEquiv>
                        <Unicode>Stoffe</Unicode>
                    </TextEquiv>
                </Word>
                <Word id="tr_2_tl_55_w5" custom="readingOrder {index:4;}">
                    <Coords points="2551,2992 2551,3052 2578,3052 2578,2992"/>
                    <TextEquiv>
                        <Unicode>zu</Unicode>
                    </TextEquiv>
                </Word>
                <Word id="tr_2_tl_55_w6" custom="readingOrder {index:5;}">
                    <Coords points="2608,2992 2608,3052 2664,3052 2664,2992"/>
                    <TextEquiv>
                        <Unicode>eng</Unicode>
                    </TextEquiv>
                </Word>
                <Word id="tr_2_tl_55_w7" custom="readingOrder {index:6;}">
                    <Coords points="2693,2997 2693,3057 2845,3057 2845,2997"/>
                    <TextEquiv>
                        <Unicode>begrenzt</Unicode>
                    </TextEquiv>
                </Word>
                <Word id="tr_2_tl_55_w8" custom="readingOrder {index:7;}">
                    <Coords points="2863,3001 2863,3061 2964,3061 2964,3001"/>
                    <TextEquiv>
                        <Unicode>seien.</Unicode>
                    </TextEquiv>
                </Word>
                <Word id="tr_2_tl_55_w9" custom="readingOrder {index:8;}">
                    <Coords points="2976,3001 2976,3061 3059,3061 3059,3001"/>
                    <TextEquiv>
                        <Unicode>Tat¬</Unicode>
                    </TextEquiv>
                </Word>
                <TextEquiv>
                    <Unicode>Welt und seine Stoffe zu eng begrenzt seien. Tat¬</Unicode>
                </TextEquiv>
            </TextLine>
            <TextLine id="tr_2_tl_56" custom="readingOrder {index:55;}">
                <Coords points="170,3049 2093,3075 2089,3028 1960,3021 170,2999"/>
                <Baseline points="188,3038 283,3038 379,3041 474,3041 570,3042 665,3044 761,3044 856,3047 952,3047 1047,3047 1143,3047 1238,3050 1334,3050 1429,3053 1525,3054 1620,3056 1716,3058 1811,3062 1907,3065 2002,3065 2098,3065"/>
                <Word id="tr_2_tl_56_w1" custom="readingOrder {index:0;}">
                    <Coords points="170,2998 170,3058 364,3058 364,2998"/>
                    <TextEquiv>
                        <Unicode>schmelzung</Unicode>
                    </TextEquiv>
                </Word>
                <Word id="tr_2_tl_56_w2" custom="readingOrder {index:1;}">
                    <Coords points="396,3001 396,3061 454,3061 454,3001"/>
                    <TextEquiv>
                        <Unicode>von</Unicode>
                    </TextEquiv>
                </Word>
                <Word id="tr_2_tl_56_w3" custom="readingOrder {index:2;}">
                    <Coords points="486,3001 486,3061 585,3061 585,3001"/>
                    <TextEquiv>
                        <Unicode>Liebe</Unicode>
                    </TextEquiv>
                </Word>
                <Word id="tr_2_tl_56_w4" custom="readingOrder {index:3;}">
                    <Coords points="617,3003 617,3063 675,3063 675,3003"/>
                    <TextEquiv>
                        <Unicode>und</Unicode>
                    </TextEquiv>
                </Word>
                <Word id="tr_2_tl_56_w5" custom="readingOrder {index:4;}">
                    <Coords points="707,3004 707,3064 775,3064 775,3004"/>
                    <TextEquiv>
                        <Unicode>Tod</Unicode>
                    </TextEquiv>
                </Word>
                <Word id="tr_2_tl_56_w6" custom="readingOrder {index:5;}">
                    <Coords points="807,3006 807,3066 869,3066 869,3006"/>
                    <TextEquiv>
                        <Unicode>aus</Unicode>
                    </TextEquiv>
                </Word>
                <Word id="tr_2_tl_56_w7" custom="readingOrder {index:6;}">
                    <Coords points="902,3007 902,3067 985,3067 985,3007"/>
                    <TextEquiv>
                        <Unicode>„Des</Unicode>
                    </TextEquiv>
                </Word>
                <Word id="tr_2_tl_56_w8" custom="readingOrder {index:7;}">
                    <Coords points="1023,3007 1023,3067 1117,3067 1117,3007"/>
                    <TextEquiv>
                        <Unicode>Mee=</Unicode>
                    </TextEquiv>
                </Word>
                <Word id="tr_2_tl_56_w9" custom="readingOrder {index:8;}">
                    <Coords points="1144,3010 1144,3070 1375,3070 1375,3010"/>
                    <TextEquiv>
                        <Unicode>wiederkehrt,</Unicode>
                    </TextEquiv>
                </Word>
                <Word id="tr_2_tl_56_w10" custom="readingOrder {index:9;}">
                    <Coords points="1396,3012 1396,3072 1433,3072 1433,3012"/>
                    <TextEquiv>
                        <Unicode>ist</Unicode>
                    </TextEquiv>
                </Word>
                <Word id="tr_2_tl_56_w11" custom="readingOrder {index:10;}">
                    <Coords points="1449,3013 1449,3073 1501,3073 1501,3013"/>
                    <TextEquiv>
                        <Unicode>die</Unicode>
                    </TextEquiv>
                </Word>
                <Word id="tr_2_tl_56_w12" custom="readingOrder {index:11;}">
                    <Coords points="1523,3015 1523,3075 1706,3075 1706,3015"/>
                    <TextEquiv>
                        <Unicode>eigentliche</Unicode>
                    </TextEquiv>
                </Word>
                <Word id="tr_2_tl_56_w13" custom="readingOrder {index:12;}">
                    <Coords points="1733,3021 1733,3081 1854,3081 1854,3021"/>
                    <TextEquiv>
                        <Unicode>Tragik</Unicode>
                    </TextEquiv>
                </Word>
                <Word id="tr_2_tl_56_w14" custom="readingOrder {index:13;}">
                    <Coords points="1875,3024 1875,3084 1927,3084 1927,3024"/>
                    <TextEquiv>
                        <Unicode>des</Unicode>
                    </TextEquiv>
                </Word>
                <Word id="tr_2_tl_56_w15" custom="readingOrder {index:14;}">
                    <Coords points="1954,3025 1954,3085 2085,3085 2085,3025"/>
                    <TextEquiv>
                        <Unicode>impres¬</Unicode>
                    </TextEquiv>
                </Word>
                <TextEquiv>
                    <Unicode>schmelzung von Liebe und Tod aus „Des Mee= wiederkehrt, ist die eigentliche Tragik des impres¬</Unicode>
                </TextEquiv>
            </TextLine>
            <TextLine id="tr_2_tl_57" custom="readingOrder {index:56;}">
                <Coords points="2115,3082 3060,3096 3060,3053 2115,3031"/>
                <Baseline points="2134,3068 2180,3068 2227,3068 2274,3068 2321,3069 2368,3071 2415,3071 2461,3073 2508,3077 2555,3077 2602,3077 2649,3077 2696,3077 2743,3079 2789,3080 2836,3082 2883,3085 2930,3088 2977,3086 3024,3086 3071,3086"/>
                <Word id="tr_2_tl_57_w1" custom="readingOrder {index:0;}">
                    <Coords points="2115,3028 2115,3088 2234,3088 2234,3028"/>
                    <TextEquiv>
                        <Unicode>sächlich</Unicode>
                    </TextEquiv>
                </Word>
                <Word id="tr_2_tl_57_w2" custom="readingOrder {index:1;}">
                    <Coords points="2261,3028 2261,3088 2320,3088 2320,3028"/>
                    <TextEquiv>
                        <Unicode>sind</Unicode>
                    </TextEquiv>
                </Word>
                <Word id="tr_2_tl_57_w3" custom="readingOrder {index:2;}">
                    <Coords points="2348,3030 2348,3090 2380,3090 2380,3030"/>
                    <TextEquiv>
                        <Unicode>es</Unicode>
                    </TextEquiv>
                </Word>
                <Word id="tr_2_tl_57_w4" custom="readingOrder {index:3;}">
                    <Coords points="2408,3031 2408,3091 2467,3091 2467,3031"/>
                    <TextEquiv>
                        <Unicode>nur</Unicode>
                    </TextEquiv>
                </Word>
                <Word id="tr_2_tl_57_w5" custom="readingOrder {index:4;}">
                    <Coords points="2489,3037 2489,3097 2569,3097 2569,3037"/>
                    <TextEquiv>
                        <Unicode>ganz</Unicode>
                    </TextEquiv>
                </Word>
                <Word id="tr_2_tl_57_w6" custom="readingOrder {index:5;}">
                    <Coords points="2598,3037 2598,3097 2721,3097 2721,3037"/>
                    <TextEquiv>
                        <Unicode>wenige</Unicode>
                    </TextEquiv>
                </Word>
                <Word id="tr_2_tl_57_w7" custom="readingOrder {index:6;}">
                    <Coords points="2744,3041 2744,3101 2895,3101 2895,3041"/>
                    <TextEquiv>
                        <Unicode>Motive,</Unicode>
                    </TextEquiv>
                </Word>
                <Word id="tr_2_tl_57_w8" custom="readingOrder {index:7;}">
                    <Coords points="2912,3046 2912,3106 3047,3106 3047,3046"/>
                    <TextEquiv>
                        <Unicode>Figuren</Unicode>
                    </TextEquiv>
                </Word>
                <TextEquiv>
                    <Unicode>sächlich sind es nur ganz wenige Motive, Figuren</Unicode>
                </TextEquiv>
            </TextLine>
            <TextLine id="tr_2_tl_58" custom="readingOrder {index:57;}">
                <Coords points="162,3089 1115,3104 1115,3060 1018,3049 162,3049"/>
                <Baseline points="182,3080 228,3080 275,3080 322,3083 369,3083 416,3084 463,3086 509,3086 556,3086 603,3086 650,3086 697,3088 744,3091 791,3090 837,3091 884,3092 931,3090 978,3091 1025,3092 1072,3092 1119,3092"/>
                <Word id="tr_2_tl_58_w1" custom="readingOrder {index:0;}">
                    <Coords points="167,3040 167,3100 225,3100 225,3040"/>
                    <TextEquiv>
                        <Unicode>res</Unicode>
                    </TextEquiv>
                </Word>
                <Word id="tr_2_tl_58_w2" custom="readingOrder {index:1;}">
                    <Coords points="257,3040 257,3100 320,3100 320,3040"/>
                    <TextEquiv>
                        <Unicode>und</Unicode>
                    </TextEquiv>
                </Word>
                <Word id="tr_2_tl_58_w3" custom="readingOrder {index:2;}">
                    <Coords points="352,3043 352,3103 404,3103 404,3043"/>
                    <TextEquiv>
                        <Unicode>der</Unicode>
                    </TextEquiv>
                </Word>
                <Word id="tr_2_tl_58_w4" custom="readingOrder {index:3;}">
                    <Coords points="436,3046 436,3106 531,3106 531,3046"/>
                    <TextEquiv>
                        <Unicode>Liebe</Unicode>
                    </TextEquiv>
                </Word>
                <Word id="tr_2_tl_58_w5" custom="readingOrder {index:4;}">
                    <Coords points="564,3046 564,3106 732,3106 732,3046"/>
                    <TextEquiv>
                        <Unicode>Wellen“.</Unicode>
                    </TextEquiv>
                </Word>
                <Word id="tr_2_tl_58_w6" custom="readingOrder {index:5;}">
                    <Coords points="764,3050 764,3110 875,3110 875,3050"/>
                    <TextEquiv>
                        <Unicode>Kunst</Unicode>
                    </TextEquiv>
                </Word>
                <Word id="tr_2_tl_58_w7" custom="readingOrder {index:6;}">
                    <Coords points="907,3050 907,3110 970,3110 970,3050"/>
                    <TextEquiv>
                        <Unicode>und</Unicode>
                    </TextEquiv>
                </Word>
                <Word id="tr_2_tl_58_w8" custom="readingOrder {index:7;}">
                    <Coords points="1002,3052 1002,3112 1113,3112 1113,3052"/>
                    <TextEquiv>
                        <Unicode>Natur</Unicode>
                    </TextEquiv>
                </Word>
                <TextEquiv>
                    <Unicode>res und der Liebe Wellen“. Kunst und Natur</Unicode>
                </TextEquiv>
            </TextLine>
            <TextLine id="tr_2_tl_59" custom="readingOrder {index:58;}">
                <Coords points="1137,3100 3053,3140 3017,3089 1137,3057"/>
                <Baseline points="1158,3092 1253,3095 1348,3095 1443,3096 1538,3099 1634,3100 1729,3101 1824,3104 1919,3107 2014,3110 2110,3110 2205,3110 2300,3113 2395,3116 2490,3116 2586,3119 2681,3122 2776,3125 2871,3128 2966,3128 3062,3128"/>
                <Word id="tr_2_tl_59_w1" custom="readingOrder {index:0;}">
                    <Coords points="1137,3054 1137,3114 1347,3114 1347,3054"/>
                    <TextEquiv>
                        <Unicode>sionistischen</Unicode>
                    </TextEquiv>
                </Word>
                <Word id="tr_2_tl_59_w2" custom="readingOrder {index:1;}">
                    <Coords points="1374,3056 1374,3116 1562,3116 1562,3056"/>
                    <TextEquiv>
                        <Unicode>Menschen,</Unicode>
                    </TextEquiv>
                </Word>
                <Word id="tr_2_tl_59_w3" custom="readingOrder {index:2;}">
                    <Coords points="1579,3059 1579,3119 1632,3119 1632,3059"/>
                    <TextEquiv>
                        <Unicode>der</Unicode>
                    </TextEquiv>
                </Word>
                <Word id="tr_2_tl_59_w4" custom="readingOrder {index:3;}">
                    <Coords points="1654,3060 1654,3120 1724,3120 1724,3060"/>
                    <TextEquiv>
                        <Unicode>stets</Unicode>
                    </TextEquiv>
                </Word>
                <Word id="tr_2_tl_59_w5" custom="readingOrder {index:4;}">
                    <Coords points="1751,3062 1751,3122 1800,3122 1800,3062"/>
                    <TextEquiv>
                        <Unicode>die</Unicode>
                    </TextEquiv>
                </Word>
                <Word id="tr_2_tl_59_w6" custom="readingOrder {index:5;}">
                    <Coords points="1822,3065 1822,3125 1951,3125 1951,3065"/>
                    <TextEquiv>
                        <Unicode>Stunde</Unicode>
                    </TextEquiv>
                </Word>
                <Word id="tr_2_tl_59_w7" custom="readingOrder {index:6;}">
                    <Coords points="1973,3070 1973,3130 2085,3130 2085,3070"/>
                    <TextEquiv>
                        <Unicode>genos=</Unicode>
                    </TextEquiv>
                </Word>
                <Word id="tr_2_tl_59_w8" custom="readingOrder {index:7;}">
                    <Coords points="2118,3070 2118,3130 2182,3130 2182,3070"/>
                    <TextEquiv>
                        <Unicode>und</Unicode>
                    </TextEquiv>
                </Word>
                <Word id="tr_2_tl_59_w9" custom="readingOrder {index:8;}">
                    <Coords points="2210,3073 2210,3133 2452,3133 2452,3073"/>
                    <TextEquiv>
                        <Unicode>Situationen,</Unicode>
                    </TextEquiv>
                </Word>
                <Word id="tr_2_tl_59_w10" custom="readingOrder {index:9;}">
                    <Coords points="2475,3076 2475,3136 2522,3136 2522,3076"/>
                    <TextEquiv>
                        <Unicode>die</Unicode>
                    </TextEquiv>
                </Word>
                <Word id="tr_2_tl_59_w11" custom="readingOrder {index:10;}">
                    <Coords points="2550,3078 2550,3138 2598,3138 2598,3078"/>
                    <TextEquiv>
                        <Unicode>sich</Unicode>
                    </TextEquiv>
                </Word>
                <Word id="tr_2_tl_59_w12" custom="readingOrder {index:11;}">
                    <Coords points="2625,3081 2625,3141 2679,3141 2679,3081"/>
                    <TextEquiv>
                        <Unicode>bei</Unicode>
                    </TextEquiv>
                </Word>
                <Word id="tr_2_tl_59_w13" custom="readingOrder {index:12;}">
                    <Coords points="2701,3083 2701,3143 2749,3143 2749,3083"/>
                    <TextEquiv>
                        <Unicode>ihm</Unicode>
                    </TextEquiv>
                </Word>
                <Word id="tr_2_tl_59_w14" custom="readingOrder {index:13;}">
                    <Coords points="2792,3085 2792,3145 2819,3145 2819,3085"/>
                    <TextEquiv>
                        <Unicode>in</Unicode>
                    </TextEquiv>
                </Word>
                <Word id="tr_2_tl_59_w15" custom="readingOrder {index:14;}">
                    <Coords points="2852,3088 2852,3148 2953,3148 2953,3088"/>
                    <TextEquiv>
                        <Unicode>feinen</Unicode>
                    </TextEquiv>
                </Word>
                <Word id="tr_2_tl_59_w16" custom="readingOrder {index:15;}">
                    <Coords points="2986,3088 2986,3148 3056,3148 3056,3088"/>
                    <TextEquiv>
                        <Unicode>Va¬</Unicode>
                    </TextEquiv>
                </Word>
                <TextEquiv>
                    <Unicode>sionistischen Menschen, der stets die Stunde genos= und Situationen, die sich bei ihm in feinen Va¬</Unicode>
                </TextEquiv>
            </TextLine>
            <TextLine id="tr_2_tl_60" custom="readingOrder {index:59;}">
                <Coords points="170,3125 1111,3143 1111,3100 1072,3096 170,3093"/>
                <Baseline points="188,3125 234,3125 281,3125 328,3128 374,3128 421,3128 468,3129 514,3131 561,3131 608,3132 655,3133 701,3131 748,3131 795,3133 841,3134 888,3134 935,3134 981,3134 1028,3136 1075,3137 1122,3137"/>
                <Word id="tr_2_tl_60_w1" custom="readingOrder {index:0;}">
                    <Coords points="175,3085 175,3145 264,3145 264,3085"/>
                    <TextEquiv>
                        <Unicode>gehen</Unicode>
                    </TextEquiv>
                </Word>
                <Word id="tr_2_tl_60_w2" custom="readingOrder {index:1;}">
                    <Coords points="300,3088 300,3148 501,3148 501,3088"/>
                    <TextEquiv>
                        <Unicode>ineinander</Unicode>
                    </TextEquiv>
                </Word>
                <Word id="tr_2_tl_60_w3" custom="readingOrder {index:2;}">
                    <Coords points="536,3091 536,3151 636,3151 636,3091"/>
                    <TextEquiv>
                        <Unicode>über,</Unicode>
                    </TextEquiv>
                </Word>
                <Word id="tr_2_tl_60_w4" custom="readingOrder {index:3;}">
                    <Coords points="673,3091 673,3151 732,3151 732,3091"/>
                    <TextEquiv>
                        <Unicode>und</Unicode>
                    </TextEquiv>
                </Word>
                <Word id="tr_2_tl_60_w5" custom="readingOrder {index:4;}">
                    <Coords points="768,3093 768,3153 823,3153 823,3093"/>
                    <TextEquiv>
                        <Unicode>das</Unicode>
                    </TextEquiv>
                </Word>
                <Word id="tr_2_tl_60_w6" custom="readingOrder {index:5;}">
                    <Coords points="859,3094 859,3154 958,3154 958,3094"/>
                    <TextEquiv>
                        <Unicode>Leben</Unicode>
                    </TextEquiv>
                </Word>
                <Word id="tr_2_tl_60_w7" custom="readingOrder {index:6;}">
                    <Coords points="999,3095 999,3155 1024,3155 1024,3095"/>
                    <TextEquiv>
                        <Unicode>in</Unicode>
                    </TextEquiv>
                </Word>
                <Word id="tr_2_tl_60_w8" custom="readingOrder {index:7;}">
                    <Coords points="1060,3097 1060,3157 1114,3157 1114,3097"/>
                    <TextEquiv>
                        <Unicode>der</Unicode>
                    </TextEquiv>
                </Word>
                <TextEquiv>
                    <Unicode>gehen ineinander über, und das Leben in der</Unicode>
                </TextEquiv>
            </TextLine>
            <TextLine id="tr_2_tl_61" custom="readingOrder {index:60;}">
                <Coords points="1140,3150 3064,3187 3060,3136 2974,3125 1140,3100"/>
                <Baseline points="1161,3137 1256,3137 1351,3140 1447,3141 1542,3143 1637,3146 1733,3147 1828,3149 1923,3152 2019,3152 2114,3154 2209,3155 2305,3158 2400,3159 2495,3159 2591,3164 2686,3166 2781,3168 2877,3169 2972,3172 3068,3178"/>
                <Word id="tr_2_tl_61_w1" custom="readingOrder {index:0;}">
                    <Coords points="1140,3097 1140,3157 1187,3157 1187,3097"/>
                    <TextEquiv>
                        <Unicode>sen</Unicode>
                    </TextEquiv>
                </Word>
                <Word id="tr_2_tl_61_w2" custom="readingOrder {index:1;}">
                    <Coords points="1219,3097 1219,3157 1276,3157 1276,3097"/>
                    <TextEquiv>
                        <Unicode>hat</Unicode>
                    </TextEquiv>
                </Word>
                <Word id="tr_2_tl_61_w3" custom="readingOrder {index:2;}">
                    <Coords points="1298,3099 1298,3159 1361,3159 1361,3099"/>
                    <TextEquiv>
                        <Unicode>und</Unicode>
                    </TextEquiv>
                </Word>
                <Word id="tr_2_tl_61_w4" custom="readingOrder {index:3;}">
                    <Coords points="1393,3100 1393,3160 1434,3160 1434,3100"/>
                    <TextEquiv>
                        <Unicode>sich</Unicode>
                    </TextEquiv>
                </Word>
                <Word id="tr_2_tl_61_w5" custom="readingOrder {index:4;}">
                    <Coords points="1467,3102 1467,3162 1529,3162 1529,3102"/>
                    <TextEquiv>
                        <Unicode>nun</Unicode>
                    </TextEquiv>
                </Word>
                <Word id="tr_2_tl_61_w6" custom="readingOrder {index:5;}">
                    <Coords points="1561,3105 1561,3165 1666,3165 1666,3105"/>
                    <TextEquiv>
                        <Unicode>einsam</Unicode>
                    </TextEquiv>
                </Word>
                <Word id="tr_2_tl_61_w7" custom="readingOrder {index:6;}">
                    <Coords points="1709,3107 1709,3167 1787,3167 1787,3107"/>
                    <TextEquiv>
                        <Unicode>sieht</Unicode>
                    </TextEquiv>
                </Word>
                <Word id="tr_2_tl_61_w8" custom="readingOrder {index:7;}">
                    <Coords points="1809,3109 1809,3169 1871,3169 1871,3109"/>
                    <TextEquiv>
                        <Unicode>mit</Unicode>
                    </TextEquiv>
                </Word>
                <Word id="tr_2_tl_61_w9" custom="readingOrder {index:8;}">
                    <Coords points="1893,3111 1893,3171 1945,3171 1945,3111"/>
                    <TextEquiv>
                        <Unicode>den</Unicode>
                    </TextEquiv>
                </Word>
                <Word id="tr_2_tl_61_w10" custom="readingOrder {index:9;}">
                    <Coords points="1988,3112 1988,3172 2082,3172 2082,3112"/>
                    <TextEquiv>
                        <Unicode>Sche=</Unicode>
                    </TextEquiv>
                </Word>
                <Word id="tr_2_tl_61_w11" custom="readingOrder {index:10;}">
                    <Coords points="2109,3114 2109,3174 2282,3174 2282,3114"/>
                    <TextEquiv>
                        <Unicode>riationen</Unicode>
                    </TextEquiv>
                </Word>
                <Word id="tr_2_tl_61_w12" custom="readingOrder {index:11;}">
                    <Coords points="2314,3118 2314,3178 2388,3178 2388,3118"/>
                    <TextEquiv>
                        <Unicode>stets</Unicode>
                    </TextEquiv>
                </Word>
                <Word id="tr_2_tl_61_w13" custom="readingOrder {index:12;}">
                    <Coords points="2415,3121 2415,3181 2656,3181 2656,3121"/>
                    <TextEquiv>
                        <Unicode>wiederholen.</Unicode>
                    </TextEquiv>
                </Word>
                <Word id="tr_2_tl_61_w14" custom="readingOrder {index:13;}">
                    <Coords points="2683,3126 2683,3186 2730,3186 2730,3126"/>
                    <TextEquiv>
                        <Unicode>Da</Unicode>
                    </TextEquiv>
                </Word>
                <Word id="tr_2_tl_61_w15" custom="readingOrder {index:14;}">
                    <Coords points="2762,3127 2762,3187 2798,3187 2798,3127"/>
                    <TextEquiv>
                        <Unicode>ist</Unicode>
                    </TextEquiv>
                </Word>
                <Word id="tr_2_tl_61_w16" custom="readingOrder {index:15;}">
                    <Coords points="2820,3128 2820,3188 2867,3188 2867,3128"/>
                    <TextEquiv>
                        <Unicode>die</Unicode>
                    </TextEquiv>
                </Word>
                <Word id="tr_2_tl_61_w17" custom="readingOrder {index:16;}">
                    <Coords points="2894,3131 2894,3191 3046,3191 3046,3131"/>
                    <TextEquiv>
                        <Unicode>Stellung</Unicode>
                    </TextEquiv>
                </Word>
                <TextEquiv>
                    <Unicode>sen hat und sich nun einsam sieht mit den Sche= riationen stets wiederholen. Da ist die Stellung</Unicode>
                </TextEquiv>
            </TextLine>
            <TextLine id="tr_2_tl_62" custom="readingOrder {index:61;}">
                <Coords points="170,3183 3060,3230 3006,3179 2674,3161 170,3125"/>
                <Baseline points="188,3164 331,3170 475,3172 619,3175 763,3175 907,3178 1051,3178 1194,3178 1338,3181 1482,3185 1626,3190 1770,3190 1914,3193 2058,3196 2201,3199 2345,3202 2489,3205 2633,3206 2777,3211 2921,3217 3065,3214"/>
                <Word id="tr_2_tl_62_w1" custom="readingOrder {index:0;}">
                    <Coords points="176,3127 176,3187 352,3187 352,3127"/>
                    <TextEquiv>
                        <Unicode>Phantasie</Unicode>
                    </TextEquiv>
                </Word>
                <Word id="tr_2_tl_62_w2" custom="readingOrder {index:1;}">
                    <Coords points="380,3130 380,3190 418,3190 418,3130"/>
                    <TextEquiv>
                        <Unicode>ist</Unicode>
                    </TextEquiv>
                </Word>
                <Word id="tr_2_tl_62_w3" custom="readingOrder {index:2;}">
                    <Coords points="440,3131 440,3191 489,3191 489,3131"/>
                    <TextEquiv>
                        <Unicode>oft</Unicode>
                    </TextEquiv>
                </Word>
                <Word id="tr_2_tl_62_w4" custom="readingOrder {index:3;}">
                    <Coords points="512,3134 512,3194 682,3194 682,3134"/>
                    <TextEquiv>
                        <Unicode>wirklicher</Unicode>
                    </TextEquiv>
                </Word>
                <Word id="tr_2_tl_62_w5" custom="readingOrder {index:4;}">
                    <Coords points="710,3135 710,3195 759,3195 759,3135"/>
                    <TextEquiv>
                        <Unicode>als</Unicode>
                    </TextEquiv>
                </Word>
                <Word id="tr_2_tl_62_w6" custom="readingOrder {index:5;}">
                    <Coords points="787,3136 787,3196 847,3196 847,3136"/>
                    <TextEquiv>
                        <Unicode>das</Unicode>
                    </TextEquiv>
                </Word>
                <Word id="tr_2_tl_62_w7" custom="readingOrder {index:6;}">
                    <Coords points="875,3138 875,3198 963,3198 963,3138"/>
                    <TextEquiv>
                        <Unicode>reale</Unicode>
                    </TextEquiv>
                </Word>
                <Word id="tr_2_tl_62_w8" custom="readingOrder {index:7;}">
                    <Coords points="991,3138 991,3198 1117,3198 1117,3138"/>
                    <TextEquiv>
                        <Unicode>Leben.</Unicode>
                    </TextEquiv>
                </Word>
                <Word id="tr_2_tl_62_w9" custom="readingOrder {index:8;}">
                    <Coords points="1141,3138 1141,3198 1211,3198 1211,3138"/>
                    <TextEquiv>
                        <Unicode>men</Unicode>
                    </TextEquiv>
                </Word>
                <Word id="tr_2_tl_62_w10" custom="readingOrder {index:9;}">
                    <Coords points="1245,3140 1245,3200 1349,3200 1349,3140"/>
                    <TextEquiv>
                        <Unicode>seiner</Unicode>
                    </TextEquiv>
                </Word>
                <Word id="tr_2_tl_62_w11" custom="readingOrder {index:10;}">
                    <Coords points="1377,3145 1377,3205 1619,3205 1619,3145"/>
                    <TextEquiv>
                        <Unicode>Erinnerung.</Unicode>
                    </TextEquiv>
                </Word>
                <Word id="tr_2_tl_62_w12" custom="readingOrder {index:11;}">
                    <Coords points="1658,3150 1658,3210 1724,3210 1724,3150"/>
                    <TextEquiv>
                        <Unicode>Die</Unicode>
                    </TextEquiv>
                </Word>
                <Word id="tr_2_tl_62_w13" custom="readingOrder {index:12;}">
                    <Coords points="1763,3151 1763,3211 1966,3211 1966,3151"/>
                    <TextEquiv>
                        <Unicode>Wirrungen</Unicode>
                    </TextEquiv>
                </Word>
                <Word id="tr_2_tl_62_w14" custom="readingOrder {index:13;}">
                    <Coords points="2016,3155 2016,3215 2076,3215 2076,3155"/>
                    <TextEquiv>
                        <Unicode>und</Unicode>
                    </TextEquiv>
                </Word>
                <Word id="tr_2_tl_62_w15" custom="readingOrder {index:14;}">
                    <Coords points="2116,3157 2116,3217 2170,3217 2170,3157"/>
                    <TextEquiv>
                        <Unicode>des</Unicode>
                    </TextEquiv>
                </Word>
                <Word id="tr_2_tl_62_w16" custom="readingOrder {index:15;}">
                    <Coords points="2204,3160 2204,3220 2352,3220 2352,3160"/>
                    <TextEquiv>
                        <Unicode>Mannes</Unicode>
                    </TextEquiv>
                </Word>
                <Word id="tr_2_tl_62_w17" custom="readingOrder {index:16;}">
                    <Coords points="2386,3164 2386,3224 2523,3224 2523,3164"/>
                    <TextEquiv>
                        <Unicode>zwischen</Unicode>
                    </TextEquiv>
                </Word>
                <Word id="tr_2_tl_62_w18" custom="readingOrder {index:17;}">
                    <Coords points="2557,3165 2557,3225 2639,3225 2639,3165"/>
                    <TextEquiv>
                        <Unicode>zwei</Unicode>
                    </TextEquiv>
                </Word>
                <Word id="tr_2_tl_62_w19" custom="readingOrder {index:18;}">
                    <Coords points="2661,3169 2661,3229 2815,3229 2815,3169"/>
                    <TextEquiv>
                        <Unicode>Frauen,</Unicode>
                    </TextEquiv>
                </Word>
                <Word id="tr_2_tl_62_w20" custom="readingOrder {index:19;}">
                    <Coords points="2837,3174 2837,3234 2892,3234 2892,3174"/>
                    <TextEquiv>
                        <Unicode>dem</Unicode>
                    </TextEquiv>
                </Word>
                <Word id="tr_2_tl_62_w21" custom="readingOrder {index:20;}">
                    <Coords points="2937,3175 2937,3235 3046,3235 3046,3175"/>
                    <TextEquiv>
                        <Unicode>„süßen</Unicode>
                    </TextEquiv>
                </Word>
                <TextEquiv>
                    <Unicode>Phantasie ist oft wirklicher als das reale Leben. men seiner Erinnerung. Die Wirrungen und des Mannes zwischen zwei Frauen, dem „süßen</Unicode>
                </TextEquiv>
            </TextLine>
            <TextLine id="tr_2_tl_63" custom="readingOrder {index:62;}">
                <Coords points="162,3219 2071,3248 2071,3205 1992,3194 162,3172"/>
                <Baseline points="182,3208 276,3214 371,3217 466,3217 561,3218 655,3223 750,3220 845,3220 940,3223 1034,3223 1129,3222 1224,3223 1319,3226 1413,3229 1508,3229 1603,3232 1698,3235 1792,3235 1887,3237 1982,3241 2077,3241"/>
                <Word id="tr_2_tl_63_w1" custom="readingOrder {index:0;}">
                    <Coords points="162,3170 162,3230 280,3230 280,3170"/>
                    <TextEquiv>
                        <Unicode>Daher</Unicode>
                    </TextEquiv>
                </Word>
                <Word id="tr_2_tl_63_w2" custom="readingOrder {index:1;}">
                    <Coords points="313,3176 313,3236 399,3236 399,3176"/>
                    <TextEquiv>
                        <Unicode>seine</Unicode>
                    </TextEquiv>
                </Word>
                <Word id="tr_2_tl_63_w3" custom="readingOrder {index:2;}">
                    <Coords points="432,3177 432,3237 647,3237 647,3177"/>
                    <TextEquiv>
                        <Unicode>Verehrung,</Unicode>
                    </TextEquiv>
                </Word>
                <Word id="tr_2_tl_63_w4" custom="readingOrder {index:3;}">
                    <Coords points="674,3181 674,3241 700,3241 700,3181"/>
                    <TextEquiv>
                        <Unicode>ja</Unicode>
                    </TextEquiv>
                </Word>
                <Word id="tr_2_tl_63_w5" custom="readingOrder {index:4;}">
                    <Coords points="739,3180 739,3240 1002,3240 1002,3180"/>
                    <TextEquiv>
                        <Unicode>Ueberschätzung</Unicode>
                    </TextEquiv>
                </Word>
                <Word id="tr_2_tl_63_w6" custom="readingOrder {index:5;}">
                    <Coords points="1051,3182 1051,3242 1105,3242 1105,3182"/>
                    <TextEquiv>
                        <Unicode>des</Unicode>
                    </TextEquiv>
                </Word>
                <Word id="tr_2_tl_63_w7" custom="readingOrder {index:6;}">
                    <Coords points="1143,3184 1143,3244 1379,3244 1379,3184"/>
                    <TextEquiv>
                        <Unicode>Wandlungen</Unicode>
                    </TextEquiv>
                </Word>
                <Word id="tr_2_tl_63_w8" custom="readingOrder {index:7;}">
                    <Coords points="1412,3189 1412,3249 1466,3249 1466,3189"/>
                    <TextEquiv>
                        <Unicode>der</Unicode>
                    </TextEquiv>
                </Word>
                <Word id="tr_2_tl_63_w9" custom="readingOrder {index:8;}">
                    <Coords points="1499,3190 1499,3250 1611,3250 1611,3190"/>
                    <TextEquiv>
                        <Unicode>Seele,</Unicode>
                    </TextEquiv>
                </Word>
                <Word id="tr_2_tl_63_w10" custom="readingOrder {index:9;}">
                    <Coords points="1633,3193 1633,3253 1686,3253 1686,3193"/>
                    <TextEquiv>
                        <Unicode>die</Unicode>
                    </TextEquiv>
                </Word>
                <Word id="tr_2_tl_63_w11" custom="readingOrder {index:10;}">
                    <Coords points="1719,3195 1719,3255 1783,3255 1783,3195"/>
                    <TextEquiv>
                        <Unicode>„ein</Unicode>
                    </TextEquiv>
                </Word>
                <Word id="tr_2_tl_63_w12" custom="readingOrder {index:11;}">
                    <Coords points="1822,3196 1822,3256 1929,3256 1929,3196"/>
                    <TextEquiv>
                        <Unicode>weites</Unicode>
                    </TextEquiv>
                </Word>
                <Word id="tr_2_tl_63_w13" custom="readingOrder {index:12;}">
                    <Coords points="1967,3201 1967,3261 2058,3261 2058,3201"/>
                    <TextEquiv>
                        <Unicode>Land</Unicode>
                    </TextEquiv>
                </Word>
                <TextEquiv>
                    <Unicode>Daher seine Verehrung, ja Ueberschätzung des Wandlungen der Seele, die „ein weites Land</Unicode>
                </TextEquiv>
            </TextLine>
            <TextLine id="tr_2_tl_64" custom="readingOrder {index:63;}">
                <Coords points="2104,3259 2988,3277 3057,3270 3057,3226 2100,3205"/>
                <Baseline points="2122,3238 2169,3241 2216,3241 2263,3244 2310,3244 2357,3244 2404,3244 2452,3245 2499,3248 2546,3250 2593,3250 2640,3252 2687,3253 2734,3255 2782,3256 2829,3256 2876,3256 2923,3259 2970,3259 3017,3259 3065,3262"/>
                <Word id="tr_2_tl_64_w1" custom="readingOrder {index:0;}">
                    <Coords points="2105,3201 2105,3261 2247,3261 2247,3201"/>
                    <TextEquiv>
                        <Unicode>Mädel“</Unicode>
                    </TextEquiv>
                </Word>
                <Word id="tr_2_tl_64_w2" custom="readingOrder {index:1;}">
                    <Coords points="2281,3204 2281,3264 2338,3264 2338,3204"/>
                    <TextEquiv>
                        <Unicode>und</Unicode>
                    </TextEquiv>
                </Word>
                <Word id="tr_2_tl_64_w3" custom="readingOrder {index:2;}">
                    <Coords points="2370,3204 2370,3264 2423,3264 2423,3204"/>
                    <TextEquiv>
                        <Unicode>der</Unicode>
                    </TextEquiv>
                </Word>
                <Word id="tr_2_tl_64_w4" custom="readingOrder {index:3;}">
                    <Coords points="2450,3210 2450,3270 2694,3270 2694,3210"/>
                    <TextEquiv>
                        <Unicode>verheirateten</Unicode>
                    </TextEquiv>
                </Word>
                <Word id="tr_2_tl_64_w5" custom="readingOrder {index:4;}">
                    <Coords points="2726,3216 2726,3276 2848,3276 2848,3216"/>
                    <TextEquiv>
                        <Unicode>Dame,</Unicode>
                    </TextEquiv>
                </Word>
                <Word id="tr_2_tl_64_w6" custom="readingOrder {index:5;}">
                    <Coords points="2870,3216 2870,3276 2901,3276 2901,3216"/>
                    <TextEquiv>
                        <Unicode>da</Unicode>
                    </TextEquiv>
                </Word>
                <Word id="tr_2_tl_64_w7" custom="readingOrder {index:6;}">
                    <Coords points="2934,3219 2934,3279 2970,3279 2970,3219"/>
                    <TextEquiv>
                        <Unicode>ist</Unicode>
                    </TextEquiv>
                </Word>
                <Word id="tr_2_tl_64_w8" custom="readingOrder {index:7;}">
                    <Coords points="2992,3219 2992,3279 3049,3279 3049,3219"/>
                    <TextEquiv>
                        <Unicode>das</Unicode>
                    </TextEquiv>
                </Word>
                <TextEquiv>
                    <Unicode>Mädel“ und der verheirateten Dame, da ist das</Unicode>
                </TextEquiv>
            </TextLine>
            <TextLine id="tr_2_tl_65" custom="readingOrder {index:64;}">
                <Coords points="162,3262 3053,3316 3049,3266 2919,3255 162,3219"/>
                <Baseline points="182,3256 326,3259 470,3260 614,3264 758,3265 902,3265 1046,3267 1190,3268 1334,3271 1478,3271 1622,3274 1766,3280 1910,3283 2054,3284 2198,3286 2342,3289 2486,3292 2630,3296 2774,3300 2918,3303 3062,3307"/>
                <Word id="tr_2_tl_65_w1" custom="readingOrder {index:0;}">
                    <Coords points="168,3217 168,3277 365,3277 365,3217"/>
                    <TextEquiv>
                        <Unicode>Künstlers,</Unicode>
                    </TextEquiv>
                </Word>
                <Word id="tr_2_tl_65_w2" custom="readingOrder {index:1;}">
                    <Coords points="382,3219 382,3279 438,3279 438,3219"/>
                    <TextEquiv>
                        <Unicode>sein</Unicode>
                    </TextEquiv>
                </Word>
                <Word id="tr_2_tl_65_w3" custom="readingOrder {index:2;}">
                    <Coords points="467,3223 467,3283 732,3283 732,3223"/>
                    <TextEquiv>
                        <Unicode>Aesthetentum,</Unicode>
                    </TextEquiv>
                </Word>
                <Word id="tr_2_tl_65_w4" custom="readingOrder {index:3;}">
                    <Coords points="749,3225 749,3285 844,3285 844,3225"/>
                    <TextEquiv>
                        <Unicode>daher</Unicode>
                    </TextEquiv>
                </Word>
                <Word id="tr_2_tl_65_w5" custom="readingOrder {index:4;}">
                    <Coords points="868,3225 868,3285 946,3285 946,3225"/>
                    <TextEquiv>
                        <Unicode>aber</Unicode>
                    </TextEquiv>
                </Word>
                <Word id="tr_2_tl_65_w6" custom="readingOrder {index:5;}">
                    <Coords points="969,3226 969,3286 1036,3286 1036,3226"/>
                    <TextEquiv>
                        <Unicode>auch</Unicode>
                    </TextEquiv>
                </Word>
                <Word id="tr_2_tl_65_w7" custom="readingOrder {index:6;}">
                    <Coords points="1065,3227 1065,3287 1109,3287 1109,3227"/>
                    <TextEquiv>
                        <Unicode>die</Unicode>
                    </TextEquiv>
                </Word>
                <Word id="tr_2_tl_65_w8" custom="readingOrder {index:7;}">
                    <Coords points="1139,3227 1139,3287 1200,3287 1200,3227"/>
                    <TextEquiv>
                        <Unicode>ist,</Unicode>
                    </TextEquiv>
                </Word>
                <Word id="tr_2_tl_65_w9" custom="readingOrder {index:8;}">
                    <Coords points="1223,3230 1223,3290 1425,3290 1425,3230"/>
                    <TextEquiv>
                        <Unicode>beschäftigen</Unicode>
                    </TextEquiv>
                </Word>
                <Word id="tr_2_tl_65_w10" custom="readingOrder {index:9;}">
                    <Coords points="1465,3232 1465,3292 1640,3292 1640,3232"/>
                    <TextEquiv>
                        <Unicode>Schnitzler</Unicode>
                    </TextEquiv>
                </Word>
                <Word id="tr_2_tl_65_w11" custom="readingOrder {index:10;}">
                    <Coords points="1669,3240 1669,3300 1916,3300 1916,3240"/>
                    <TextEquiv>
                        <Unicode>hauptsächlich,</Unicode>
                    </TextEquiv>
                </Word>
                <Word id="tr_2_tl_65_w12" custom="readingOrder {index:11;}">
                    <Coords points="1939,3243 1939,3303 1995,3303 1995,3243"/>
                    <TextEquiv>
                        <Unicode>der</Unicode>
                    </TextEquiv>
                </Word>
                <Word id="tr_2_tl_65_w13" custom="readingOrder {index:12;}">
                    <Coords points="2029,3244 2029,3304 2079,3304 2079,3244"/>
                    <TextEquiv>
                        <Unicode>als</Unicode>
                    </TextEquiv>
                </Word>
                <Word id="tr_2_tl_65_w14" custom="readingOrder {index:13;}">
                    <Coords points="2120,3246 2120,3306 2322,3306 2322,3246"/>
                    <TextEquiv>
                        <Unicode>„dreieckige“</Unicode>
                    </TextEquiv>
                </Word>
                <Word id="tr_2_tl_65_w15" custom="readingOrder {index:14;}">
                    <Coords points="2357,3251 2357,3311 2559,3311 2559,3251"/>
                    <TextEquiv>
                        <Unicode>Verhältnis</Unicode>
                    </TextEquiv>
                </Word>
                <Word id="tr_2_tl_65_w16" custom="readingOrder {index:15;}">
                    <Coords points="2589,3255 2589,3315 2616,3315 2616,3255"/>
                    <TextEquiv>
                        <Unicode>in</Unicode>
                    </TextEquiv>
                </Word>
                <Word id="tr_2_tl_65_w17" custom="readingOrder {index:16;}">
                    <Coords points="2656,3257 2656,3317 2706,3317 2706,3257"/>
                    <TextEquiv>
                        <Unicode>der</Unicode>
                    </TextEquiv>
                </Word>
                <Word id="tr_2_tl_65_w18" custom="readingOrder {index:17;}">
                    <Coords points="2735,3260 2735,3320 2819,3320 2819,3260"/>
                    <TextEquiv>
                        <Unicode>Ehe,</Unicode>
                    </TextEquiv>
                </Word>
                <Word id="tr_2_tl_65_w19" custom="readingOrder {index:18;}">
                    <Coords points="2842,3261 2842,3321 2875,3321 2875,3261"/>
                    <TextEquiv>
                        <Unicode>da</Unicode>
                    </TextEquiv>
                </Word>
                <Word id="tr_2_tl_65_w20" custom="readingOrder {index:19;}">
                    <Coords points="2910,3263 2910,3323 2971,3323 2971,3263"/>
                    <TextEquiv>
                        <Unicode>sind</Unicode>
                    </TextEquiv>
                </Word>
                <Word id="tr_2_tl_65_w21" custom="readingOrder {index:20;}">
                    <Coords points="3005,3266 3005,3326 3050,3326 3050,3266"/>
                    <TextEquiv>
                        <Unicode>die</Unicode>
                    </TextEquiv>
                </Word>
                <TextEquiv>
                    <Unicode>Künstlers, sein Aesthetentum, daher aber auch die ist, beschäftigen Schnitzler hauptsächlich, der als „dreieckige“ Verhältnis in der Ehe, da sind die</Unicode>
                </TextEquiv>
            </TextLine>
            <TextLine id="tr_2_tl_66" custom="readingOrder {index:65;}">
                <Coords points="162,3309 967,3313 1025,3338 1021,3288 960,3270 159,3266"/>
                <Baseline points="182,3301 224,3301 267,3301 309,3304 352,3304 395,3304 437,3304 480,3306 523,3307 565,3307 608,3309 651,3309 693,3307 736,3307 779,3308 821,3310 864,3310 907,3310 949,3310 992,3310 1035,3310"/>
                <Word id="tr_2_tl_66_w1" custom="readingOrder {index:0;}">
                    <Coords points="165,3261 165,3321 359,3321 359,3261"/>
                    <TextEquiv>
                        <Unicode>Inbrunst,</Unicode>
                    </TextEquiv>
                </Word>
                <Word id="tr_2_tl_66_w2" custom="readingOrder {index:1;}">
                    <Coords points="377,3264 377,3324 437,3324 437,3264"/>
                    <TextEquiv>
                        <Unicode>mit</Unicode>
                    </TextEquiv>
                </Word>
                <Word id="tr_2_tl_66_w3" custom="readingOrder {index:2;}">
                    <Coords points="460,3266 460,3326 515,3326 515,3266"/>
                    <TextEquiv>
                        <Unicode>der</Unicode>
                    </TextEquiv>
                </Word>
                <Word id="tr_2_tl_66_w4" custom="readingOrder {index:3;}">
                    <Coords points="544,3267 544,3327 599,3327 599,3267"/>
                    <TextEquiv>
                        <Unicode>das</Unicode>
                    </TextEquiv>
                </Word>
                <Word id="tr_2_tl_66_w5" custom="readingOrder {index:4;}">
                    <Coords points="628,3267 628,3327 788,3327 788,3267"/>
                    <TextEquiv>
                        <Unicode>Formale</Unicode>
                    </TextEquiv>
                </Word>
                <Word id="tr_2_tl_66_w6" custom="readingOrder {index:5;}">
                    <Coords points="817,3270 817,3330 950,3330 950,3270"/>
                    <TextEquiv>
                        <Unicode>gegeben</Unicode>
                    </TextEquiv>
                </Word>
                <Word id="tr_2_tl_66_w7" custom="readingOrder {index:6;}">
                    <Coords points="989,3270 989,3330 1022,3330 1022,3270"/>
                    <TextEquiv>
                        <Unicode>ist</Unicode>
                    </TextEquiv>
                </Word>
                <TextEquiv>
                    <Unicode>Inbrunst, mit der das Formale gegeben ist</Unicode>
                </TextEquiv>
            </TextLine>
            <TextLine id="tr_2_tl_67" custom="readingOrder {index:66;}">
                <Coords points="1133,3320 3053,3356 3053,3316 2992,3306 1133,3273"/>
                <Baseline points="1152,3307 1247,3313 1343,3315 1438,3316 1534,3318 1629,3319 1725,3324 1820,3325 1916,3328 2011,3328 2107,3328 2202,3331 2298,3334 2393,3334 2489,3337 2584,3338 2680,3340 2775,3343 2871,3346 2966,3346 3062,3346"/>
                <Word id="tr_2_tl_67_w1" custom="readingOrder {index:0;}">
                    <Coords points="1138,3268 1138,3328 1222,3328 1222,3268"/>
                    <TextEquiv>
                        <Unicode>Arzt</Unicode>
                    </TextEquiv>
                </Word>
                <Word id="tr_2_tl_67_w2" custom="readingOrder {index:1;}">
                    <Coords points="1244,3273 1244,3333 1290,3333 1290,3273"/>
                    <TextEquiv>
                        <Unicode>ein</Unicode>
                    </TextEquiv>
                </Word>
                <Word id="tr_2_tl_67_w3" custom="readingOrder {index:2;}">
                    <Coords points="1317,3275 1317,3335 1454,3335 1454,3275"/>
                    <TextEquiv>
                        <Unicode>scharfer</Unicode>
                    </TextEquiv>
                </Word>
                <Word id="tr_2_tl_67_w4" custom="readingOrder {index:3;}">
                    <Coords points="1476,3278 1476,3338 1675,3338 1675,3278"/>
                    <TextEquiv>
                        <Unicode>Beobachter</Unicode>
                    </TextEquiv>
                </Word>
                <Word id="tr_2_tl_67_w5" custom="readingOrder {index:4;}">
                    <Coords points="1697,3283 1697,3343 1733,3343 1733,3283"/>
                    <TextEquiv>
                        <Unicode>ist</Unicode>
                    </TextEquiv>
                </Word>
                <Word id="tr_2_tl_67_w6" custom="readingOrder {index:5;}">
                    <Coords points="1754,3284 1754,3344 1818,3344 1818,3284"/>
                    <TextEquiv>
                        <Unicode>und</Unicode>
                    </TextEquiv>
                </Word>
                <Word id="tr_2_tl_67_w7" custom="readingOrder {index:6;}">
                    <Coords points="1845,3286 1845,3346 1891,3346 1891,3286"/>
                    <TextEquiv>
                        <Unicode>sich</Unicode>
                    </TextEquiv>
                </Word>
                <Word id="tr_2_tl_67_w8" custom="readingOrder {index:7;}">
                    <Coords points="1918,3288 1918,3348 1981,3348 1981,3288"/>
                    <TextEquiv>
                        <Unicode>mit</Unicode>
                    </TextEquiv>
                </Word>
                <Word id="tr_2_tl_67_w9" custom="readingOrder {index:8;}">
                    <Coords points="2002,3288 2002,3348 2081,3348 2081,3288"/>
                    <TextEquiv>
                        <Unicode>Psy=</Unicode>
                    </TextEquiv>
                </Word>
                <Word id="tr_2_tl_67_w10" custom="readingOrder {index:9;}">
                    <Coords points="2108,3289 2108,3349 2223,3349 2223,3289"/>
                    <TextEquiv>
                        <Unicode>beiden</Unicode>
                    </TextEquiv>
                </Word>
                <Word id="tr_2_tl_67_w11" custom="readingOrder {index:10;}">
                    <Coords points="2261,3294 2261,3354 2434,3354 2434,3294"/>
                    <TextEquiv>
                        <Unicode>Freunde,</Unicode>
                    </TextEquiv>
                </Word>
                <Word id="tr_2_tl_67_w12" custom="readingOrder {index:11;}">
                    <Coords points="2456,3296 2456,3356 2508,3356 2508,3296"/>
                    <TextEquiv>
                        <Unicode>die</Unicode>
                    </TextEquiv>
                </Word>
                <Word id="tr_2_tl_67_w13" custom="readingOrder {index:12;}">
                    <Coords points="2540,3298 2540,3358 2650,3358 2650,3298"/>
                    <TextEquiv>
                        <Unicode>beiden</Unicode>
                    </TextEquiv>
                </Word>
                <Word id="tr_2_tl_67_w14" custom="readingOrder {index:13;}">
                    <Coords points="2688,3302 2688,3362 2835,3362 2835,3302"/>
                    <TextEquiv>
                        <Unicode>Gegner,</Unicode>
                    </TextEquiv>
                </Word>
                <Word id="tr_2_tl_67_w15" custom="readingOrder {index:14;}">
                    <Coords points="2862,3306 2862,3366 2893,3366 2893,3306"/>
                    <TextEquiv>
                        <Unicode>da</Unicode>
                    </TextEquiv>
                </Word>
                <Word id="tr_2_tl_67_w16" custom="readingOrder {index:15;}">
                    <Coords points="2930,3306 2930,3366 2966,3366 2966,3306"/>
                    <TextEquiv>
                        <Unicode>ist</Unicode>
                    </TextEquiv>
                </Word>
                <Word id="tr_2_tl_67_w17" custom="readingOrder {index:16;}">
                    <Coords points="2993,3306 2993,3366 3051,3366 3051,3306"/>
                    <TextEquiv>
                        <Unicode>der</Unicode>
                    </TextEquiv>
                </Word>
                <TextEquiv>
                    <Unicode>Arzt ein scharfer Beobachter ist und sich mit Psy= beiden Freunde, die beiden Gegner, da ist der</Unicode>
                </TextEquiv>
            </TextLine>
            <TextLine id="tr_2_tl_68" custom="readingOrder {index:67;}">
                <Coords points="152,3353 1988,3389 2079,3381 2079,3334 148,3313"/>
                <Baseline points="173,3346 268,3346 364,3349 459,3349 555,3351 651,3352 746,3352 842,3352 938,3352 1033,3353 1129,3354 1225,3355 1320,3358 1416,3361 1512,3361 1607,3363 1703,3366 1799,3368 1894,3369 1990,3372 2086,3372"/>
                <Word id="tr_2_tl_68_w1" custom="readingOrder {index:0;}">
                    <Coords points="154,3306 154,3366 223,3366 223,3306"/>
                    <TextEquiv>
                        <Unicode>der</Unicode>
                    </TextEquiv>
                </Word>
                <Word id="tr_2_tl_68_w2" custom="readingOrder {index:1;}">
                    <Coords points="256,3308 256,3368 412,3368 412,3308"/>
                    <TextEquiv>
                        <Unicode>Feinheit</Unicode>
                    </TextEquiv>
                </Word>
                <Word id="tr_2_tl_68_w3" custom="readingOrder {index:2;}">
                    <Coords points="455,3309 455,3369 514,3369 514,3309"/>
                    <TextEquiv>
                        <Unicode>und</Unicode>
                    </TextEquiv>
                </Word>
                <Word id="tr_2_tl_68_w4" custom="readingOrder {index:3;}">
                    <Coords points="552,3311 552,3371 670,3371 670,3311"/>
                    <TextEquiv>
                        <Unicode>Grazie</Unicode>
                    </TextEquiv>
                </Word>
                <Word id="tr_2_tl_68_w5" custom="readingOrder {index:4;}">
                    <Coords points="714,3312 714,3372 821,3372 821,3312"/>
                    <TextEquiv>
                        <Unicode>seines</Unicode>
                    </TextEquiv>
                </Word>
                <Word id="tr_2_tl_68_w6" custom="readingOrder {index:5;}">
                    <Coords points="865,3312 865,3372 961,3372 961,3312"/>
                    <TextEquiv>
                        <Unicode>Stils</Unicode>
                    </TextEquiv>
                </Word>
                <Word id="tr_2_tl_68_w7" custom="readingOrder {index:6;}">
                    <Coords points="1005,3313 1005,3373 1107,3373 1107,3313"/>
                    <TextEquiv>
                        <Unicode>folgte</Unicode>
                    </TextEquiv>
                </Word>
                <Word id="tr_2_tl_68_w8" custom="readingOrder {index:7;}">
                    <Coords points="1140,3314 1140,3374 1279,3374 1279,3314"/>
                    <TextEquiv>
                        <Unicode>chologie</Unicode>
                    </TextEquiv>
                </Word>
                <Word id="tr_2_tl_68_w9" custom="readingOrder {index:8;}">
                    <Coords points="1307,3318 1307,3378 1387,3378 1387,3318"/>
                    <TextEquiv>
                        <Unicode>nicht</Unicode>
                    </TextEquiv>
                </Word>
                <Word id="tr_2_tl_68_w10" custom="readingOrder {index:9;}">
                    <Coords points="1409,3321 1409,3381 1473,3381 1473,3321"/>
                    <TextEquiv>
                        <Unicode>nur</Unicode>
                    </TextEquiv>
                </Word>
                <Word id="tr_2_tl_68_w11" custom="readingOrder {index:10;}">
                    <Coords points="1495,3321 1495,3381 1548,3381 1548,3321"/>
                    <TextEquiv>
                        <Unicode>als</Unicode>
                    </TextEquiv>
                </Word>
                <Word id="tr_2_tl_68_w12" custom="readingOrder {index:11;}">
                    <Coords points="1576,3324 1576,3384 1748,3384 1748,3324"/>
                    <TextEquiv>
                        <Unicode>Künstler,</Unicode>
                    </TextEquiv>
                </Word>
                <Word id="tr_2_tl_68_w13" custom="readingOrder {index:12;}">
                    <Coords points="1765,3328 1765,3388 1893,3388 1893,3328"/>
                    <TextEquiv>
                        <Unicode>sondern</Unicode>
                    </TextEquiv>
                </Word>
                <Word id="tr_2_tl_68_w14" custom="readingOrder {index:13;}">
                    <Coords points="1926,3331 1926,3391 1996,3391 1996,3331"/>
                    <TextEquiv>
                        <Unicode>auch</Unicode>
                    </TextEquiv>
                </Word>
                <Word id="tr_2_tl_68_w15" custom="readingOrder {index:14;}">
                    <Coords points="2029,3332 2029,3392 2076,3392 2076,3332"/>
                    <TextEquiv>
                        <Unicode>als</Unicode>
                    </TextEquiv>
                </Word>
                <TextEquiv>
                    <Unicode>der Feinheit und Grazie seines Stils folgte chologie nicht nur als Künstler, sondern auch als</Unicode>
                </TextEquiv>
            </TextLine>
            <TextLine id="tr_2_tl_69" custom="readingOrder {index:68;}">
                <Coords points="2104,3381 2891,3410 3057,3403 3057,3356 2100,3334"/>
                <Baseline points="2122,3369 2169,3372 2216,3372 2263,3375 2310,3378 2357,3378 2404,3378 2451,3378 2498,3379 2545,3381 2592,3382 2639,3384 2686,3384 2733,3384 2780,3386 2827,3387 2874,3389 2921,3390 2968,3390 3015,3390 3062,3390"/>
                <Word id="tr_2_tl_69_w1" custom="readingOrder {index:0;}">
                    <Coords points="2106,3331 2106,3391 2208,3391 2208,3331"/>
                    <TextEquiv>
                        <Unicode>Liebe</Unicode>
                    </TextEquiv>
                </Word>
                <Word id="tr_2_tl_69_w2" custom="readingOrder {index:1;}">
                    <Coords points="2241,3336 2241,3396 2327,3396 2327,3336"/>
                    <TextEquiv>
                        <Unicode>kurze</Unicode>
                    </TextEquiv>
                </Word>
                <Word id="tr_2_tl_69_w3" custom="readingOrder {index:2;}">
                    <Coords points="2360,3338 2360,3398 2528,3398 2528,3338"/>
                    <TextEquiv>
                        <Unicode>Seligkeit</Unicode>
                    </TextEquiv>
                </Word>
                <Word id="tr_2_tl_69_w4" custom="readingOrder {index:3;}">
                    <Coords points="2561,3342 2561,3402 2626,3402 2626,3342"/>
                    <TextEquiv>
                        <Unicode>und</Unicode>
                    </TextEquiv>
                </Word>
                <Word id="tr_2_tl_69_w5" custom="readingOrder {index:4;}">
                    <Coords points="2664,3344 2664,3404 2762,3404 2762,3344"/>
                    <TextEquiv>
                        <Unicode>lange</Unicode>
                    </TextEquiv>
                </Word>
                <Word id="tr_2_tl_69_w6" custom="readingOrder {index:5;}">
                    <Coords points="2795,3348 2795,3408 2908,3408 2908,3348"/>
                    <TextEquiv>
                        <Unicode>Qual,</Unicode>
                    </TextEquiv>
                </Word>
                <Word id="tr_2_tl_69_w7" custom="readingOrder {index:6;}">
                    <Coords points="2931,3350 2931,3410 2968,3410 2968,3350"/>
                    <TextEquiv>
                        <Unicode>ist</Unicode>
                    </TextEquiv>
                </Word>
                <Word id="tr_2_tl_69_w8" custom="readingOrder {index:7;}">
                    <Coords points="3001,3350 3001,3410 3049,3410 3049,3350"/>
                    <TextEquiv>
                        <Unicode>die</Unicode>
                    </TextEquiv>
                </Word>
                <TextEquiv>
                    <Unicode>Liebe kurze Seligkeit und lange Qual, ist die</Unicode>
                </TextEquiv>
            </TextLine>
            <TextLine id="tr_2_tl_70" custom="readingOrder {index:69;}">
                <Coords points="155,3417 870,3410 1010,3454 1285,3410 1462,3454 1628,3414 2089,3486 2209,3439 2371,3475 2494,3436 2606,3479 2732,3439 3053,3450 3049,3399 2919,3392 155,3353"/>
                <Baseline points="176,3390 320,3391 464,3393 608,3396 753,3396 897,3396 1041,3394 1186,3399 1330,3402 1474,3405 1619,3410 1763,3411 1907,3414 2051,3417 2196,3420 2340,3423 2484,3426 2629,3429 2773,3432 2917,3435 3062,3438"/>
                <Word id="tr_2_tl_70_w1" custom="readingOrder {index:0;}">
                    <Coords points="161,3350 161,3410 342,3410 342,3350"/>
                    <TextEquiv>
                        <Unicode>Schnitzler</Unicode>
                    </TextEquiv>
                </Word>
                <Word id="tr_2_tl_70_w2" custom="readingOrder {index:1;}">
                    <Coords points="376,3352 376,3412 540,3412 540,3352"/>
                    <TextEquiv>
                        <Unicode>ebenfalls</Unicode>
                    </TextEquiv>
                </Word>
                <Word id="tr_2_tl_70_w3" custom="readingOrder {index:2;}">
                    <Coords points="574,3355 574,3415 628,3415 628,3355"/>
                    <TextEquiv>
                        <Unicode>den</Unicode>
                    </TextEquiv>
                </Word>
                <Word id="tr_2_tl_70_w4" custom="readingOrder {index:3;}">
                    <Coords points="667,3356 667,3416 766,3416 766,3356"/>
                    <TextEquiv>
                        <Unicode>besten</Unicode>
                    </TextEquiv>
                </Word>
                <Word id="tr_2_tl_70_w5" custom="readingOrder {index:4;}">
                    <Coords points="805,3356 805,3416 986,3416 986,3356"/>
                    <TextEquiv>
                        <Unicode>heimischen</Unicode>
                    </TextEquiv>
                </Word>
                <Word id="tr_2_tl_70_w6" custom="readingOrder {index:5;}">
                    <Coords points="1031,3355 1031,3415 1113,3415 1113,3355"/>
                    <TextEquiv>
                        <Unicode>Mu=</Unicode>
                    </TextEquiv>
                </Word>
                <Word id="tr_2_tl_70_w7" custom="readingOrder {index:6;}">
                    <Coords points="1141,3359 1141,3419 1316,3419 1316,3359"/>
                    <TextEquiv>
                        <Unicode>Gelehrter</Unicode>
                    </TextEquiv>
                </Word>
                <Word id="tr_2_tl_70_w8" custom="readingOrder {index:7;}">
                    <Coords points="1339,3364 1339,3424 1525,3424 1525,3364"/>
                    <TextEquiv>
                        <Unicode>beschäftigt</Unicode>
                    </TextEquiv>
                </Word>
                <Word id="tr_2_tl_70_w9" custom="readingOrder {index:8;}">
                    <Coords points="1543,3368 1543,3428 1613,3428 1613,3368"/>
                    <TextEquiv>
                        <Unicode>hat.</Unicode>
                    </TextEquiv>
                </Word>
                <Word id="tr_2_tl_70_w10" custom="readingOrder {index:9;}">
                    <Coords points="1636,3370 1636,3430 1680,3430 1680,3370"/>
                    <TextEquiv>
                        <Unicode>In</Unicode>
                    </TextEquiv>
                </Word>
                <Word id="tr_2_tl_70_w11" custom="readingOrder {index:10;}">
                    <Coords points="1713,3370 1713,3430 1801,3430 1801,3370"/>
                    <TextEquiv>
                        <Unicode>einem</Unicode>
                    </TextEquiv>
                </Word>
                <Word id="tr_2_tl_70_w12" custom="readingOrder {index:11;}">
                    <Coords points="1834,3373 1834,3433 1966,3433 1966,3373"/>
                    <TextEquiv>
                        <Unicode>eigenen</Unicode>
                    </TextEquiv>
                </Word>
                <Word id="tr_2_tl_70_w13" custom="readingOrder {index:12;}">
                    <Coords points="1994,3376 1994,3436 2070,3436 2070,3376"/>
                    <TextEquiv>
                        <Unicode>Buch</Unicode>
                    </TextEquiv>
                </Word>
                <Word id="tr_2_tl_70_w14" custom="readingOrder {index:13;}">
                    <Coords points="2104,3379 2104,3439 2285,3439 2285,3379"/>
                    <TextEquiv>
                        <Unicode>Hoffnung</Unicode>
                    </TextEquiv>
                </Word>
                <Word id="tr_2_tl_70_w15" custom="readingOrder {index:14;}">
                    <Coords points="2308,3382 2308,3442 2368,3442 2368,3382"/>
                    <TextEquiv>
                        <Unicode>auf</Unicode>
                    </TextEquiv>
                </Word>
                <Word id="tr_2_tl_70_w16" custom="readingOrder {index:15;}">
                    <Coords points="2385,3384 2385,3444 2439,3444 2439,3384"/>
                    <TextEquiv>
                        <Unicode>das</Unicode>
                    </TextEquiv>
                </Word>
                <Word id="tr_2_tl_70_w17" custom="readingOrder {index:16;}">
                    <Coords points="2467,3386 2467,3446 2549,3446 2549,3386"/>
                    <TextEquiv>
                        <Unicode>Kind</Unicode>
                    </TextEquiv>
                </Word>
                <Word id="tr_2_tl_70_w18" custom="readingOrder {index:17;}">
                    <Coords points="2577,3388 2577,3448 2637,3448 2637,3388"/>
                    <TextEquiv>
                        <Unicode>und</Unicode>
                    </TextEquiv>
                </Word>
                <Word id="tr_2_tl_70_w19" custom="readingOrder {index:18;}">
                    <Coords points="2665,3390 2665,3450 2720,3450 2720,3390"/>
                    <TextEquiv>
                        <Unicode>das</Unicode>
                    </TextEquiv>
                </Word>
                <Word id="tr_2_tl_70_w20" custom="readingOrder {index:19;}">
                    <Coords points="2743,3392 2743,3452 2874,3452 2874,3392"/>
                    <TextEquiv>
                        <Unicode>Grauen</Unicode>
                    </TextEquiv>
                </Word>
                <Word id="tr_2_tl_70_w21" custom="readingOrder {index:20;}">
                    <Coords points="2902,3395 2902,3455 2957,3455 2957,3395"/>
                    <TextEquiv>
                        <Unicode>vor</Unicode>
                    </TextEquiv>
                </Word>
                <Word id="tr_2_tl_70_w22" custom="readingOrder {index:21;}">
                    <Coords points="2979,3396 2979,3456 3028,3456 3028,3396"/>
                    <TextEquiv>
                        <Unicode>dem</Unicode>
                    </TextEquiv>
                </Word>
                <TextEquiv>
                    <Unicode>Schnitzler ebenfalls den besten heimischen Mu= Gelehrter beschäftigt hat. In einem eigenen Buch Hoffnung auf das Kind und das Grauen vor dem</Unicode>
                </TextEquiv>
            </TextLine>
            <TextEquiv>
                <Unicode></Unicode>
            </TextEquiv>
        </TextRegion>
    </Page>
</PcGts>
