3392 4320
440 129 572 189 stellung
609 128 685 188 oder
714 127 776 187 gar
827 127 882 187 bei
932 127 1023 187 einem
1094 127 1305 187 Heeresbest¬

439 175 594 235 schießen.
641 174 837 234 Natürlich,
864 172 910 232 ein
947 174 1179 234 Landesvater
1212 171 1299 231 hat's

432 224 514 284 nicht
541 222 649 282 leicht,
675 219 706 279 er
732 221 809 281 kann
867 220 918 280 sich
971 222 1058 282 seine
1106 222 1302 282 Tagesein¬

430 272 556 332 teilung
592 270 795 330 bekanntlich
851 270 937 330 nicht
989 269 1192 329 aussuchen.
1238 269 1303 329 Die

437 319 505 379 alte
527 318 702 378 berühmte
734 318 930 378 Höflichkeit
952 316 1004 376 der
1031 318 1164 378 Könige
1191 318 1228 378 ist
1255 315 1296 375 ein

436 366 551 426 saures
582 368 683 428 Amt,
709 367 739 427 zu
780 365 835 425 dem
887 366 957 426 noch
993 366 1073 426 dazu
1109 367 1205 427 frohe
1236 365 1301 425 und

441 414 570 474 festliche
601 414 720 474 Miene
752 414 897 474 gemacht
928 413 1052 473 werden
1089 416 1187 476 muß.
1213 413 1306 473 Viel¬

437 464 529 524 leicht
561 462 674 522 wußte
727 461 783 521 der
841 462 928 522 Herr
980 461 1306 521 Bundespräsident

435 512 595 572 übrigens
628 511 687 571 gar
709 509 811 569 nicht,
833 511 892 571 daß
919 509 1139 569 Oesterreichs
1172 511 1310 571 größter

441 560 565 620 Dichter
593 560 761 620 gestorben
800 555 848 615 ist,
870 556 913 616 ich
946 556 1021 616 bitt'
1044 558 1124 618 Sie,
1147 557 1304 617 Wichtig¬

435 606 514 666 keit,
531 605 562 665 in
605 606 705 666 diesen
749 605 966 665 aufgeregten
1026 607 1168 667 Zeiten.
1217 604 1306 664 Aber

444 653 612 713 schließlich
650 654 719 714 gibt
748 653 785 713 es
818 653 920 713 sogar
970 654 996 714 in
1035 652 1088 712 der
1138 652 1310 712 Republik

435 703 497 763 und
534 702 565 762 in
602 702 712 762 dieser
744 700 806 760 erst
833 701 916 761 recht
948 698 1016 758 noch
1053 700 1309 760 Sektionschefs

437 752 497 812 und
559 751 844 811 Präsidialisten,
917 751 1008 811 deren
1095 751 1309 811 verdammte

447 799 566 859 Pflicht
594 799 654 859 und
687 799 926 859 Schuldigkeit
949 798 981 858 es
1014 796 1068 856 ist,
1085 797 1139 857 ihr
1167 797 1313 857 Staats¬

440 848 631 908 oberhaupt
662 846 727 906 mit
753 848 980 908 entsprechend
1021 846 1158 906 devotem
1209 843 1314 903 Nach¬

439 896 527 956 bruck
557 896 764 956 aufmerksam
814 897 848 957 zu
883 895 1030 955 machen.

528 942 626 1002 Herrn
674 945 804 1005 Miklas
847 944 908 1004 hat
941 942 1102 1002 niemand
1144 942 1316 1002 aufmerk¬

442 992 493 1052 sam
540 992 705 1052 gemacht.
748 992 830 1052 Auch
867 991 955 1051 seine
987 990 1147 1050 Minister
1199 989 1318 1049 unter¬

439 1040 538 1100 ließen
578 1040 683 1100 diesen
722 1039 855 1099 lästigen
900 1037 1222 1097 Friedhofsbesuch,
1245 1039 1311 1099 nur

439 1089 490 1149 der
543 1089 715 1149 erkrankte
762 1086 1044 1146 Bürgermeister
1097 1088 1154 1148 der
1207 1088 1316 1148 Stadt

447 1136 531 1196 Wien
569 1139 632 1199 hat
659 1138 706 1198 sich
744 1136 908 1196 vertreten
951 1136 1046 1196 lassen
1089 1136 1152 1196 und
1190 1136 1311 1196 außer¬

441 1187 498 1247 dem
568 1187 636 1247 nur
689 1187 762 1247 noch
821 1186 879 1246 der
932 1184 1317 1244 Unterrichtsminister.

448 1235 524 1295 Auch
558 1234 663 1294 dieser
691 1233 779 1293 hielt
802 1231 834 1291 es
868 1232 1023 1292 offenbar
1057 1233 1111 1293 für
1140 1231 1311 1291 taktvoller

441 1282 506 1342 und
542 1282 734 1342 vermutlich
790 1284 866 1344 auch
922 1282 1216 1342 diplomatischer,
1257 1282 1297 1342 am

443 1330 552 1390 Grabe
577 1327 636 1387 des
672 1330 841 1390 Mannes,
886 1330 945 1390 der
971 1330 995 1390 in
1050 1330 1159 1390 seinem
1205 1330 1318 1390 „Pro¬

858 1373 923 1433 dem
1016 1375 1304 1435 ultramontanen

442 1378 542 1438 fessor
593 1378 805 1438 Bernhardi

445 1425 721 1485 österreichischen
835 1422 1162 1482 Unterrichtswesen

448 1474 624 1534 satirischen
664 1473 862 1533 Genickfang
902 1475 1039 1535 gegeben
1079 1473 1183 1533 hatte,
1206 1471 1311 1531 lieber

442 1524 535 1584 durch
614 1522 863 1582 Abwesenheit
914 1525 952 1585 zu
1014 1523 1175 1583 glänzen.
1248 1521 1313 1581 Als

441 1571 649 1631 routinierte
702 1572 947 1632 Oesterreicher
1000 1569 1099 1629 hegen
1156 1569 1224 1629 wir
1277 1566 1318 1626 da

444 1619 583 1679 nämlich
625 1616 718 1676 einen
780 1620 868 1680 ganz
931 1617 1076 1677 kleinen,
1128 1616 1309 1676 unschönen

453 1668 633 1728 Verdacht:
661 1665 693 1725 es
731 1666 813 1726 wird
852 1666 933 1726 schon
978 1666 1037 1726 kein
1075 1664 1206 1724 Zufall,
1234 1664 1320 1724 keine

453 1717 729 1777 Vergeßlichkeit,
784 1715 870 1775 keine
914 1715 1196 1775 Verschlampung
1262 1713 1321 1773 ge¬

446 1766 549 1826 wesen
583 1768 670 1828 sein.
720 1763 933 1823 Namentlich
967 1763 1054 1823 Herr
1088 1763 1235 1823 Miklas,
1257 1762 1317 1822 das

450 1813 520 1873 muß
558 1814 612 1874 ihm
661 1813 758 1873 selbst
786 1813 840 1873 der
895 1813 1144 1873 Parteigegner
1199 1811 1323 1871 lassen,

452 1864 524 1924 kann
561 1864 591 1924 ja
623 1863 695 1923 auch
727 1861 877 1921 anders.
919 1858 965 1918 Er
1013 1861 1074 1921 hat
1100 1861 1136 1921 am
1205 1859 1318 1919 Sarge

453 1912 555 1972 seines
616 1911 806 1971 politischen
872 1909 1062 1969 Antipoden
1138 1906 1317 1966 Matthias

451 1960 594 2020 Eldersch
623 1958 694 2018 sehr
722 1960 893 2020 würdige,
911 1959 938 2019 ja
966 1958 1176 2018 ergreifende
1199 1955 1314 2015 Worte

448 2010 662 2070 gesprochen.
684 2007 764 2067 Das
796 2007 893 2067 wäre
947 2007 1000 2067 ihm
1071 2008 1134 2068 nun
1194 2005 1322 2065 freilich

442 2058 528 2118 kraft
556 2055 709 2115 Arthurs
748 2053 955 2113 Schnitzlers
994 2055 1125 2115 eigenem
1180 2054 1315 2114 Wunsch

453 2108 517 2168 und
550 2106 664 2166 Willen
703 2103 855 2163 diesmal
882 2104 964 2164 nicht
992 2103 1127 2163 möglich
1160 2103 1328 2163 gewesen,

452 2157 529 2217 aber
561 2154 623 2214 kein
660 2154 769 2214 Staat
801 2151 853 2211 der
885 2151 993 2211 Erde,
1035 2151 1093 2211 der
1125 2151 1212 2211 nicht
1239 2152 1327 2212 ganz

453 2204 512 2264 vom
556 2202 664 2262 Geiste
692 2202 850 2262 verlassen
883 2202 936 2262 ist,
953 2199 1045 2259 hätte
1068 2199 1100 2259 es
1128 2201 1182 2261 bei
1204 2201 1307 2261 diesem

450 2253 557 2313 Anlaß
599 2249 831 2309 unterlassen,
883 2249 1090 2309 wenigstens
1132 2249 1193 2309 mit
1229 2249 1322 2309 einer

456 2303 541 2363 Geste
573 2299 599 2359 in
637 2297 865 2357 Erscheinung
903 2299 934 2359 zu
967 2297 1094 2357 treten.

534 2350 599 2410 Die
627 2347 791 2407 Republik
813 2347 1009 2407 Oesterreich
1037 2347 1146 2407 meint
1169 2345 1326 2405 offenbar

453 2399 534 2459 nicht
556 2399 649 2459 nötig
676 2399 709 2459 zu
737 2397 862 2457 haben,
901 2396 993 2456 wozu
1043 2396 1097 2456 sich
1147 2396 1245 2456 sogar
1273 2396 1326 2456 der

451 2446 554 2506 etwas
611 2445 818 2505 entferntere
871 2443 1062 2503 preußische
1094 2443 1321 2503 Unterrichts¬

453 2495 599 2555 minister
627 2494 810 2554 veranlaßt
838 2492 962 2552 fühlte.
1000 2491 1070 2551 Sie
1098 2491 1157 2551 ließ
1190 2488 1238 2548 sich
1266 2491 1303 2551 am

453 2543 562 2603 Grabe
589 2542 646 2602 des
678 2545 857 2605 Mannes,
899 2541 956 2601 der
1004 2539 1066 2599 den
1104 2539 1197 2599 Ruhm
1267 2539 1324 2599 des

453 2597 574 2657 jungen
607 2591 696 2651 Wien
734 2590 787 2650 bis
814 2591 845 2651 an
883 2588 930 2648 die
957 2590 1185 2650 entferntesten
1217 2587 1328 2647 Gren¬

451 2645 498 2705 zen
530 2643 582 2703 der
609 2636 820 2696 Kulturwelt
842 2638 996 2698 getragen
1028 2637 1101 2697 hat,
1118 2637 1207 2697 durch
1234 2637 1318 2697 zwei

458 2688 804 2748 Ministerialbeamte
857 2685 1042 2745 vertreten.
1090 2685 1203 2745 Sonst
1229 2685 1322 2745 durch

453 2741 577 2801 nichts,
605 2738 681 2798 aber
709 2736 795 2796 schon
834 2736 893 2796 gar
921 2735 1046 2795 nichts.
1069 2733 1133 2793 Sie
1162 2736 1221 2796 hat
1243 2733 1329 2793 nicht

455 2788 661 2848 kondoliert,
678 2785 762 2845 diese
784 2786 969 2846 Republik,
985 2784 1032 2844 die
1054 2781 1101 2841 sich
1134 2781 1191 2841 vor
1218 2783 1302 2843 einem

453 2834 953 2894 Akademietheater=Lustspiel
970 2834 1113 2894 fürchtet
1135 2831 1193 2891 und
1226 2830 1316 2890 deren

458 2887 588 2947 geistige
615 2886 625 2946 —
675 2884 767 2944 nein,
789 2882 940 2942 diesmal
963 2882 1028 2942 soll
1044 2882 1076 2942 es
1105 2879 1185 2939 nicht
1207 2880 1316 2940 heißen

457 2934 614 2994 geistliche
642 2930 652 2990 —
712 2931 983 2991 Würdenträger
1033 2930 1239 2990 Fersengeld
1272 2930 1331 2990 ge¬

453 2982 532 3042 ben,
548 2980 644 3040 wenn
676 2978 723 3038 die
750 2979 984 3039 Innsbrucker
1006 2978 1196 3038 christlichen
1229 2975 1329 3035 Post¬

458 3032 603 3092 beamten
639 3031 684 3091 ein
719 3029 905 3089 Aergernis
936 3026 1097 3086 nehmen.
1137 3026 1243 3086 Nein,
1283 3026 1318 3086 es

457 3079 570 3139 wurde
602 3078 689 3138 nicht
710 3076 921 3136 kondoliert,
943 3074 973 3134 es
1010 3076 1123 3136 wurde
1155 3075 1242 3135 nicht
1268 3073 1324 3133 zur

461 3127 623 3187 Kenntnis
658 3127 880 3187 genommen,
925 3124 958 3184 es
1013 3124 1131 3184 wurde
1181 3123 1328 3183 taktvoll

462 3177 707 3237 mißvergnügt
728 3174 973 3234 geschwiegen.

552 3223 679 3283 Gerade
706 3221 811 3281 dieses
844 3221 1035 3281 Schweigen
1072 3220 1199 3280 jedoch,
1242 3217 1326 3277 diese

461 3273 580 3333 einfach
606 3270 922 3330 herausfordernde
949 3267 1202 3327 Abwesenheit,
1239 3267 1327 3327 diese

460 3321 626 3381 scheinbar
689 3318 908 3378 unschuldige
961 3315 1336 3375 Nichtinformiertheit

458 3371 498 3431 ist
520 3369 684 3429 natürlich
736 3369 788 3429 die
840 3366 1082 3426 aufreizendste
1109 3364 1330 3424 Demonstra¬

457 3421 542 3481 tion,
563 3418 614 3478 die
645 3417 716 3477 man
747 3414 797 3474 sich
823 3414 879 3474 bei
905 3415 996 3475 einer
1022 3414 1139 3474 solchen
1175 3414 1246 3474 noch
1277 3413 1332 3473 da¬

460 3472 490 3532 zu
543 3467 651 3527 höchst
693 3464 920 3524 unpassenden
957 3464 1179 3524 Gelegenheit
1206 3461 1319 3521 denken

463 3517 559 3577 kann.
607 3513 686 3573 Man
729 3512 868 3572 versteht
895 3514 942 3574 sich
975 3512 1006 3572 ja
1039 3510 1065 3570 in
1103 3509 1331 3569 Altösterreich

460 3563 530 3623 sehr
550 3566 610 3626 gut
631 3565 692 3625 auf
713 3564 793 3624 diese
819 3563 884 3623 Art
905 3562 960 3622 von
991 3560 1334 3620 Demonstrationen,

458 3614 507 3674 die
559 3616 740 3676 sozusagen
802 3611 1014 3671 vernichtend
1071 3609 1202 3669 lautlos
1263 3607 1328 3667 und

465 3664 765 3724 himmelschreiend
802 3662 1005 3722 absichtslos
1041 3657 1103 3717 vor
1130 3658 1181 3718 sich
1218 3657 1337 3717 gehen.

457 3712 629 3772 Erinnert
655 3711 728 3771 man
764 3709 813 3769 sich
848 3708 941 3768 noch,
966 3707 1030 3767 mit
1056 3706 1149 3766 welch
1179 3705 1336 3765 inferna¬

461 3760 528 3820 lisch
559 3760 864 3820 wohlberechneter
891 3757 1222 3817 Ahnungslosigkeit
1248 3754 1331 3814 Karl

458 3811 651 3871 Schönherr
678 3809 713 3869 an
750 3808 852 3868 seinem
898 3805 1000 3865 letzten
1037 3803 1338 3863 Jubiläumstage

463 3858 545 3918 nicht
568 3861 827 3921 ausgezeichnet
844 3855 981 3915 wurde.
998 3854 1081 3914 Gibt
1103 3853 1136 3913 es
1159 3853 1186 3913 in
1203 3853 1313 3913 Oester

463 3909 537 3969 reich
569 3908 616 3968 ein
654 3906 722 3966 noch
754 3906 785 3966 so
812 3904 934 3964 naives
966 3903 1108 3963 Gemüt,
1151 3903 1214 3963 das
1246 3900 1330 3960 nicht

462 3959 594 4019 wüßte,
617 3957 777 4017 warum?
805 3955 883 4015 Vor
911 3957 994 4017 allem
1045 3954 1154 4014 wußte
1183 3954 1216 4014 es
1250 3951 1332 4011 Karl

1347 142 1401 202 dem
1451 145 1554 205 letzten
1589 145 1713 205 großen
1748 142 1876 202 Dichter
1926 140 1990 200 und
2040 139 2212 199 Träumer

1349 192 1592 252 Oesterreichs,
1613 192 1688 252 jene
1714 190 1800 250 letzte
1831 187 1922 247 Ehre
1948 186 1984 246 zu
2040 186 2222 246 erweisen,

1348 237 1400 297 die
1434 238 1468 298 er
1497 239 1598 299 unter
1632 237 1810 297 gegebenen
1854 233 2051 293 Umständen
2090 234 2196 294 keinem

1996 281 2197 341 verweigern

1347 288 1467 348 braven
1551 285 1904 345 Veteranenobmann

1354 335 1485 395 würde.
1506 335 1566 395 Die
1592 333 1774 393 Umstände
1795 333 1936 393 scheinen
1967 333 2053 393 uns,
2069 332 2205 392 scheinen

1350 380 1399 440 der
1430 383 1554 443 ganzen
1595 381 1825 441 Kulturwelt,
1845 380 2005 440 diesmal
2051 377 2215 437 durchaus

1353 431 1513 491 gegeben.
1535 431 1581 491 Es
1618 429 1691 489 gibt
1722 429 1806 489 keine
1837 427 1993 487 Ausrede
2025 427 2076 487 für
2108 426 2212 486 dieses

1356 479 1598 539 Fernbleiben,
1624 477 1709 537 keine
1736 476 1811 536 noch
1862 475 1897 535 so
1943 475 2100 535 amtliche
2146 472 2216 532 Ab¬

1353 530 1514 590 haltung,
1535 528 1623 588 keine
1650 527 1722 587 noch
1749 527 1779 587 so
1827 524 1993 584 feierliche
2045 524 2222 584 Dienstes¬

2255 142 2613 202 Geschlechtsverkehrs
2668 139 2858 199 bezichtigt,
2903 139 2961 199 der
3011 136 3104 196 einen

2258 187 2410 247 jüdischen
2469 186 2646 246 Gelehrten
2701 186 2759 246 zum
2823 184 2946 244 Helden
3020 183 3113 243 einer

2256 235 2419 295 klerikalen
2479 234 2696 294 Verfolgung
2751 231 2898 291 gemacht
2948 233 3027 293 hat,
3072 231 3106 291 an

2255 282 2358 342 diesem
2407 282 2524 342 Grabe
2574 281 2706 341 durften
2760 279 2814 339 die
2863 279 2995 339 Dichter
3045 279 3108 339 und

2264 332 2384 392 Denker
2415 330 2632 390 Oesterreichs
2668 330 2794 390 stehen,
2820 330 2895 390 aber
2926 330 3011 390 nicht
3062 329 3117 389 der

2262 377 2337 437 Herr
2369 377 2709 437 Bundespräsident.

2340 425 2450 485 Bitte,
2477 425 2562 485 Herr
2593 423 2933 483 Bundespräsident,
2979 425 3110 485 werden

2259 474 2320 534 Sie
2342 476 2607 536 dementieren?

2620 521 2812 581 Ludwig
2845 522 3068 582 Ullmann
