3344 4384
187 210 345 270 Wünsche
373 210 429 270 und
467 207 672 267 Interessen,
687 204 775 264 ihrer
804 201 1032 261 Forderungen

176 252 230 312 und
268 255 414 315 Stürme,
437 252 560 312 Arthur
588 249 771 309 Schnitzler
799 249 885 309 zählt
909 248 940 308 zu
973 246 1032 306 den

177 297 419 357 liebwertesten
458 295 627 355 Menschen
670 294 726 354 von
766 292 916 352 gestern.
947 288 1041 348 Seine

185 342 370 402 Menschen,
398 339 456 399 wie
488 338 520 398 er
552 337 597 397 sie
629 336 751 396 geliebt
783 336 842 396 und
874 333 1041 393 geschrie¬

180 385 253 445 ben,
275 387 339 447 sind
370 384 447 444 grau
477 384 671 444 geworden.
689 382 753 442 Aus
779 379 865 439 einer
891 378 1033 438 anderen

176 428 244 488 Zeit
272 429 418 489 kommen
451 428 496 488 sie
524 425 712 485 manchmal
735 422 762 482 in
790 422 877 482 diese
905 419 1037 479 heutige

185 474 239 534 und
276 473 316 533 sie
344 470 448 530 gehen
480 471 548 531 hier
576 467 621 527 ein
653 466 753 526 wenig
785 466 884 526 fremd
917 464 1043 524 umher,

177 518 239 578 mit
288 518 411 578 großen
474 514 535 574 und
598 510 849 570 verwunderten
912 509 1044 569 Augen,

185 562 262 622 denn
303 562 353 622 die
385 560 457 620 Zeit
503 560 589 620 ihrer
626 554 907 614 Abendstunden,
954 551 1039 611 ihrer

181 605 357 665 zärtlichen
395 602 600 662 Gespräche,
624 600 711 660 ihrer
740 598 819 658 Art,
843 596 963 656 Frauen
1001 595 1033 655 zu

182 648 345 708 erkennen
381 646 440 706 und
499 646 535 706 zu
576 644 684 704 rufen,
707 643 793 703 ihres
830 640 1042 700 Eine-Liebe¬

182 693 337 753 beginnen
374 691 433 751 und
466 689 511 749 sie
539 688 707 748 beenden,
731 684 799 744 sind
836 683 949 743 vorbei

224 739 351 799 Dahin.
382 733 549 793 Verweht.
599 733 662 793 Das
722 730 825 790 waren
865 726 1046 786 Lieblings¬

189 783 287 843 worte
320 781 442 841 Arthur
470 778 691 838 Schnitzlers,
720 772 775 832 der
804 772 850 832 bis
874 770 902 830 in
954 769 1043 829 seine

185 826 302 886 letzten
389 824 488 884 Jahre
575 814 1037 874 Vergangenheitsmenschen

184 867 371 927 zeichnete,
407 867 482 927 weil
514 866 545 926 er
581 862 678 922 keine
719 860 857 920 anderen
924 858 1048 918 kannte

190 912 245 972 und
278 912 372 972 keine
405 909 545 969 anderen
583 907 705 967 kennen
743 904 869 964 wollte.
893 903 935 963 Er
964 900 1047 960 lebte

183 957 206 1017 in
241 955 293 1015 der
317 954 432 1014 müden
462 954 586 1014 Sphäre
615 950 701 1010 eines
726 948 932 1008 glücklichen
971 942 1047 1002 Vor¬

189 996 516 1056 kriegs-Österreich,
563 995 624 1055 das
676 993 741 1053 sein
803 988 1046 1048 dichterisches

187 1044 285 1104 Reich
320 1042 491 1102 gewesen.
541 1041 628 1101 Noch
668 1038 756 1098 sieht
806 1035 874 1095 man
934 1032 1041 1092 seinen

185 1087 579 1147 nachdenklich-feschen
642 1080 810 1140 Leutnant
845 1076 945 1136 Gustl
994 1073 1056 1133 auf

186 1133 242 1193 der
272 1133 467 1193 Praterbank
501 1129 619 1189 sitzen,
639 1126 696 1186 aus
725 1124 777 1184 dem
820 1121 1039 1181 Volksgarten

190 1177 317 1237 kommt
342 1175 390 1235 die
420 1173 581 1233 Christine
611 1169 669 1229 und
699 1167 748 1227 die
773 1164 933 1224 Schlager
958 1163 1051 1223 Mizzi

183 1220 327 1280 spaziert
356 1217 452 1277 durch
486 1216 539 1276 die
573 1213 819 1273 Winkelgassen
858 1208 910 1268 der
945 1205 1055 1265 Josef¬

183 1265 288 1325 stadt,
308 1264 346 1324 um
385 1262 553 1322 irgendwo
583 1259 635 1319 bei
660 1258 746 1318 einem
785 1253 890 1313 netten
924 1251 1049 1311 Nacht¬

190 1309 281 1369 mahl
306 1306 407 1366 dabei
432 1306 465 1366 zu
494 1303 581 1363 sein.

237 1349 301 1409 Wie
337 1349 412 1409 woit
437 1350 482 1410 ist
508 1348 567 1408 das
593 1346 669 1406 alles
704 1341 759 1401 von
795 1340 854 1400 der
880 1339 1030 1399 Sachlich

192 1397 260 1457 keit
290 1396 349 1456 und
384 1394 520 1454 Schärfe
555 1390 609 1450 des
639 1387 736 1447 Radio
771 1384 829 1444 und
864 1382 1031 1442 Flugzeug

189 1441 316 1501 Heute,
342 1438 366 1498 in
401 1438 459 1498 dem
524 1437 573 1497 die
603 1428 1060 1488 Anatol-Empfindsamkeit,

190 1483 334 1543 Liebelei
363 1483 421 1543 und
460 1481 556 1541 Liebe
595 1477 652 1537 von
692 1474 894 1534 Schnitzlers
943 1469 1058 1529 Alge¬

187 1527 326 1587 sandten
387 1525 471 1585 nach
537 1520 713 1580 vergilbten
779 1515 1044 1575 Seidenbändern

194 1572 341 1632 riechen.
396 1568 455 1628 Die
494 1565 720 1625 Beziehungen
785 1560 838 1620 der
874 1557 1050 1617 Menschen

187 1617 293 1677 haben
336 1615 398 1675 sich
447 1611 639 1671 verändert,
669 1605 909 1665 Leidenschaft
943 1602 1049 1662 findet

194 1661 313 1721 andere
352 1657 567 1717 Deutungen,
616 1653 682 1713 seit
707 1653 797 1713 mohr
831 1650 927 1710 gotan
989 1647 1051 1707 und

198 1704 338 1764 weniget
374 1701 520 1761 gedacht
551 1698 646 1758 wird,
672 1697 726 1757 der
757 1694 863 1754 ganze
898 1689 1039 1749 Zärtlich

194 1747 406 1807 keitsbetrieb
460 1745 520 1805 der
569 1738 860 1798 Schnitzler-Weit
915 1733 959 1793 ist
1009 1736 1058 1796 ins

195 1792 340 1852 Wanken
372 1790 527 1850 geraten,
549 1787 637 1847 keine
669 1784 830 1844 Komödio
862 1781 918 1841 der
945 1778 1059 1838 Worte

192 1838 300 1898 mehr,
330 1836 399 1896 kein
439 1835 532 1895 Spiel
563 1831 622 1891 der
657 1829 770 1889 Sinne,
800 1825 899 1885 koin»
934 1823 1037 1883 melan

199 1883 337 1943 cholisch
371 1878 582 1938 geflüstorten
616 1874 711 1934 Sätze
740 1871 773 1931 an
808 1868 1052 1928 straenerken

197 1928 226 1988 im
277 1925 438 1985 fallenden
479 1922 620 1982 Schnee.
671 1916 741 1976 Nur
777 1915 923 1975 JJuruhe,
974 1910 1064 1970 Haß,

198 1969 440 2029 mörderischer
469 1963 725 2023 Lebenskampf,
744 1957 968 2017 Stimmungen
996 1954 1056 2014 und

196 2014 403 2074 Tatsachen,
453 2011 556 2071 denen
596 2006 798 2066 Schnitzlers
833 1999 927 2059 Werk
991 1999 1055 2059 fern

195 2056 369 2116 geblieben
400 2056 459 2116 ist.

246 2103 290 2163 Er
316 2101 356 2161 ist
382 2100 442 2160 der
468 2098 603 2158 Dichter
649 2092 780 2152 sanfter
806 2089 1003 2149 Deutungen
1033 2088 1058 2148 in

209 2143 512 2203 Menschenkreisen
572 2140 607 2200 um
662 2136 1001 2196 Neunzehnhundert,
1034 2132 1065 2192 er

203 2190 264 2250 hat
294 2190 365 2250 eine
399 2187 495 2247 Reihe
553 2181 826 2241 unvergeßlicher
860 2178 1070 2238 österreichi¬

203 2235 296 2295 zcher
326 2232 492 2292 Menschen
527 2227 713 2287 gedichtet,
733 2224 836 2284 kleine
866 2223 919 2283 urd
949 2223 1071 2283 große,

204 2279 378 2339 Gelehrte,
425 2273 699 2333 Kapellmeister,
751 2268 910 2328 Fürsten,
957 2265 1075 2325 Ärzte,

205 2321 461 2381 Schriftsteller.
510 2317 569 2377 Mit
595 2313 796 2373 besonderer
826 2310 973 2370 Vorliebe
1004 2310 1072 2370 gei¬

201 2367 284 2427 stige
318 2364 453 2424 Berufe,
473 2363 552 2423 denn
586 2360 632 2420 sie
661 2358 782 2418 konnte
816 2355 844 2415 er
873 2355 924 2415 die
953 2353 1065 2413 echten

200 2407 504 2467 Schnitzler-Sätze
533 2404 687 2464 sprechen
716 2399 842 2459 lassen,
861 2398 949 2458 diese
978 2399 1076 2459 schö¬

209 2456 287 2516 nen,
337 2450 525 2510 elegischen
584 2444 974 2504 Nachdenklichkeiten,
1024 2441 1073 2501 die

203 2498 319 2558 immer
366 2495 530 2555 zwischen
563 2492 623 2552 Tod
662 2491 722 2551 und
760 2489 862 2549 Leben
915 2486 1078 2546 standen,

209 2543 280 2603 voll
305 2540 515 2600 Schwermut
544 2537 601 2597 und
635 2537 659 2597 im
702 2534 807 2594 Glanz
837 2531 889 2591 der
923 2531 1076 2591 österrei¬

212 2588 364 2648 chischen
402 2583 521 2643 Natur.

254 2627 349 2687 Diese
390 2626 495 2686 Natur
551 2623 606 2683 hat
642 2623 763 2683 Arthur
799 2619 984 2679 Schnitzler
1020 2616 1075 2676 ge¬

213 2674 285 2734 liebt
304 2674 363 2734 mit
382 2671 469 2731 einer
492 2668 661 2728 stärkeren
689 2666 835 2726 Naigung
859 2663 904 2723 als
923 2662 1078 2722 mancher

218 2719 326 2779 derer,
346 2716 394 2776 die
419 2716 601 2776 pathetisch
636 2711 733 2771 Berg,
754 2707 857 2767 Wiese
887 2707 945 2767 und
980 2707 1058 2767 Halm

224 2762 336 2822 lyrisch
381 2758 582 2818 bekränzen.
617 2755 680 2815 Der
721 2752 1064 2812 Sommerhaidenweg

222 2808 325 2868 wurde
358 2806 407 2866 ihm
453 2806 508 2866 zur
535 2800 935 2860 schmerzlich-einsamen
972 2797 1080 2857 Land¬

221 2852 332 2912 schaft
361 2850 416 2910 des
445 2847 739 2907 Spaciergangers,
782 2843 844 2903 der
873 2841 928 2901 aus
957 2841 1082 2901 gesell¬

241 2948 456 3008 schaftlichen
493 2941 693 3001 Vorurteilen
729 2937 785 2997 den
817 2934 894 2994 Weg
925 2934 971 2994 ins
1003 2932 1095 2992 Freie
1131 2929 1182 2989 des
1213 2925 1388 2985 Genießens
1420 2923 1455 2983 zu
1487 2921 1594 2981 freuen
1651 2919 1707 2979 und
1764 2917 1810 2977 sie
1836 2913 1969 2973 formten

236 2992 340 3052 fand.
360 2990 393 3050 Im
436 2986 607 3046 Medardus
636 2982 703 3042 lebt
732 2981 784 3041 das
818 2979 879 3039 alte
913 2976 998 3036 Wien
1037 2976 1094 3036 und
1133 2970 1409 3030 unvergängliche
1443 2966 1537 3026 Sätze
1595 2964 1671 3024 über
1724 2960 1771 3020 die
1805 2958 1900 3018 Liebe
1934 2956 1976 3016 als

1131 3018 1193 3078 eine
1221 3015 1293 3075 tiefe
1321 3012 1420 3072 Sache
1448 3009 1502 3069 des
1525 3008 1688 3068 Herzens.
1707 3003 1828 3063 Frauen
1861 3000 1982 3060 experi¬

242 3034 278 3094 es
305 3032 441 3092 schadet
468 3030 523 3090 der
546 3026 785 3086 französischen
818 3023 953 3083 Familie
1003 3021 1107 3081 nicht.

245 3078 301 3138 daß
335 3074 378 3134 sie
407 3074 430 3134 im
469 3072 602 3132 Grunde
631 3070 698 3130 eine
727 3067 855 3127 Wiener
884 3064 1017 3124 Familie
1047 3062 1103 3122 ist,
1133 3058 1318 3118 mentierten
1381 3054 1438 3114 mit
1472 3052 1557 3112 ihren
1601 3050 1777 3110 Männern,
1830 3047 1901 3107 weil
1935 3045 1977 3105 sie

1131 3104 1216 3164 diese
1249 3101 1307 3161 Art
1335 3100 1493 3160 geistigen
1530 3095 1761 3155 Zeitvertreibs
1793 3089 1974 3149 goutierten

243 3122 295 3182 die
348 3119 376 3179 im
425 3116 563 3176 Cottage
597 3114 644 3174 ihr
679 3110 845 3170 Schlössel
875 3110 946 3170 hat.
994 3107 1099 3167 Durch

235 3166 304 3226 alle
333 3163 421 3223 seine
449 3159 792 3219 Menschengesichter
844 3152 964 3212 blickte
997 3151 1099 3211 dieses
1137 3147 1192 3207 und
1225 3145 1359 3205 Männer
1388 3143 1513 3203 stellten
1569 3140 1639 3200 ihre
1672 3136 1792 3196 Frauen
1829 3134 1880 3194 zur
1913 3132 1982 3192 Dis¬

242 3208 454 3268 wienerische
486 3205 626 3265 Antlitz,
672 3201 780 3261 dieses
835 3196 1106 3256 Traumwandle-
1134 3191 1287 3251 kussion,
1328 3187 1478 3247 kosteten
1514 3185 1559 3245 die
1596 3182 1785 3242 Bitternisse
1813 3179 1898 3239 rings
1935 3177 1971 3237 um

1137 3236 1191 3296 den
1232 3233 1409 3293 sinnlichen
1450 3228 1581 3288 Betrieb
1623 3227 1681 3287 und
1722 3224 1876 3284 tauchten
1917 3221 1980 3281 mit

244 3250 347 3310 rische
380 3250 403 3310 im
445 3248 608 3308 Begehren
646 3245 702 3305 und
740 3243 955 3303 Verzichten,
997 3240 1104 3300 dieses

242 3292 699 3352 Abschiedswillkommene,
731 3289 785 3349 das
826 3286 884 3346 mit
921 3283 979 3343 dem
1035 3282 1097 3342 Tod
1143 3277 1252 3337 weisen
1293 3277 1455 3337 Sprüchen
1519 3271 1578 3331 aus
1637 3268 1695 3328 dem
1750 3266 1994 3326 Seelendunkel

1139 3322 1256 3382 wieder
1280 3319 1312 3379 an
1345 3319 1410 3379 diie
1439 3316 1650 3376 Oberfläche.

245 3340 354 3400 innige
388 3337 613 3397 Beziehungen
651 3333 761 3393 hatte.
785 3330 842 3390 Die
876 3327 1096 3387 Todesbereit

1179 3367 1219 3427 Es
1269 3364 1332 3424 war
1383 3362 1477 3422 schon
1514 3359 1609 3419 schön
1645 3361 1672 3421 in
1709 3355 1763 3415 der
1791 3354 1989 3414 Schnitzler-

246 3383 357 3443 schaft
381 3382 488 3442 seiner
521 3378 656 3438 Figuren
694 3375 787 3435 ergab
839 3373 909 3433 sich
970 3373 1025 3433 wie
1063 3370 1104 3430 ein

1142 3409 1286 3469 Gegend.
1301 3409 1353 3469 Sie
1373 3409 1421 3469 lag
1451 3405 1479 3465 in
1509 3405 1561 3465 der
1586 3401 1855 3461 untergehenden
1885 3397 1985 3457 Sonne

244 3427 455 3487 Abenteuer,
499 3423 556 3483 das
588 3421 631 3481 sie
663 3421 724 3481 mit
755 3419 808 3479 dem
857 3416 1002 3476 Jenseits
1037 3415 1112 3475 vor¬

246 3472 371 3532 haben,
418 3468 446 3528 in
507 3466 650 3526 schönen
711 3462 930 3522 hauchzarten
972 3459 1102 3519 Worten
1140 3455 1195 3515 des
1228 3454 1307 3514 alten
1344 3451 1530 3511 Östereich.
1572 3447 1604 3507 In
1637 3446 1683 3506 ihr
1717 3444 1805 3504 tönte
1842 3440 1921 3500 Wien
1958 3439 1986 3499 in

1143 3498 1222 3558 einer
1246 3495 1325 3555 ganz
1354 3492 1551 3552 besonderen
1584 3489 1701 3549 Musik,
1724 3486 1771 3546 die
1795 3486 1884 3546 nicht
1903 3483 1991 3543 mehr

246 3516 347 3576 zogen
400 3513 448 3573 sie
479 3510 572 3570 dahin
629 3507 686 3567 und
744 3505 999 3565 verschwanden
1057 3503 1092 3563 au

244 3555 639 3615 Nimmerwiedersehen.
672 3549 759 3609 Viele
797 3546 904 3606 seiner
937 3546 1103 3606 Gestalten
1146 3540 1405 3600 wiederkommt.
1448 3536 1536 3596 Denn
1583 3532 1773 3592 Schnitzler
1820 3528 1875 3588 hat
1922 3528 1986 3588 eine

1142 3585 1253 3645 Schule
1282 3582 1477 3642 begründet,
1510 3580 1542 3640 er
1566 3578 1627 3638 hat
1650 3576 1818 3636 Menschen
1851 3573 1883 3633 um
1921 3570 1986 3630 sich

246 3603 395 3663 schickte
433 3597 615 3657 Schnitzler
671 3596 698 3656 in
736 3594 778 3654 ein
820 3591 932 3651 „obles
965 3591 1095 3651 Sterben

1142 3629 1276 3689 gehabt,
1296 3627 1347 3687 die
1375 3627 1459 3687 seine
1488 3624 1567 3684 Luft
1591 3622 1754 3682 atmeten,
1778 3618 1852 3678 aber
1881 3613 1992 3673 keiner

246 3646 348 3706 meist
372 3646 409 3706 am
451 3643 605 3703 Abgrund
642 3639 726 3699 einer
754 3636 1005 3696 Leidenschaft,
1029 3633 1108 3693 nach

1142 3672 1197 3732 hat
1226 3672 1253 3732 es
1282 3672 1314 3732 zu
1347 3670 1449 3730 seinem
1496 3668 1608 3728 Geist,
1632 3664 1734 3724 seiner
1763 3660 1995 3720 Leichtigkeit,

253 3689 483 3749 vergeblichen
527 3684 784 3744 Erkenntnissen
824 3680 983 3740 schritten
1028 3678 1111 3738 seine

253 3732 433 3792 srotischen
471 3729 675 3789 Abenteurer
704 3726 759 3786 dem
806 3724 945 3784 Jenseits
978 3722 1033 3782 zu.
1057 3720 1112 3780 Mit
1146 3716 1252 3776 seiner
1285 3712 1545 3772 zeichnerischen
1587 3708 1786 3768 Vollendung
1829 3704 2000 3764 gebracht.

1146 3758 1192 3818 Ein
1249 3758 1328 3818 paar
1361 3755 1553 3815 versuchten
1591 3753 1679 3813 seine
1712 3749 1899 3809 Stirnlocke
1951 3746 1988 3806 zu

247 3776 448 3836 klingendem
493 3772 688 3832 Wortspiel.
708 3771 747 3831 Er
777 3770 830 3830 hat
861 3767 909 3827 für
939 3767 983 3827 sie
1013 3764 1120 3824 Pisto¬

1142 3803 1313 3863 kopieren,
1337 3803 1457 3863 andero
1491 3800 1605 3860 trugen
1644 3794 1748 3854 seinen
1787 3794 1882 3854 Bart.
1907 3788 1992 3848 Aber

253 3824 300 3884 len
339 3818 449 3878 bereit
502 3815 645 3875 gehabt,
698 3813 831 3873 Teiche,
865 3812 1099 3872 Spitalsbetten

1142 3848 1256 3908 keiner
1295 3846 1380 3906 hatte
1424 3845 1471 3905 die
1510 3842 1677 3902 visionäre
1716 3836 1911 3896 Helligkeit,
1941 3833 1993 3893 die

257 3866 402 3926 Veronal
431 3863 489 3923 und
524 3860 610 3920 stille
644 3857 793 3917 Weiber.

295 3909 344 3969 Sie
378 3906 486 3966 waren
525 3905 584 3965 alle
614 3902 780 3962 geborene
815 3899 946 3959 Wiener
976 3897 1118 3957 Leiden-
1148 3892 1201 3952 zur
1231 3890 1436 3950 Erschaffung
1471 3887 1529 3947 der
1559 3885 1642 3945 Welt
1672 3882 1725 3942 des
1760 3881 1906 3941 Dichters
1936 3879 1995 3939 not

249 3953 430 4013 schaftler,
450 3950 507 4010 der
531 3947 617 4007 Herr
646 3946 703 4006 von
737 3943 828 4003 Sala,
852 3943 909 4003 der
938 3942 1024 4002 Herr
1053 3940 1110 4000 von
1144 3935 1215 3995 tut.
1240 3932 1302 3992 Und
1340 3932 1369 3992 es
1398 3933 1464 3993 war
1498 3930 1565 3990 eine
1599 3927 1699 3987 Welt,
1723 3925 1809 3985 wenn
1843 3924 1886 3984 sie
1915 3922 1995 3982 auch

253 3998 439 4058 Hofreiter,
481 3992 541 4052 der
569 3991 671 4051 Georg
709 3988 917 4048 Wergenthin
955 3985 1015 4045 und
1071 3983 1112 4043 sie
1150 3978 1233 4038 zarte
1266 3976 1610 4036 blumenbewachsene
1643 3970 1809 4030 Staketten
1847 3966 2000 4026 umzäun¬

1146 4024 1193 4084 ten
1227 4021 1285 4081 und
1319 4024 1472 4084 nirgends
1506 4019 1549 4079 ein
1583 4015 1794 4075 unendliches
1823 4012 1909 4072 Meer
1938 4009 2000 4069 war

258 4044 380 4104 trieben
410 4041 478 4101 ihre
508 4036 695 4096 Aventuren
730 4032 891 4092 zwischen
926 4030 980 4090 den
1019 4027 1112 4087 Viller

255 4087 316 4147 und
347 4086 470 4146 Gärten
507 4083 558 4143 des
584 4079 728 4139 Cottage
759 4077 815 4137 und
847 4076 903 4136 der
929 4075 1119 4135 Hietzinger
1156 4067 1232 4127 oder
1264 4066 1314 4126 die
1346 4065 1515 4125 heroische
1552 4060 1654 4120 Natur
1686 4057 1912 4117 Beethovens.
1943 4054 2004 4114 Ge-

256 4128 481 4188 Landschaft,
502 4125 548 4185 sie
574 4124 707 4184 standen
744 4120 800 4180 mit
826 4120 949 4180 Anmut
981 4119 1031 4179 des
1063 4116 1124 4176 Er-
1151 4112 1227 4172 rade
1259 4111 1356 4171 darum
1397 4110 1438 4170 ist
1464 4107 1495 4167 es
1531 4107 1623 4167 schön
1660 4105 1685 4165 in
1721 4102 1772 4162 der
1804 4099 1983 4159 Schnitzler

1646 4149 1803 4209 Siegfried
1839 4146 1961 4206 Geyer.

261 4179 365 4239 lobens
396 4176 421 4236 in
452 4173 536 4233 ihrer
562 4170 667 4230 Welt,
683 4166 727 4226 sie
758 4163 948 4223 verstanden
984 4160 1034 4220 es,
1055 4160 1114 4220 sich
1150 4157 1280 4217 Gegend
1311 4155 1481 4215 gewesen.

2562 398 2948 458 OSTERREICH

2482 449 2587 509 zburg
2619 449 2631 509 /
2649 449 2874 509 Semmering

2421 494 2568 554 Saccara
2610 496 2622 556 —
2675 494 2819 554 Chemin
2852 494 2893 554 de
2927 494 2975 554 fer

2336 560 2595 620 Sichische
2638 561 2818 621 Casino
2860 562 2906 622 A.
2934 563 2980 623 G.

2297 611 2347 671 III,
2370 606 2901 666 Schwarzenbergplatz
2934 610 2970 670 5a

2153 739 2612 799 „OBSERVER"

2386 787 2408 847 1.
2426 787 2527 847 österr.
2546 784 2697 844 behördlich
2728 787 2976 847 konzessioniertes

2276 890 2518 950 Schlesische
2552 881 2839 941 Tageszeitung

2475 942 2635 1002 Breslau

2532 1047 2605 1107 Nr.
2626 1035 2643 1095 2
2682 1030 2699 1090 9
2738 1029 2765 1089 8

2568 1137 2593 1197 2
2618 1133 2785 1193 8.10.36

2160 1253 2342 1313 Füdischer
2356 1256 2460 1316 Traum
2520 1257 2814 1317 AmbFahrestag
2834 1253 2892 1313 des
2919 1251 3022 1311 Todes

2517 1297 2636 1357 Arphur
2668 1294 2931 1354 Schhitzzers
2969 1291 3025 1351 hat

2174 1294 2233 1354 von
2264 1294 2354 1354 Wien

2515 1333 2554 1393 sich
2591 1333 2641 1393 der
2677 1329 2803 1389 Wiener
2829 1331 2925 1391 „Tag
2976 1327 3026 1387 er¬

2184 1372 2288 1432 laubt,
2311 1373 2360 1433 den
2388 1375 2514 1435 Genius
2548 1373 2596 1433 der
2625 1372 2729 1432 Stod/
2751 1371 2839 1431 Wien
2878 1369 2938 1429 und
2966 1366 3015 1426 des

2182 1412 2429 1472 österreichischen
2476 1411 2641 1471 Deytschen
2683 1409 2921 1469 gleichzusetzen
2968 1405 3029 1465 mit

2177 1450 2229 1510 dem
2273 1451 2364 1511 Geist
2403 1452 2499 1512 dieses
2547 1450 2691 1510 jüdischen
2739 1448 2922 1508 Literaten.
2965 1444 3013 1504 Am

2182 1490 2287 1550 Grabe
2313 1492 2499 1552 Schnitzlers
2525 1491 2646 1551 ergießt
2667 1489 2712 1549 sich
2738 1488 2787 1548 der
2814 1486 3035 1546 Feuilletonist

2182 1528 2231 1588 des
2266 1530 2394 1590 Wiener
2429 1527 2557 1587 Blattes
2597 1527 2621 1587 in
2661 1527 2863 1587 seraphischen
2903 1524 3036 1584 Tönen:

2184 1570 2269 1630 „Und
2303 1569 2331 1629 es
2365 1569 2441 1629 liegt
2470 1569 2537 1629 dort
2566 1568 2719 1628 begraben
2758 1566 2810 1626 das
2844 1564 2939 1624 Letzte
2968 1563 3020 1623 von

2188 1608 2271 1668 jenem
2316 1608 2478 1668 barocken,
2508 1606 2793 1666 völkergemischten
2838 1605 2950 1665 Wien,
2975 1602 3029 1662 das

2183 1647 2243 1707 mit
2281 1647 2448 1707 Canaletto
2496 1647 2612 1707 begann
2659 1644 2719 1704 und
2762 1644 2822 1704 mit
2860 1642 3032 1702 Schnitzler

2184 1686 2308 1746 endete.
2356 1689 2428 1749 Der
2476 1686 2710 1746 österreichische
2764 1683 2883 1743 Mensch
2936 1680 3031 1740 dieser

2186 1724 2298 1784 Epoche
2328 1726 2411 1786 stand
2441 1724 2573 1784 zwischen
2608 1724 2686 1784 Sein
2720 1721 2779 1781 und
2809 1721 2941 1781 Schein.
2961 1718 3029 1778 Das

2187 1764 2266 1824 Sein
2303 1765 2371 1825 löste
2403 1764 2434 1824 er
2467 1763 2525 1823 auf
2557 1763 2614 1823 und
2647 1761 2778 1821 erhöhte
2811 1763 2836 1823 es
2874 1760 2900 1820 im
2948 1757 3037 1817 Geist

2183 1804 2244 1864 und
2281 1803 2347 1863 war
2380 1802 2468 1862 dabei
2497 1802 2702 1862 rettungslos
2736 1802 2796 1862 und
2829 1799 3039 1859 hemmungs¬

2188 1844 2230 1904 los
2264 1844 2288 1904 in
2318 1844 2365 1904 den
2394 1844 2504 1904 Schein
2534 1841 2683 1901 verliebt.
2702 1841 2802 1901 Seine
2828 1838 3038 1898 Melancholie

2185 1884 2255 1944 war
2279 1883 2372 1943 Wert
2395 1882 2451 1942 und
2479 1880 2614 1940 Unwert
2638 1880 2689 1940 des
2718 1880 2875 1940 Irdischen
2909 1877 3039 1937 erkannt

2188 1927 2215 1987 zu
2248 1923 2364 1983 haben,
2384 1922 2439 1982 und
2472 1922 2528 1982 sein
2561 1922 2644 1982 amor
2673 1922 2733 1982 fati
2757 1919 2887 1979 trotzdem
2929 1916 3022 1976 diesem

2189 1963 2350 2023 Irdischen
2380 1960 2582 2020 anzuhangen
2618 1958 2673 2018 und
2704 1958 2734 2018 es
2770 1959 2850 2019 nicht
2876 1957 2906 2017 zu
2937 1955 3047 2015 lassen.

2189 2002 2299 2062 Dieser
2335 2000 2562 2060 österreichische
2598 1999 2739 2059 Mensch,
2765 2000 2815 2060 der
2851 1999 2896 2059 sich
2937 1994 3037 2054 hinter

2188 2041 2346 2101 allerhand
2417 2040 2552 2100 Masken
2623 2038 2776 2098 versteckt,
2833 2035 2945 2095 wurde
3006 2032 3034 2092 in

2192 2083 2379 2143 Schnitzlers
2408 2077 2500 2137 Werk
2524 2077 2594 2137 noch
2627 2077 2748 2137 einmal
2772 2075 2917 2135 lebendig
2945 2073 2973 2133 in
3006 2072 3047 2132 all

2194 2122 2287 2182 seinen
2320 2119 2643 2179 Differenzierungen
2676 2116 2736 2176 und
2764 2116 3049 2176 Schattierungen,

2195 2160 2219 2220 in
2254 2160 2347 2220 seinen
2382 2157 2627 2217 Verspielheiten
2662 2154 2720 2214 und
2750 2154 2779 2214 in
2814 2154 2911 2214 seiner
2942 2150 3044 2210 dämo¬

2194 2198 2304 2258 nischen
2339 2196 2424 2256 Nähe
2455 2195 2485 2255 zu
2516 2195 2646 2255 Grauen
2687 2194 2741 2254 und
2772 2193 2892 2253 Wahn.
2913 2190 3028 2250 Darum

2198 2240 2228 2300 ist
2265 2238 2331 2298 auch
2368 2235 2393 2295 in
2435 2235 2604 2295 Schnitzler
2636 2233 2728 2293 Wien
2770 2234 2800 2294 zu
2837 2232 2944 2292 finden
2986 2229 3042 2289 wie

2199 2278 2275 2338 sonst
2295 2275 2510 2335 nirgendwo.“
2530 2274 2630 2334 Nein,
2645 2274 2731 2334 sagen
2755 2274 2831 2334 wir,
2847 2273 2894 2333 die
2914 2271 2970 2331 wir
2990 2268 3042 2328 den

2192 2316 2459 2376 alpenländischen
2527 2316 2699 2376 Deutschen
2771 2312 2923 2372 während
2991 2307 3043 2367 der

2196 2356 2543 2416 Wafsenbrüderschaft
2579 2352 2634 2412 des
2675 2352 2882 2412 Weltkrieges
2923 2349 3038 2409 kennen

2201 2396 2323 2456 gelernt
2353 2393 2471 2453 haben,
2496 2393 2550 2453 der
2580 2390 2810 2450 Oesterreicher
2846 2387 2880 2447 ist
2915 2387 2993 2447 nicht
3023 2385 3047 2445 so

2197 2435 2329 2495 schlapp,
2349 2436 2368 2496 so
2394 2432 2742 2492 süßlich=sentimental,
2762 2429 2958 2489 träumerisch
2983 2426 3052 2486 ver¬

2200 2477 2307 2537 spielt,
2329 2477 2385 2537 wie
2416 2474 2447 2534 es
2494 2474 2555 2534 uns
2597 2474 2669 2534 eine
2706 2471 2829 2531 gewisse
2861 2468 3051 2528 Belletristik

2193 2579 2300 2639 Nicht
2320 2576 2377 2636 die
2403 2573 2530 2633 Klinge
2563 2570 2601 2630 ist
2628 2567 2768 2627 schuld!
2794 2566 2870 2626 Denn
2896 2564 2972 2624 wenn
2998 2561 3049 2621 hre

2187 2623 2275 2683 Haut
2285 2620 2355 2680 rissig
2379 2620 2430 2680 und
2450 2616 2562 2676 sprôde
2581 2614 2622 2674 ist,
2627 2613 2697 2673 kann
2721 2611 2814 2671 selbst
2824 2608 2866 2668 die

2195 2665 2281 2725 beste
2301 2663 2489 2723 Rasierklinge
2509 2659 2581 2719 nicht
2591 2657 2658 2717 glatt
2669 2656 2798 2716 derüber

2197 2710 2373 2770 hingleiten.
2389 2709 2525 2769 Kräftigen
2556 2704 2609 2764 und
2639 2701 2741 2761 glätten

2196 2758 2243 2818 Sie
2270 2757 2365 2817 deher
2382 2754 2435 2814 ihre
2456 2751 2535 2811 Haut
2552 2749 2599 2809 vor
2648 2746 2753 2806 Einsei¬

2203 2803 2246 2863 ten
2276 2802 2319 2862 mit
2335 2798 2555 2858 Nivea-Creme.
2571 2794 2628 2854 Der
2644 2791 2746 2851 Gehal

2204 2847 2232 2907 en
2256 2848 2359 2908 Euzert
2371 2846 2468 2906 macht
2481 2842 2567 2902 Nives
2585 2839 2613 2899 so
2632 2838 2775 2898 wirksem.
2787 2834 3029 2894 c

2203 2928 2298 2988 unter
2330 2925 2488 2985 Führung
2521 2925 2573 2985 von
2610 2922 2737 2982 Rudolf
2764 2920 2854 2980 Hans
2881 2919 3049 2979 Bartsch

2203 2965 2263 3025 und
2315 2967 2441 3027 Arthur
2479 2965 2647 3025 Schnitzler
2699 2961 2899 3021 weismachen
2942 2958 3058 3018 wollte.

2205 3009 2388 3069 Schnitzlers
2419 3006 2453 3066 um
2498 3005 2547 3065 ihr
2572 3003 2770 3063 genüßliches
2800 3003 2894 3063 Leben
2929 2997 3057 3057 spielen¬

2201 3044 2255 3104 den
2309 3044 2487 3104 Offiziere,
2531 3041 2609 3101 seine
2659 3039 2920 3099 sentimentalen,
2960 3036 3048 3096 süßen

2205 3083 2323 3143 Mädel
2348 3083 2402 3143 mit
2427 3083 2510 3143 ihrer
2536 3080 2737 3140 rassinierten
2772 3077 2934 3137 Naivität,
2955 3077 2998 3137 die
3024 3074 3057 3134 sie

2205 3122 2449 3182 unbekümmert
2514 3119 2541 3179 in
2614 3118 2927 3178 Absteigequartiere
2996 3112 3054 3172 und

2205 3164 2470 3224 Offiziersbuden
2505 3159 2612 3219 führt,
2647 3159 2725 3219 seine
2760 3158 3049 3218 lebenshungrigen

2211 3203 2473 3263 Bürgersfrauen
2504 3200 2564 3260 und
2590 3199 2792 3259 dekadenten,
2813 3197 2853 3257 sich
2879 3194 2969 3254 selbst
2990 3194 3065 3254 nicht

2203 3243 2292 3303 mehr
2325 3242 2601 3302 ernstnehmenden
2639 3236 2873 3296 Aristokraten,
2901 3236 2957 3296 wie
2991 3233 3055 3293 man

2213 3282 2247 3342 sie
2278 3283 2348 3343 auch
2384 3278 2439 3338 von
2485 3277 2540 3337 den
2586 3277 2802 3337 Textbüchern
2848 3276 2903 3336 des
2949 3272 3054 3332 Juden

2207 3317 2571 3377 Hofmannsthal
2626 3318 2660 3378 zu
2724 3316 2778 3376 den
2833 3313 2946 3373 Opern
3000 3310 3054 3370 von

2209 3359 2339 3419 Richard
2370 3357 2496 3417 Strauß
2527 3358 2577 3418 her
2608 3355 2718 3415 kennt,
2739 3355 2814 3415 diese
2845 3353 2996 3413 Puppen,
3017 3349 3062 3409 die

2207 3400 2239 3460 es
2267 3400 2290 3460 in
2319 3397 2402 3457 Wien
2431 3397 2514 3457 auch
2543 3396 2669 3456 gegeben
2697 3396 2767 3456 hat,
2781 3392 2869 3452 deren
2898 3391 2962 3451 Typ
2991 3391 3056 3451 man

2212 3439 2283 3499 aber
2312 3439 2388 3499 nicht
2408 3436 2690 3496 verallgemeinern
2725 3433 2810 3493 darf,
2830 3433 2887 3493 sind
2921 3432 2997 3492 nicht
3017 3430 3064 3490 die

2213 3477 2333 3537 Träger
2384 3477 2433 3537 der
2489 3474 2635 3534 Zukunft
2691 3472 2741 3532 des
2802 3469 3053 3529 österreichischen

2212 3516 2398 3576 Deutschen.
2437 3513 2451 3573 —
2518 3513 2599 3573 Man
2633 3512 2704 3572 kann
2743 3510 2771 3570 es
2805 3510 2982 3570 verstehen,
3006 3507 3058 3567 daß

2213 3558 2267 3618 das
2298 3555 2419 3615 jüdische
2449 3552 2666 3612 Literatentum
2707 3550 2802 3610 gerne
2828 3549 2903 3609 diese
2929 3546 3064 3606 schwäch¬

2210 3597 2303 3657 lichen
2338 3594 2479 3654 Figuren
2515 3592 2814 3652 heraufbeschwört,
2849 3588 2922 3648 aber
2962 3585 3055 3645 diesen

2211 3636 2440 3696 narrenhaften
2496 3630 2682 3690 Träumern
2744 3630 2799 3690 hat
2851 3628 2907 3688 das
2968 3624 3065 3684 junge

2212 3676 2399 3736 dichterische
2424 3670 2610 3730 Oesterreich
2640 3669 2714 3729 schon
2749 3669 2852 3729 längst
2877 3666 2926 3726 den
2961 3664 3069 3724 gesun¬

2212 3713 2267 3773 den
2319 3712 2510 3772 bäuerlichen
2566 3707 2631 3767 und
2683 3707 2846 3767 heldischen
2902 3704 3060 3764 Menschen

2213 3752 2530 3812 gegenübergestellt.
2551 3746 2641 3806 Diese
2672 3749 2803 3809 Jugend
2834 3746 2904 3806 holt
2924 3746 2970 3806 sich
3000 3743 3065 3803 ihre

2217 3791 2388 3851 Vorbilder
2418 3790 2491 3850 nicht
2517 3788 2560 3848 bei
2580 3787 2766 3847 Schnitzler,
2787 3785 2909 3845 sondern
2944 3782 2987 3842 bei
3012 3782 3061 3842 den

2212 3833 2374 3893 Gestalten
2418 3828 2503 3888 eines
2547 3827 2647 3887 Prinz
2690 3825 2819 3885 Eugen,
2858 3824 2943 3884 eines
2987 3821 3068 3881 Erz¬

2214 3872 2347 3932 herzogs
2381 3869 2543 3929 Albrecht,
2568 3866 2653 3926 eines
2688 3863 2835 3923 Andreas
2874 3861 2969 3921 Hofer
3003 3859 3060 3919 und

2218 3910 2297 3970 nicht
2326 3908 2428 3968 zuletzt
2461 3906 2507 3966 bei
2535 3906 2586 3966 den
2624 3903 2824 3963 namenlosen
2862 3899 2973 3959 Helden
3011 3899 3043 3959 de

2221 3951 2437 4011 Weltkrieges.
2486 3943 2557 4003 Das
2601 3943 2764 4003 „barocke,
2799 3939 3048 3999 völkergemischt

2214 3991 2329 4051 Wien"
2393 3988 2473 4048 liegt
2538 3985 2699 4045 tatsächlich
2775 3983 2826 4043 bei
2890 3979 3046 4039 Schnitzle

2214 4029 2536 4089 begraben...
