3392 4384
217 213 364 273 maae
390 212 502 272 der
538 210 571 270 da
665 209 721 269 mer
860 206 893 266 do
940 204 1020 264 dae
1056 205 1146 265 aoge
1170 201 1250 261 unne
1274 199 1352 259 mrd

182 261 231 321 lich
266 261 309 321 ein
339 258 530 318 tiefernster,
550 256 722 316 ringender
752 255 893 315 Künstler
923 252 982 312 und
1012 251 1056 311 ein
1091 251 1208 311 Mensch
1243 247 1296 307 von
1326 247 1360 307 be

182 309 326 369 gnadetem
379 306 523 366 Reichtum
571 303 623 363 der
657 301 749 361 Seele
783 300 840 360 und
874 300 927 360 des
961 299 1099 359 Herzens
1133 297 1181 357 ist,
1211 294 1291 354 einer
1326 292 1359 352 de

184 354 294 414 immer
323 353 452 413 seltener
477 350 658 410 werdenden
692 348 893 408 Mischungen
928 345 980 405 von
1014 344 1162 404 Kavalier
1192 342 1239 402 des
1268 342 1373 402 ancien

186 404 298 464 regime
356 400 417 460 und
453 398 612 458 Boheme,
659 398 720 458 wie
772 398 814 458 sie
866 393 1102 453 bezaubernder
1139 392 1220 452 nicht
1252 390 1375 450 gedacht

184 449 304 509 werden
333 446 430 506 kann.

292 495 356 555 Nun
394 493 426 553 ist
454 492 480 552 er
513 492 577 552 nach
610 491 669 551 fast
697 491 912 551 zweijähriger
945 488 1161 548 Abwesenheit
1189 482 1242 542 von
1275 482 1382 542 Wien,

187 545 239 605 das
277 543 308 603 er
335 540 366 600 so
403 541 450 601 ins
483 541 567 601 Herz
599 539 773 599 geschlossen
811 539 884 599 hat,
911 536 1021 596 wieder
1053 535 1111 595 da,
1138 533 1174 593 um
1228 530 1275 590 bis
1312 531 1359 591 zum

190 590 329 650 Februar
356 589 391 649 am
433 587 567 647 Theater
599 585 624 645 in
656 584 707 644 der
733 584 903 644 Josefstadt
930 582 960 642 zu
987 581 1126 641 bleiben.
1147 578 1307 638 Verliebt,
1328 578 1384 638 wie

187 640 217 700 er
249 639 274 699 in
316 636 363 696 die
394 634 575 694 Umgebung
612 631 720 691 Wiens
757 631 834 691 schon
876 631 994 691 einmal
1026 630 1077 690 ist,
1104 624 1238 684 benutzte
1270 625 1295 685 er
1332 623 1378 683 den

183 687 270 747 ersten
307 684 498 744 Nachmittag
534 682 601 742 nach
633 681 731 741 seiner
757 679 917 739 Ankunft,
939 677 974 737 um
1016 675 1072 735 auf
1099 673 1150 733 den
1182 673 1321 733 Kobenzl
1347 674 1372 734 zu

191 735 291 795 fahren
328 730 385 790 und
423 731 480 791 auf
508 729 586 789 diese
619 727 681 787 Art
708 727 755 787 die
787 727 893 787 Stadt
925 727 951 787 zu
988 724 1082 784 seinen
1126 721 1231 781 Füßen
1268 719 1378 779 wieder

182 786 264 846 ganz
295 782 320 842 in
357 781 450 841 Besitz
476 778 506 838 zu
543 776 672 836 nehmen
708 772 723 832 —
775 774 811 834 da
842 774 873 834 er
910 770 976 830 aber
1013 769 1038 829 in
1075 768 1167 828 seiner
1199 766 1291 826 Liebe
1323 766 1379 826 kein

185 830 264 890 Maß
296 828 406 888 kennt,
428 826 507 886 blieb
539 827 570 887 er
603 826 634 886 zu
671 823 760 883 lange
793 823 819 883 im
867 821 977 881 Freien
1015 819 1088 879 sitzen
1131 814 1183 874 und
1221 814 1305 874 holte
1332 815 1379 875 sich

185 877 253 937 eine
285 875 380 935 kleine
407 873 602 933 Erkältung,
624 871 670 931 die
703 870 749 930 ihm
798 867 876 927 einen
914 868 976 928 Tag
1009 864 1167 924 Bettruhe
1200 862 1389 922 aufnötigte.

186 928 279 988 Heute
313 924 385 984 aber
413 922 512 982 fühlte
541 921 573 981 er
602 920 651 980 sich
679 918 756 978 schon
796 915 906 975 wieder
934 914 961 974 so
995 912 1095 972 wohl,
1118 912 1172 972 daß
1206 911 1233 971 er
1261 907 1388 967 pflicht¬

182 975 277 1035 eifrig
309 972 361 1032 ins
393 971 530 1031 Theater
568 969 646 1029 kam,
679 966 710 1026 um
763 966 842 1026 seine
874 963 948 1023 erste
980 960 1085 1020 Probe
1117 958 1149 1018 zu
1186 957 1376 1017 absolvieren

188 1020 246 1080 und
279 1019 349 1079 vier
377 1019 522 1079 Stunden
560 1016 619 1076 auf
647 1014 695 1074 der
728 1013 841 1073 Bühne
874 1013 905 1073 zu
938 1011 1057 1071 stehen.
1079 1009 1121 1069 In
1160 1005 1246 1065 einer
1274 1005 1375 1065 kurzen

191 1069 290 1129 Pause
318 1067 439 1127 erzählt
462 1065 489 1125 er
517 1067 593 1127 mir,
616 1062 682 1122 was
710 1060 743 1120 er
771 1058 798 1118 in
826 1061 920 1121 diesen
953 1058 1030 1118 zwei
1053 1056 1151 1116 letzten
1185 1056 1328 1116 Jahren,
1345 1054 1378 1114 da

191 1118 245 1178 wir
272 1117 315 1177 ihn
348 1115 547 1175 entbehrten,
570 1112 639 1172 alles
667 1109 823 1169 getrieben
851 1109 974 1169 hat...

296 1186 360 1246 „Es
391 1181 425 1241 ist
444 1181 621 1241 schrecklich,
645 1177 704 1237 wie
728 1175 775 1235 ihr
805 1175 864 1235 mir
894 1175 952 1235 alle
977 1172 1095 1232 gefehlt
1119 1169 1195 1229 habt
1237 1168 1260 1228 in
1296 1166 1390 1226 dieser

192 1237 298 1297 langen
334 1231 434 1291 Zeit!"
464 1230 635 1290 versicherte
665 1228 711 1288 er.
730 1225 812 1285 „Der
842 1223 1054 1283 Wienerwald
1084 1219 1142 1279 und
1173 1217 1226 1277 das
1250 1215 1384 1275 Theater

192 1284 248 1344 und
288 1282 332 1342 die
367 1279 547 1339 Menschen,
588 1275 638 1335 die
673 1274 865 1334 Ringstraße
899 1271 955 1331 und
1013 1271 1069 1331 das
1103 1265 1318 1325 Kaffeehaus,
1341 1265 1386 1325 die

194 1332 298 1392 Musik
321 1330 381 1390 und
409 1330 463 1390 der
486 1327 557 1387 gute
585 1325 673 1385 Wein
717 1323 772 1383 und
806 1321 987 1381 überhaupt
1009 1318 1157 1378 alles...
1180 1318 1229 1378 Ich
1263 1314 1328 1374 war
1356 1314 1378 1374 ja

198 1384 219 1444 so
248 1381 396 1441 gerührt,
414 1376 468 1436 wie
497 1377 546 1437 ihr
574 1375 634 1435 hier
657 1372 711 1432 alle
740 1372 855 1432 meiner
872 1368 999 1428 gedacht
1016 1366 1098 1426 habt,
1121 1366 1170 1426 als
1198 1366 1236 1426 ich
1265 1363 1380 1423 meinen

194 1429 363 1489 sechzigsten
404 1423 602 1483 Geburtstag
642 1420 766 1480 feierte,
796 1417 920 1477 wieviel
955 1413 1181 1473 Telegramme
1216 1410 1278 1470 und
1318 1408 1391 1468 liebe

194 1475 304 1535 Briefe
331 1473 389 1533 aus
422 1471 506 1531 Wien
538 1471 712 1531 gekommen
750 1469 882 1529 sind..!
909 1463 950 1523 Es
977 1462 1046 1522 war
1073 1459 1232 1519 schrecklich
1264 1456 1369 1516 lieb..

197 1526 251 1586 Wo
278 1522 315 1582 ich
348 1519 521 1579 inzwischen
560 1518 683 1578 überall
705 1514 792 1574 woar?
819 1512 867 1572 In
901 1509 1008 1569 Berlin
1046 1508 1095 1568 bei
1117 1506 1300 1566 Reinhardt
1328 1503 1387 1563 und

197 1574 218 1634 in
257 1569 435 1629 München.
479 1566 847 1626 Hundertachtzehnmal
897 1562 955 1622 hab
1021 1557 1064 1617 ich
1119 1556 1145 1616 in
1183 1553 1297 1613 Berlin
1330 1550 1383 1610 den

201 1617 455 1677 „Schwierigen"
483 1614 538 1674 von
567 1613 827 1673 Hofmannsthal
850 1608 994 1668 gespielt,
1012 1605 1072 1665 und
1100 1604 1127 1664 es
1156 1604 1222 1664 war
1244 1602 1294 1662 für
1322 1600 1393 1660 mich

195 1669 341 1729 geradezu
387 1665 618 1725 überraschend,
647 1662 703 1722 wie
732 1659 822 1719 dieses
856 1659 963 1719 Stück,
986 1656 1043 1716 das
1072 1656 1111 1716 ich
1145 1654 1173 1714 so
1202 1652 1297 1712 liebe,
1320 1650 1393 1710 dort

200 1716 420 1776 eingeschlagen
461 1715 528 1775 hat,
557 1712 629 1772 weil
658 1710 686 1770 es
721 1709 788 1769 doch
823 1707 981 1767 eigentlich
1009 1705 1037 1765 so
1072 1701 1325 1761 urösterreichisch
1360 1698 1388 1758 in

201 1767 294 1827 seinen
328 1763 488 1823 Menschen
527 1759 582 1819 und
621 1757 869 1817 Geschehnissen,
914 1753 941 1813 in
981 1753 1074 1813 seinem
1124 1749 1384 1809 hochgezüchteten

200 1815 312 1875 Dialog
351 1814 410 1874 und
443 1811 539 1871 seiner
572 1808 729 1868 gescheiten
767 1802 923 1862 Dialektik
951 1800 999 1860 ist,
1027 1799 1081 1859 daß
1119 1799 1189 1859 man
1222 1799 1308 1859 hätte
1341 1794 1394 1854 an¬

199 1865 326 1925 nehmen
363 1862 501 1922 können,
528 1859 570 1919 ein
608 1854 687 1914 nicht
719 1853 968 1913 österreichisches
1006 1849 1159 1909 Publikum
1207 1846 1313 1906 würde
1345 1844 1397 1904 der

1337 1901 1394 1961 Ja,

203 1912 298 1972 Sache
335 1910 393 1970 mit
425 1907 637 1967 mangelndem
691 1904 902 1964 Verständnis
935 1898 1290 1958 gegenüberstehen...

204 1960 260 2020 also
294 1959 372 2019 dann
407 1957 480 2017 hab'
504 1956 542 2016 ich
577 1956 644 2016 noch
678 1953 808 2013 „Julien
848 1951 904 2011 und
934 1947 1091 2007 Juliette"
1126 1945 1267 2005 gespielt,
1290 1943 1391 2003 ferner

199 2008 248 2068 den
288 2008 425 2068 Antoine
459 2006 486 2066 im
538 2003 742 2063 „Schwachen
781 1999 992 2059 Geschlecht",
1020 1994 1041 2054 in
1081 1994 1236 2054 München
1275 1992 1302 2052 in
1342 1991 1397 2051 der

210 2059 303 2119 „Fee"
331 2056 386 2116 von
426 2053 563 2113 Molnar
591 2051 652 2111 und
686 2049 735 2109 den
769 2047 890 2107 Narren
924 2047 951 2107 in
985 2045 1073 2105 „Wie
1102 2043 1129 2103 es
1163 2043 1229 2103 euch
1257 2041 1406 2101 gefällt".

207 2107 261 2167 Die
284 2106 394 2166 größte
417 2102 538 2162 Freude
566 2101 637 2161 aber
660 2101 715 2161 hat
738 2098 798 2158 mir
821 2095 897 2155 mein
926 2095 1036 2155 Erfolg
1064 2092 1113 2152 als
1141 2092 1218 2152 alter
1247 2089 1390 2149 Weyring

207 2156 228 2216 in
256 2156 311 2216 der
339 2153 510 2213 „Liebelei"
533 2150 670 2210 gemacht
693 2148 709 2208 —
760 2147 798 2207 ich
826 2146 897 2206 hab'
920 2143 986 2203 mich
1014 2143 1041 2203 ja
1069 2143 1096 2203 so
1124 2143 1240 2203 darauf
1263 2140 1400 2200 gefreut,

200 2204 313 2264 wieder
346 2202 405 2262 mit
433 2201 605 2261 Schnitzler
639 2193 1022 2253 zusammenzukommen,
1044 2190 1098 2250 den
1136 2190 1173 2250 ich
1207 2190 1233 2250 so
1266 2187 1395 2247 verehrt

207 2254 296 2314 habe,
320 2252 361 2312 ihm
410 2249 463 2309 von
499 2247 552 2307 dem
595 2247 707 2307 großen
744 2241 898 2301 Eindruck
923 2242 952 2302 zu
988 2238 1148 2298 erzählen,
1173 2238 1225 2298 den
1256 2235 1315 2295 sein
1346 2233 1404 2293 un¬

206 2299 373 2359 sterbliches
406 2298 514 2358 Werk,
536 2297 589 2357 das
622 2295 736 2355 immer
769 2290 881 2350 wieder
909 2291 936 2351 so
969 2289 1076 2349 wirkt,
1098 2286 1146 2346 als
1180 2286 1212 2346 ob
1250 2286 1276 2346 es
1310 2284 1401 2344 heute

201 2348 385 2408 geschrieben
418 2346 539 2406 worden
571 2346 671 2406 wäre,
692 2342 718 2402 in
751 2340 903 2400 München
936 2337 1073 2397 gemacht
1100 2336 1152 2396 hat
1179 2334 1189 2394 —
1248 2334 1305 2394 und
1332 2334 1395 2394 jetzt

206 2398 243 2458 ist
271 2396 362 2456 dieser
395 2396 485 2456 große
524 2393 577 2453 und
616 2391 831 2451 wundervolle
864 2386 987 2446 Dichter
1021 2384 1080 2444 und
1113 2383 1241 2443 geliebte
1274 2381 1392 2441 Mensch

203 2444 262 2504 aus
284 2444 338 2504 der
360 2444 447 2504 Welt
469 2443 647 2503 gegangen,
664 2440 745 2500 ohne
768 2438 821 2498 daß
849 2438 886 2498 ich
920 2436 963 2496 ihm
1006 2435 1071 2495 noch
1104 2433 1223 2493 einmal
1246 2432 1332 2492 hätte
1354 2429 1397 2489 die

207 2496 294 2556 Hand
323 2492 443 2552 drücken
483 2492 537 2552 und
593 2491 620 2551 in
654 2491 736 2551 seine
764 2487 908 2547 gütigen,
931 2484 1007 2544 alles
1041 2483 1250 2543 verstehenden
1284 2480 1389 2540 Augen

209 2545 290 2605 hätte
326 2543 442 2603 schauen
484 2540 676 2600 können...

324 2608 437 2668 Gustav
474 2605 606 2665 Waldau
649 2605 702 2665 hat
733 2602 865 2662 plötzlich
902 2602 955 2662 sein
998 2599 1129 2659 heiteres
1167 2597 1292 2657 Lächeln
1329 2596 1400 2656 ver¬

210 2659 290 2719 loren
332 2658 390 2718 und
431 2656 505 2716 sieht
541 2656 709 2716 wehmütig
745 2650 965 2710 irgendwohin
1006 2648 1058 2708 ins
1094 2647 1389 2707 Parkettdunkel..

214 2707 300 2767 Dann
333 2707 397 2767 setzt
420 2707 452 2767 er
485 2707 528 2767 sich
566 2703 658 2763 neben
697 2703 761 2763 mich
799 2700 853 2760 und
886 2698 1010 2758 erzählt
1038 2697 1097 2757 mir
1125 2695 1222 2755 lange
1250 2695 1309 2755 von
1342 2694 1395 2754 den

215 2756 304 2816 vielen
339 2755 485 2815 Jahren,
509 2754 542 2814 da
583 2752 627 2812 ihn
662 2752 808 2812 herzliche
843 2747 1068 2807 Freundschaft
1097 2746 1154 2806 mit
1183 2746 1233 2806 dem
1284 2744 1391 2804 großen

211 2806 330 2866 Wiener
369 2803 493 2863 Dichter
527 2801 706 2861 verbunden
745 2799 815 2859 hat,
843 2797 897 2857 der
930 2796 978 2856 für
1012 2796 1060 2856 ihn
1099 2794 1147 2854 die
1181 2793 1397 2853 Inkarnation

215 2853 258 2913 des
292 2853 430 2913 geistigen
469 2850 585 2910 Lebens
624 2850 718 2910 dieser
752 2847 851 2907 Stadt
879 2846 1056 2906 bedeutete,
1078 2844 1133 2904 das
1173 2844 1200 2904 er
1234 2844 1261 2904 in
1294 2842 1393 2902 seinen

215 2902 331 2962 Werken
365 2901 560 2961 sestgehalten
595 2898 650 2958 hat
673 2897 734 2957 wie
762 2894 873 2954 koiner.

321 2962 413 3022 „Was
444 2959 487 3019 ich
518 2958 543 3018 in
580 2957 660 3017 Wien
697 2955 771 3015 alles
803 2954 913 3014 spielen
944 2949 1067 3009 werde?
1099 2951 1172 3011 Nach
1204 2949 1259 3009 den
1290 2950 1413 3010 letzten,

211 3012 298 3072 haule
336 3009 406 3069 hier
450 3006 695 3066 eingetroffenen
739 3003 973 3063 Dispositionen
1012 3002 1207 3062 Reinhardts
1257 2999 1310 3059 soll
1349 2999 1387 3059 am

209 3056 342 3116 neunten
379 3053 555 3113 Novomber
587 3053 638 3113 die
665 3053 830 3113 Premiere
862 3050 918 3110 von
955 3050 1053 3110 „Was
1085 3051 1151 3111 Ihr
1183 3047 1286 3107 wollt“
1318 3046 1405 3106 statt¬

218 3107 333 3167 finden,
361 3106 383 3166 in
417 3104 471 3164 der
500 3104 538 3164 ich
572 3101 682 3161 bereits
716 3101 826 3161 spielen
860 3101 926 3161 soll.
948 3098 1087 3158 Montag
1121 3098 1208 3158 sollen
1242 3097 1291 3157 die
1320 3095 1402 3155 Vor¬

206 3156 319 3216 proben
374 3154 466 3214 unter
510 3152 564 3212 der
613 3152 743 3212 Leitung
792 3151 863 3211 Dr.
896 3146 1042 3206 Stephan
1092 3147 1189 3207 Hocks
1233 3146 1406 3206 beginnen.

214 3206 301 3266 Dann
348 3203 425 3263 wird
468 3202 592 3262 Fodors
639 3199 825 3259 „Roulette“
873 3197 1116 3257 drankommen,
1148 3195 1200 3255 ein
1242 3195 1401 3255 reizendes

214 3253 316 3313 Stück,
353 3252 378 3312 in
426 3250 482 3310 dem
539 3248 580 3308 ich
617 3248 683 3308 eine
715 3245 983 3305 liebenswürdige
1014 3245 1117 3305 ältere
1149 3245 1401 3305 Bonviantrolle

214 3303 317 3363 spielen
350 3301 469 3361 werde,
491 3298 566 3358 dann
599 3296 637 3356 ist
665 3295 708 3355 ein
741 3295 865 3355 reiferer
898 3293 1066 3353 Liebhaber
1094 3292 1121 3352 in
1154 3292 1310 3352 Aussicht,
1343 3292 1392 3352 den

212 3352 249 3412 ich
293 3351 320 3411 in
369 3350 455 3410 einer
499 3348 715 3408 französischen
753 3345 904 3405 Komödie
937 3344 1023 3404 „Eva
1062 3342 1115 3402 hat
1149 3342 1245 3402 keinen
1284 3344 1397 3404 Papa“

212 3399 365 3459 darstellen
398 3397 456 3457 soll
473 3396 488 3456 —
542 3396 599 3456 und
627 3396 684 3456 auf
707 3394 828 3454 einmal
856 3391 929 3451 wird
957 3392 1031 3452 diese
1058 3391 1158 3451 schöne
1186 3393 1313 3453 Wiener
1340 3394 1409 3454 Zeit

213 3448 322 3508 wieder
348 3448 386 3508 um
425 3449 483 3509 soin
516 3447 573 3507 und
600 3445 644 3505 ich
671 3445 773 3505 werde
794 3442 908 3502 wieder
936 3444 961 3504 in
994 3442 1096 3502 meine
1116 3442 1238 3502 andere
1258 3442 1405 3502 Heimat¬

217 3498 363 3558 Stedt
410 3501 535 3561 nech
575 3501 835 3561 München,
882 3504 1057 3564 fahren
1109 3504 1330 3564 messen.

219 3554 338 3614 Dort
381 3554 537 3614 werde
586 3557 664 3617 ich
713 3555 833 3615 aber
875 3558 959 3618 dan
1045 3558 1194 3618 etuas
1243 3560 1357 3620 spie

249 3612 367 3672 len,
419 3613 503 3673 des
543 3614 667 3674 mich
713 3615 893 3675 riesig
950 3618 1131 3678 frent;
1177 3616 1261 3676 den

225 3669 464 3729 Valentin
520 3672 557 3732 im
625 3672 1099 3732 "Verschwenler!.
1119 3675 1235 3735 Wenn
1279 3679 1370 3739 ich

218 3725 298 3785 den
351 3728 466 3788 dann
513 3728 698 3788 einmel
757 3731 802 3791 id
849 3734 958 3794 Wien
1012 3734 1230 3794 spielen

217 3788 427 3848 könnte,
476 3790 601 3850 wäre
650 3788 728 3848 ich
783 3788 896 3848 sehr
945 3793 1258 3853 glücklich,

213 3845 565 3905 hoffentlich
611 3845 732 3905 wird
784 3845 828 3905 es
875 3848 1131 3908 möglich,
1144 3851 1297 3911 sein,

214 3902 327 3962 dess
382 3902 467 3962 ich
510 3903 835 3963 wenigstens
878 3903 962 3963 den
1011 3906 1155 3966 alten
1205 3907 1433 3967 Weyring

218 3956 399 4016 meinen
450 3955 631 4015 Wiener
675 3959 921 4019 Freunden
965 3959 1124 4019 werde
1169 3963 1385 4023 vorfüh.

209 4020 300 4080 ren
347 4016 563 4076 können.

1181 4023 1197 4083 O
1238 4023 1294 4083 K.

1982 502 2329 562 OBSI

2376 518 2689 578 RVER

2070 557 2096 617 I.
2114 559 2229 619 österr.
2247 564 2393 624 behördl.
2411 572 2695 632 konzessioniertes

2040 599 2260 659 Unternehmen
2292 605 2335 665 für
2361 611 2725 671 Zeitungs-Ausschnitte

2093 656 2229 716 WIEN,
2249 664 2294 724 I.,
2314 669 2595 729 WOLLZEILE
2641 676 2679 736 11

2173 714 2388 774 TELEPHON
2426 721 2598 781 R-23-0-43

1970 849 2192 909 Ausschnitt
2220 852 2285 912 aus

1952 917 2224 977 Vossische
2276 927 2520 987 Zeitung,
2607 938 2821 998 Berlin,

2333 1043 2684 1103 24.10.1931.

1961 1073 2072 1133 vom:

1899 1199 2494 1259 Kultusminister-Grimme,
2511 1200 2580 1260 an.
2589 1201 2851 1261 Schnitzlers
2875 1199 3013 1259 Sohn.

1862 1241 2025 1301 Wie—der
2052 1241 2215 1301 Amtliche-
2226 1240 2401 1300 Preußische
2433 1241 2627 1301 Pressedienst
2676 1241 2818 1301 mitteilt,
2856 1244 2913 1304 hat
2956 1243 3008 1303 der

1862 1285 2022 1345 preußische
2048 1282 2299 1342 Kultusminister
2325 1282 2461 1342 Grimme
2487 1284 2516 1344 an
2552 1285 2597 1345 den
2628 1285 2713 1345 Sohn
2744 1285 2859 1345 Arthur
2885 1286 3010 1346 Schnitz¬

1863 1328 1920 1388 lers
1954 1327 2006 1387 das
2040 1327 2174 1387 folgende
2208 1327 2504 1387 Beileidstelegramm
2553 1329 2701 1389 gerichtet:
2754 1330 2926 1390 „Anlößlich
2960 1328 3007 1388 des

1864 1372 2060 1432 Hinscheidens
2091 1370 2184 1430 Ihres
2216 1370 2303 1430 Herrn
2340 1371 2448 1431 Vaters
2480 1372 2588 1432 spreche
2614 1374 2712 1434 Ihnen
2743 1375 2919 1435 aufrichtige
2945 1372 3012 1432 An¬

1865 1414 2024 1474 teilnahme
2055 1414 2127 1474 aus.
2174 1413 2292 1473 Arthur
2324 1414 2483 1474 Schnitzler
2514 1414 2586 1474 wird
2617 1416 2761 1476 fortleben
2803 1417 2849 1477 als
2881 1418 3014 1478 Dichter,

1865 1459 1911 1519 der
1942 1459 1952 1519 —
2004 1457 2029 1517 in
2066 1456 2117 1516 der
2149 1456 2453 1516 Liebenswürdigkeit
2480 1459 2572 1519 seines
2598 1459 2685 1519 Stils
2712 1462 2938 1522 unübertroffen

1866 1501 1943 1561 einer
1973 1500 2150 1560 sorgloseren
2187 1500 2236 1560 und
2272 1500 2336 1560 doch
2358 1500 2436 1560 ihrer
2466 1500 2722 1560 Fragwürdigkeit
2744 1504 2900 1564 bewußten
2930 1505 3007 1565 Welk

1865 1545 1921 1605 mit
1945 1545 2029 1605 tiefer
2052 1545 2290 1605 psychologischen
2319 1545 2493 1605 Erkenntuis
2523 1547 2675 1607 Ausdruck
2698 1548 2839 1608 verlieh."

2195 1617 2411 1677 TELEPHON
2439 1615 2620 1675 R-23-9-43

2001 1763 2219 1823 Ausschnitt
2247 1760 2334 1820 aus:

1915 2355 2027 2415 Der
2050 2355 2304 2415 Kultusminister
2327 2352 2371 2412 sum
2412 2349 2491 2409 Tode
2508 2348 2711 2408 Schnitzlers.
2740 2346 2801 2406 Der
2824 2343 3016 2403 preussische

1858 2402 2115 2462 Kultusminister
2140 2396 2273 2456 Grimme
2303 2396 2355 2456 hat
2374 2393 2407 2453 an
2436 2393 2488 2453 den
2518 2393 2594 2453 Sohn
2623 2390 2737 2450 Arthur
2762 2387 2943 2447 Schnitzlers
2967 2386 3014 2446 des

1860 2449 1997 2509 folgchdg
2040 2441 2352 2501 Belleidstelegramm
2406 2437 2575 2497 gerichtet:
2623 2432 2813 2492 „Anlässlich
2851 2429 2909 2489 des
2947 2426 3025 2486 Hin¬

1864 2491 2026 2551 scheiflens
2051 2486 2141 2546 Ihres
2175 2486 2270 2546 Herrn
2309 2483 2419 2543 Vaters
2453 2481 2577 2541 sproche
2611 2479 2653 2539 ich
2692 2477 2788 2537 Ihnen
2826 2476 2922 2536 meine
2961 2473 3027 2533 auf¬

1863 2537 1990 2597 richtige
2020 2531 2237 2591 Ahteilnahme
2262 2529 2335 2589 aus.
2375 2526 2487 2586 Arthur
2512 2523 2679 2583 Schnitzler
2705 2522 2778 2582 wird
2803 2519 2955 2579 fortleben
2985 2517 3028 2577 als

1863 2579 2002 2639 Dichter,
2026 2575 2077 2635 der
2105 2573 2119 2633 —
2162 2573 2189 2633 in
2218 2574 2273 2634 der
2297 2570 2622 2630 Liebenswürdigkeit
2641 2565 2744 2625 seines
2768 2564 2865 2624 Spiels
2893 2561 3027 2621 unüber¬

1863 2623 1967 2683 troffen
2001 2621 2010 2681 —
2059 2620 2145 2680 einer
2169 2617 2360 2677 sorgloseren
2389 2614 2446 2674 und
2476 2614 2547 2674 doch
2576 2611 2657 2671 ihrer
2687 2608 2954 2668 Fragwürdigkeit
2978 2605 3030 2665 be¬

1871 2668 1992 2728 wussten
2031 2665 2113 2725 Welt
2141 2665 2197 2725 mit
2220 2663 2313 2723 tiefer
2341 2661 2612 2721 psychologischer
2640 2656 2828 2716 Erkenntnis
2862 2653 3016 2713 Ausdruck

1870 2713 1959 2773 uellen

2425 3170 2724 3230 RVER

2014 3177 2272 3237 OBS

2098 3233 2121 3293 I.
2135 3233 2252 3293 österr.
2262 3230 2411 3290 behördl.
2421 3226 2720 3286 konzessioniertes

2048 3273 2284 3333 Unternehnen
2312 3271 2361 3331 für
2389 3267 2770 3327 Zeitungs-Ausschnitte

2100 3334 2252 3394 WIEN,
2280 3332 2328 3392 I.,
2350 3331 2633 3391 WOLLZEILE
2682 3328 2723 3388 11

2201 3384 2421 3444 TELEPHON
2455 3381 2631 3441 R-23-0-43

2010 3528 2228 3588 Ausschnitt
2247 3528 2337 3588 ause
2494 3503 2648 3563 PASBS

2236 3690 2256 3750 7
2278 3700 2330 3760 5.
2341 3712 2467 3772 0KT.
2491 3723 2594 3783 1937

2011 3755 2122 3815 vom:

2196 3848 2374 3908 Arthur
2397 3853 2653 3913 Schnitzler

2232 3907 2292 3967 Von
2323 3907 2450 3967 Otokar
2481 3910 2614 3970 Fischer

2033 3967 2106 4027 Sich
2138 3967 2432 4027 Oktoberschleier
2458 3970 2589 4030 wallen,

2031 4012 2183 4072 Bängnis
2208 4012 2308 4072 unsre
2333 4012 2481 4072 Liebelei
2501 4015 2620 4075 befiel,

2035 4054 2097 4114 und
2121 4054 2179 4114 das
2202 4054 2296 4114 Weh,
2311 4056 2364 4116 das
2387 4054 2504 4114 bebend
2532 4057 2590 4117 uns
2614 4060 2776 4120 befallen,

2030 4099 2076 4159 ist
2095 4099 2137 4159 ein
2161 4099 2379 4159 Schauspiel,
2393 4099 2443 4159 wie
2467 4101 2523 4161 der
2542 4102 2667 4162 Blätter
2690 4105 2797 4165 Fallen

2034 4143 2159 4203 Spieler
2184 4143 2259 4203 wir,
2274 4143 2329 4203 für
2349 4143 2394 4203 die
2419 4143 2524 4203 selbst
2545 4146 2604 4206 Tod
2630 4146 2674 4206 ein
2700 4149 2804 4209 Spiel.
