3344 4352
164 285 254 345 2.

371 288 899 348 chnitzler's
968 289 1197 349 Death

1415 291 1536 351 box
1614 296 1797 356 42/6

2025 256 2248 316 Ausschnitt
2274 249 2365 309 aus:

2231 336 2470 396 terreich.
2479 327 2719 387 Horcnblatt.
2727 322 2763 382 Li

2260 427 2482 487 Salzbuiger
2522 412 2762 472 Volkablatt.

2037 479 2154 539 vom:

2282 538 2363 598 22.
2382 531 2510 591 041.
2530 521 2602 581 193

2358 628 2586 688 Donnerstag,
2607 625 2664 685 22.
2680 625 2815 685 Oktober
2841 622 2934 682 1931.

2032 762 2203 822 Arthur
2240 762 2485 822 Schnitzler
2522 759 2793 819 gestorben.

1952 831 2067 891 Wien,
2084 830 2145 890 21.
2162 828 2317 888 Oktober.
2349 828 2410 888 Der
2441 827 2558 887 Dichter
2589 825 2713 885 Arthur
2737 822 2985 882 Schültzler

1887 891 1923 951 ist
1945 891 2034 951 heute
2061 888 2271 948 nachmittags
2304 886 2387 946 einem
2430 885 2604 945 Herzschlag
2636 882 2778 942 erlegen.
2805 880 2852 940 Er
2873 879 2910 939 ist
2931 879 2962 939 am

1888 946 1937 1006 25.
1966 948 2043 1008 Mai
2077 946 2153 1006 1862
2187 945 2347 1005 geboren,
2370 943 2458 1003 stand
2498 942 2558 1002 also
2592 942 2619 1002 im
2664 939 2724 999 70.
2752 937 2990 997 Lebensjahre.

1891 1004 1990 1064 Seine
2018 1004 2144 1064 Tochter
2167 1004 2222 1064 hat
2244 1001 2432 1061 bekanntlich
2455 998 2509 1058 vor
2532 998 2614 1058 zwei
2638 998 2753 1058 Jahren
2787 995 2985 1055 Selbstmord

1893 1064 2022 1124 verübt,
2049 1063 2092 1123 ein
2125 1061 2265 1121 Schlag,
2293 1058 2346 1118 von
2384 1058 2438 1118 dem
2487 1057 2535 1117 sich
2568 1055 2741 1115 Schnitzler
2774 1053 2822 1113 nie
2855 1052 2984 1112 erholen

1890 1121 2017 1181 konnte.
2056 1120 2228 1180 Außerdem
2279 1118 2339 1178 soll
2368 1115 2539 1175 Schnitzler
2573 1114 2628 1174 bei
2657 1112 2711 1172 den
2756 1109 2983 1169 verschiedenen

1899 1177 2332 1237 Bankzusammenbrüchen,
2350 1175 2379 1235 so
2409 1174 2477 1234 auch
2507 1172 2559 1232 bei
2582 1171 2634 1231 der
2663 1171 2883 1231 Amstelbank,
2901 1168 2987 1228 einen

1896 1237 2011 1297 großen
2045 1237 2116 1297 Teil
2138 1234 2237 1294 seines
2265 1233 2469 1293 Vermögens
2498 1231 2641 1291 verloren
2674 1228 2790 1288 haben.

1895 1342 2018 1402 Arthur
2041 1342 2224 1402 Schnitzler,
2241 1339 2333 1399 Sohn
2361 1338 2414 1398 des
2436 1338 2512 1398 ord.
2529 1335 2707 1395 Professors
2729 1333 2761 1393 an
2794 1331 2843 1391 der
2865 1330 2994 1390 Wiener

1835 1390 2040 1450 Universität,
2062 1389 2126 1449 Dr.
2153 1389 2284 1449 Johann
2316 1386 2511 1446 Schnitzler,
2533 1383 2617 1443 eines
2649 1380 2897 1440 Laryngologen
2935 1377 2992 1437 von

1838 1440 2045 1500 Bedeutung,
2067 1437 2209 1497 studierte
2237 1436 2405 1496 gleichfalls
2433 1433 2575 1493 Medizin
2603 1431 2629 1491 in
2656 1429 2767 1489 Wien,
2783 1428 3006 1488 promovierte

1836 1488 1912 1548 1885
1944 1488 2000 1548 und
2031 1485 2118 1545 war,
2134 1485 2267 1545 nachdem
2314 1485 2344 1545 er
2371 1483 2427 1543 auf
2448 1481 2679 1541 verschiedenen
2715 1476 2848 1536 Kliniken
2885 1474 3003 1534 prakti¬

1839 1538 1913 1598 ziert
1936 1536 1994 1596 und
2027 1536 2091 1596 auch
2118 1535 2183 1595 eine
2211 1533 2301 1593 Reise
2329 1533 2377 1593 zum
2421 1530 2566 1590 Studium
2604 1527 2657 1587 der
2680 1526 2895 1586 hygienischen
2922 1522 3002 1582 Ein¬

1839 1583 2014 1643 richtungen
2051 1582 2117 1642 nach
2149 1580 2283 1640 London
2320 1580 2382 1640 und
2413 1578 2516 1638 Paris
2548 1574 2791 1634 unternommen
2828 1571 2930 1631 hatte,
2957 1571 3003 1631 bis

1839 1632 1914 1692 1893
1942 1631 2087 1691 Assistent
2109 1631 2205 1691 seines
2233 1630 2351 1690 Vaters
2378 1626 2410 1686 an
2443 1627 2491 1687 der
2519 1625 2647 1685 Wiener
2669 1623 2879 1683 allgemeinen
2907 1618 3003 1678 Poli¬

1837 1682 1941 1742 klinik.
1969 1679 2034 1739 Den
2063 1679 2349 1739 militärärztlichen
2383 1676 2498 1736 Dienst
2521 1674 2626 1734 mußte
2654 1673 2681 1733 er
2709 1672 2780 1732 nach
2808 1670 2857 1730 der
2885 1668 3006 1728 Publi¬

1836 1730 1933 1790 kation
1971 1730 2068 1790 seines
2106 1727 2289 1787 „Leutnant
2316 1726 2430 1786 Gustl“
2463 1723 2613 1783 aufgeben
2652 1721 2710 1781 und
2743 1719 2818 1779 bald
2851 1718 2996 1778 widmete

1839 1779 1874 1839 er
1898 1777 1945 1837 sich
1969 1774 2199 1834 ausschließlich
2224 1774 2276 1834 der
2300 1771 2483 1831 Literatur.

1902 1824 1960 1884 Die
1990 1823 2202 1883 Atmosphäre
2233 1822 2285 1882 der
2315 1820 2515 1880 Geistigkeit,
2534 1819 2581 1879 die
2611 1816 2634 1876 in
2664 1816 2852 1876 Schnitzlers
2882 1811 3005 1871 Vater¬

1839 1874 1920 1934 haus
1947 1873 2109 1933 herrschte,
2126 1872 2168 1932 die
2191 1870 2272 1930 enge
2294 1870 2488 1930 Berührung
2516 1867 2574 1927 mit
2591 1866 2645 1926 der
2667 1864 2878 1924 sogenannten
2906 1862 2997 1922 guten

1843 1922 2041 1982 Gesellschaft
2064 1920 2113 1980 der
2136 1919 2230 1979 80er=
2252 1918 2312 1978 und
2341 1918 2556 1978 90er-Jahre,
2573 1914 2656 1974 einer
2684 1912 2922 1972 eigenartigen,
2939 1909 3005 1969 spe¬

1840 1975 1929 2035 zifisch
1964 1968 2219 2028 österreichischen
2259 1965 2422 2025 Mischung
2457 1965 2513 2025 von
2554 1961 2762 2021 heterogenen
2803 1958 3011 2018 Elementen,

1845 2016 1898 2076 von
1931 2016 2125 2076 Gelehrten,
2148 2013 2445 2073 Großkaufleuten,
2473 2011 2678 2071 Advokaten,
2700 2007 2889 2067 Künstlern,
2917 2004 3008 2064 Ban¬

1839 2068 1920 2128 kiers
1942 2067 1979 2127 u.
1996 2067 2039 2127 a.,
2056 2067 2104 2127 der
2126 2065 2201 2125 enge
2229 2064 2369 2124 Kontakt
2386 2061 2445 2121 mit
2467 2061 2515 2121 den
2548 2060 2672 2120 Größen
2700 2057 2753 2117 der
2781 2055 2889 2115 „ersten
2916 2052 3007 2112 deut¬

1846 2117 1917 2177 schen
1951 2115 2111 2175 Bühne",
2128 2111 2183 2171 des
2211 2112 2470 2172 Burgtheaters,
2493 2110 2542 2170 die
2566 2109 2592 2169 in
2626 2105 2719 2165 seines
2753 2104 2869 2164 Vaters
2897 2104 3002 2164 Hause

1845 2163 1919 2223 aus-
1942 2162 2000 2222 und
2028 2162 2216 2222 eingingen,
2233 2159 2449 2219 beeinflußten
2476 2156 2664 2216 Schnitzlers
2687 2153 2923 2213 Entwicklung;
2945 2149 3004 2209 die¬

1845 2215 1888 2275 ses
1916 2210 2159 2270 Jugendmilieu
2192 2210 2292 2270 drückt
2314 2208 2413 2268 seinem
2458 2205 2595 2265 späteren
2630 2204 2773 2264 Schaffen
2807 2201 2883 2261 nicht
2906 2199 3010 2259 weni¬

1841 2263 1897 2323 ger
1921 2258 1971 2318 den
2006 2259 2158 2319 Stempel
2182 2258 2238 2318 auf
2256 2258 2317 2318 wie
2341 2258 2397 2318 sein
2426 2255 2584 2315 ärztlicher
2614 2252 2732 2312 Beruf.

1901 2307 1970 2367 Von
2004 2309 2100 2369 seinen
2134 2307 2258 2367 Werken
2291 2306 2351 2366 sind
2379 2305 2551 2365 besonders
2580 2301 2877 2361 erwähnenswert:
2900 2298 3013 2358 „Ana¬

1845 2356 1927 2416 tol",
1944 2356 2010 2416 eine
2038 2355 2137 2415 Reihe
2165 2354 2220 2414 von
2254 2353 2474 2413 dramatischen
2508 2350 2685 2410 Dialogen,
2707 2350 2795 2410 „Das
2823 2347 3016 2407 Märchen",

1852 2404 1943 2464 1893,
1961 2404 2163 2464 „Liebelei",
2181 2402 2273 2462 dessen
2308 2401 2551 2461 Uraufführung
2580 2398 2689 2458 (1895)
2713 2398 2747 2458 am
2788 2394 3007 2454 Burgtheater

1846 2454 2038 2514 Schnitzlers
2067 2452 2156 2512 erster
2185 2452 2304 2512 großer
2333 2448 2576 2508 Bühnenerfolg
2610 2446 2695 2506 war.
2724 2446 2769 2506 In
2803 2443 2894 2503 Wien
2922 2440 3012 2500 spielt

1852 2501 1915 2561 auch
1950 2502 2007 2562 das
2042 2500 2157 2560 nächste
2186 2500 2301 2560 Stück:
2331 2497 2520 2557 „Freiwild"
2561 2494 2682 2554 (1896).
2711 2494 2757 2554 In
2792 2494 2872 2554 diese
2902 2491 3005 2551 Jahre

1852 2550 1915 2610 fällt
1939 2550 1984 2610 die
2014 2550 2210 2610 Entstehung
2240 2549 2297 2609 des
2327 2547 2511 2607 „Reigen".
2541 2543 2731 2603 Schnitzlers
2761 2541 2876 2601 Werke
2900 2538 3003 2598 reihen

1849 2601 1893 2661 sich
1922 2599 1984 2659 nun
2013 2598 2040 2658 in
2069 2598 2188 2658 rascher
2211 2598 2329 2658 Folge.
2358 2595 2403 2655 Es
2433 2595 2624 2655 erschienen:
2647 2592 2738 2652 „Das
2761 2589 3009 2649 Vermächtnis"

1855 2649 1975 2709 (1897),
1987 2647 2033 2707 die
2057 2646 2125 2706 drei
2143 2646 2310 2706 Einakter:
2328 2643 2581 2703 „Paracelsus",
2599 2642 2679 2702 „Die
2697 2640 2909 2700 Gefährtin",
2927 2638 3007 2698 „Der

1849 2698 1950 2758 grüne
1978 2695 2125 2755 Kakadu"
2160 2694 2283 2754 (1898),
2306 2694 2362 2754 sein
2391 2691 2537 2751 Drama:
2567 2691 2645 2751 „Der
2674 2688 2821 2748 Schleier
2849 2685 2899 2745 der
2928 2684 3018 2744 Bea¬

1848 2744 1944 2804 trice"
1973 2741 2091 2801 (1899),
2109 2741 2187 2801 dann
2222 2741 2272 2801 der
2295 2740 2578 2800 Einakterzyklus:
2601 2735 2798 2795 „Lebendige
2827 2732 3018 2792 Stunden",

1847 2792 1983 2852 woraus
2010 2790 2179 2850 besonders
2211 2789 2411 2849 „Literatur“
2443 2786 2638 2846 hervorragt
2665 2786 2785 2846 (1901),
2802 2783 2860 2843 das
2887 2783 3007 2843 Drama

1855 2844 1937 2904 „Der
1973 2840 2108 2900 einsame
2150 2840 2249 2900 Weg“
2291 2837 2420 2897 (1903),
2444 2837 2497 2897 die
2533 2834 2691 2894 Komödie
2733 2832 3009 2892 „Zwischenspiel“

1861 2891 1976 2951 (1904;)
2004 2890 2114 2950 ferner
2147 2888 2174 2948 im
2225 2885 2357 2945 gleichen
2396 2888 2500 2948 Jahre
2540 2884 2605 2944 eine
2639 2882 2722 2942 neue
2755 2879 3020 2939 Einakterreihe:

1854 2938 2137 2998 „Marionetten“.
2154 2936 2238 2996 „Der
2261 2935 2357 2995 junge
2381 2932 2606 2992 Medardus",
2624 2929 2714 2989 dessen
2748 2929 2929 2989 Titelrolle,
2946 2927 2997 2987 dem

1849 2989 1969 3049 großen
2005 2989 2096 3049 Josef
2126 2986 2223 3046 Kainz
2258 2983 2442 3043 zugedacht,
2471 2982 2522 3042 dem
2569 2978 2712 3038 Künstler
2748 2977 2828 3037 nicht
2857 2976 2943 3036 mehr
2978 2972 3006 3032 zu

1854 3037 1964 3097 spielen
1996 3034 2154 3094 vergönnt
2181 3034 2265 3094 war,
2281 3032 2318 3092 ist
2339 3031 2381 3091 ein
2413 3031 2539 3091 Drama
2566 3028 2624 3088 aus
2651 3028 2703 3088 den
2735 3028 2846 3088 Tagen
2878 3024 2930 3084 der
2957 3020 3019 3080 Be¬

1855 3085 1967 3145 setzung
2001 3083 2114 3143 Wiens
2149 3082 2233 3142 durch
2267 3079 2436 3139 Napoleon
2471 3079 2504 3139 I.
2527 3079 2708 3139 (erschienen
2742 3075 2855 3135 1909).
2890 3071 2996 3131 Diesem

1854 3132 1961 3192 Werke
1984 3132 2080 3192 folgte
2103 3130 2192 3190 „Das
2216 3129 2305 3189 weite
2329 3126 2441 3186 Land"
2464 3126 2588 3186 (1910),
2605 3125 2667 3185 eine
2690 3124 2937 3184 Tragikomödie
2961 3118 3011 3178 des

1854 3180 1984 3240 Alterns
2018 3180 2079 3240 und
2114 3180 2192 3240 1912
2227 3177 2412 3237 „Professor
2441 3174 2627 3234 Behardi",
2656 3171 2695 3231 ein
2735 3171 2926 3231 Schauspiel
2955 3166 3011 3226 aus

1854 3229 1909 3289 dem
1953 3228 2113 3288 ärztlichen
2152 3228 2274 3288 Beruf,
2296 3227 2345 3287 bei
2374 3225 2472 3285 seiner
2506 3222 2710 3282 Aufführung
2744 3219 2804 3279 von
2838 3218 3009 3278 politischen

1854 3279 2005 3339 Gruppen
2038 3276 2302 3336 vielumstritten.
2329 3276 2372 3336 Im
2416 3274 2523 3334 Jahre
2550 3270 2620 3330 1915
2653 3268 2820 3328 erschienen
2853 3268 2922 3328 drei
2945 3263 3019 3323 Ein¬

1854 3326 1938 3386 akter
1975 3326 2064 3386 unter
2102 3325 2154 3385 dem
2213 3323 2318 3383 Titel:
2350 3321 2529 3381 „Komödie
2567 3321 2619 3381 der
2656 3318 2809 3378 Worte",
2842 3315 2920 3375 1917
2958 3313 3015 3373 das

1855 3377 1998 3437 schwache
2026 3375 2125 3435 „Fink
2148 3374 2208 3434 und
2236 3371 2495 3431 Fliederbusch",
2512 3368 2583 3428 1919
2617 3366 2694 3426 „Die
2717 3362 2909 3422 Schwestern
2943 3361 3014 3421 oder

1856 3425 2019 3485 Casanova
2046 3422 2073 3482 in
2112 3421 2230 3481 Spa",
2258 3419 2333 3479 1924
2372 3418 2556 3478 „Komödie
2589 3416 2648 3476 der
2682 3413 2914 3473 Verführung"
2953 3408 3012 3468 und

1858 3474 1934 3534 1925
1962 3473 2006 3533 die
2028 3470 2232 3530 dramatische
2260 3470 2436 3530 Dichtung:
2453 3467 2541 3527 „Der
2563 3464 2657 3524 Gang
2680 3464 2734 3524 zum
2779 3461 2944 3521 Weiher“.

1922 3521 2107 3581 Schnitzlers
2136 3518 2293 3578 Eigenart
2317 3518 2378 3578 und
2407 3516 2518 3576 großes
2547 3514 2665 3574 Talent
2688 3511 2851 3571 offenbart
2868 3509 2918 3569 sich
2941 3509 3020 3569 nicht

1857 3571 1997 3631 weniger
2024 3569 2045 3629 in
2078 3568 2175 3628 seinen
2208 3567 2413 3627 erzählenden
2446 3563 2596 3623 Werken.
2613 3560 2802 3620 Schnitzlers
2830 3558 2953 3618 neueste
2981 3553 3028 3613 er¬

1858 3621 2011 3681 zählende
2035 3619 2146 3679 Werke
2165 3618 2246 3678 sind:
2271 3619 2358 3679 „Frl.
2377 3613 2464 3673 Else"
2495 3612 2612 3672 (1924),
2630 3610 2694 3670 eine
2718 3607 2741 3667 in
2771 3608 2853 3668 ihrer
2878 3605 3030 3665 schwieri¬

1858 3674 1907 3734 gen
1935 3670 2023 3730 Form
2063 3667 2211 3727 geradezu
2240 3664 2456 3724 meisterhafte
2478 3661 2633 3721 Novelle,
2650 3660 2727 3720 „Die
2750 3658 2832 3718 Frau
2860 3655 2915 3715 des
2938 3654 3031 3714 Rich¬

1855 3718 1943 3778 ters“
1977 3718 2087 3778 (1925)
2116 3718 2176 3778 und
2210 3714 2509 3774 „Traumnovelle“
2543 3709 2670 3769 (1926).
2704 3705 2776 3765 Alle
2804 3705 2887 3765 diese
2915 3706 3025 3766 Werke

1860 3766 1917 3826 sind
1950 3765 2134 3825 durchwegs
2161 3766 2281 3826 kürzere
2308 3760 2461 3820 Arbeiten
2493 3756 2698 3816 erzählenden
2731 3755 2888 3815 Inhalts,
2905 3751 3031 3811 Novel¬

1861 3816 1902 3876 len
1935 3816 1992 3876 und
2019 3813 2230 3873 Noveletten.
2257 3812 2340 3872 „Der
2362 3810 2440 3870 Weg
2468 3808 2515 3868 ins
2542 3807 2673 3867 Freie“,
2684 3806 2752 3866 eine
2774 3805 2847 3865 groß
2880 3801 3026 3861 gesehene

1863 3863 2021 3923 Synthese
2053 3861 2105 3921 des
2138 3861 2285 3921 geistigen
2322 3858 2459 3918 Wiener
2491 3855 2612 3915 Lebens
2650 3855 2702 3915 zur
2734 3853 2808 3913 Zeit
2835 3852 2887 3912 der
2919 3849 3019 3909 letzten

1866 3910 2223 3970 Jahrhundertwende,
2244 3907 2374 3967 erschien
2405 3903 2498 3963 1908.

1920 3956 1968 4016 Es
2001 3956 2038 4016 ist
2071 3956 2114 4016 ein
2158 3956 2443 4016 charakteristisches
2482 3950 2648 4010 Merkmal
2676 3948 2729 4008 der
2762 3947 2794 4007 so
2827 3947 3015 4007 zahlreichen

1865 4000 1968 4060 Werke
1998 4004 2209 4064 Schnitzlers,
2234 4001 2277 4061 die
2308 4001 2361 4061 dem
2411 3998 2543 4058 Wiener
2573 3997 2685 4057 Milieu
2720 3995 2926 4055 entstammen
2966 3992 3025 4052 und

1863 4052 1927 4112 auch
1958 4052 2083 4112 solcher,
2104 4050 2148 4110 die
2175 4049 2234 4109 erst
2255 4049 2279 4109 in
2310 4049 2360 4109 den
2391 4046 2571 4106 allerletzten
2602 4046 2722 4106 Jahren
2754 4043 2924 4103 erschienen
2954 4040 3034 4100 sind,

1863 4100 1917 4160 daß
1953 4100 1993 4160 sie
2023 4097 2153 4157 zumeist
2179 4094 2294 4154 Bilder
2325 4094 2379 4154 der
2410 4094 2485 4154 Zeit
2515 4094 2570 4154 aus
2606 4091 2661 4151 des
2691 4090 2831 4150 Dichters
2867 4088 3017 4148 jüngeren

1862 4146 1982 4206 Jahren
2015 4142 2136 4202 geben.
2169 4141 2266 4201 Einer
2294 4142 2359 4202 viel
2383 4142 2573 4202 sorgloseren
2610 4138 2670 4198 und
2699 4135 3019 4195 unbekümmerteren
