3344 4352
295 321 880 381 Schnitzler's
949 316 1182 376 Deatl

266 978 421 1038 Ausse.

916 1213 980 1273 vom

212 1222 448 1282 Ausschnitt

292 1345 360 1405 aus

886 1345 961 1405 ...

844 1472 928 1532 .

234 1479 312 1539 Ne.

366 1649 684 1709 Münchener
719 1645 924 1705 Zeitung

408 1777 495 1837 Wite
516 1777 624 1837 denchten
645 1777 684 1837 Sie
705 1775 738 1835 ale
753 1774 887 1834 Allcsselel

410 2035 669 2095 Arthur
721 2036 1141 2096 Schnitzler.

358 2103 426 2163 Wir
458 2105 558 2165 haben
601 2106 807 2166 verschiedene
845 2106 945 2166 Arten
988 2106 1041 2166 der
1078 2106 1263 2166 Literatur¬

277 2144 502 2204 betrachtung,
542 2144 591 2204 die
640 2144 704 2204 rein
758 2144 949 2204 ästhetische,
989 2145 1037 2205 die
1087 2147 1258 2207 ästhetisch¬

278 2186 479 2246 moralische,
508 2186 556 2246 die
594 2186 1002 2246 historisch-biographische
1050 2189 1112 2249 und
1166 2189 1251 2249 deren

282 2228 466 2288 Spielarten
498 2228 506 2288 —
550 2228 625 2288 allen
656 2228 739 2288 mehr
762 2228 836 2288 oder
863 2228 986 2288 minder
1009 2229 1184 2289 gemeinsam
1224 2228 1259 2288 ist

278 2270 325 2330 die
354 2270 627 2330 stillschweigende
656 2270 937 2330 Voraussetzung,
962 2270 1014 2330 daß
1048 2270 1100 2330 der
1129 2272 1257 2332 Dichter

279 2312 339 2372 und
368 2312 418 2372 sein
447 2312 540 2372 Werk
559 2312 657 2372 etwas
680 2312 736 2372 vom
769 2312 866 2372 Leben
895 2312 1160 2372 Abtrennbares,
1175 2311 1263 2371 Für¬

280 2352 673 2412 sich=zu=Betrachtendes,
698 2353 742 2413 ein
787 2353 865 2413 (sehr
900 2353 1013 2413 hohes,
1043 2353 1111 2413 sehr
1142 2353 1263 2413 beacht¬

276 2392 389 2452 liches)
409 2392 596 2452 Phänomen
626 2393 700 2453 vom
744 2395 892 2455 Rande
917 2394 986 2454 des
1016 2393 1183 2453 Lebens
1213 2395 1266 2455 sei,

277 2432 331 2492 das
361 2434 424 2494 man
454 2435 512 2495 wie
537 2435 600 2495 eine
625 2434 743 2494 Blume
763 2435 919 2495 pflücken,
934 2434 983 2494 ins
1013 2436 1130 2496 Wasser
1150 2436 1248 2496 stellen

277 2476 335 2536 und
370 2478 483 2538 endlich
518 2479 704 2539 wegwerfen
743 2479 856 2539 könne,
881 2479 998 2539 wosern
1033 2477 1067 2537 es
1102 2478 1180 2538 welk
1205 2479 1258 2539 ge¬

275 2518 429 2578 worden.

355 2564 447 2624 Dank
474 2565 572 2625 dieser
604 2565 863 2625 Voraussetzung
900 2565 967 2625 gibt
993 2565 1024 2625 es
1055 2565 1106 2625 die
1133 2566 1257 2626 einzige

276 2605 668 2665 Literaturbetrachtung,
697 2607 743 2667 die
771 2607 906 2667 unserem
953 2607 1050 2667 Leben
1089 2607 1242 2667 unmittel

275 2646 327 2706 bar
352 2646 578 2706 zugutekäme,
593 2646 688 2706 nicht:
703 2646 881 2706 diejenige,
896 2646 1001 2706 welche
1026 2646 1179 2706 Dichtung
1203 2647 1251 2707 als

275 2686 326 2746 des
355 2688 563 2748 tatsächlichen
596 2688 712 2748 Lebens
745 2688 880 2748 obersten
922 2688 987 2748 (und
1015 2691 1163 2751 gleichsam
1206 2688 1256 2748 ge¬

272 2729 512 2789 schwindesten)
532 2729 603 2789 Teil
623 2729 762 2789 begreift
777 2728 786 2788 —
830 2729 1017 2789 desjenigen
1047 2729 1186 2789 Lebens,
1206 2728 1253 2788 das

273 2774 322 2834 sich
352 2771 484 2831 hernach
519 2771 548 2831 in
583 2771 819 2831 Pfundstürzen
859 2771 918 2831 und
953 2771 1144 2831 dergleichen
1179 2771 1253 2831 bloß

275 2813 567 2873 grobschlächtiger,
601 2813 653 2873 dem
707 2813 816 2873 Sinne
855 2813 927 2873 nach
971 2813 1042 2873 aber
1077 2816 1186 2876 gleich,
1215 2816 1248 2876 zu

270 2855 396 2915 äußern
427 2856 547 2916 pflegt.

349 2899 444 2959 Hätte
478 2900 545 2960 man
583 2900 707 2960 Arthur
741 2900 932 2960 Schnitzlers
971 2899 1066 2959 Werk
1096 2899 1152 2959 vor
1187 2900 1234 2960 dem

270 2941 367 3001 Krieg
400 2941 428 3001 in
461 2941 511 3001 der
540 2941 665 3001 wahren
698 2941 888 3001 Bedeutung
917 2941 968 3001 des
1001 2941 1131 3001 Wortes
1159 2940 1256 3000 „sach¬

267 2980 337 3040 lich“
361 2983 571 3043 genommen,
590 2980 655 3040 man
684 2980 768 3040 hätte
792 2983 914 3043 daraus
938 2980 989 3040 des
1017 2980 1096 3040 alten
1125 2983 1256 3043 Oester¬

266 3024 363 3084 reichs
396 3025 587 3085 Untergang
621 3024 648 3084 so
677 3022 839 3082 eindentig
873 3024 900 3084 zu
938 3024 1059 3084 folgern
1097 3022 1255 3082 vermocht

274 3067 331 3127 wie
358 3066 420 3126 aus
456 3064 508 3124 dem
553 3064 725 3124 Vibrieren
766 3064 854 3124 eines
885 3064 1168 3124 Seismographen
1208 3067 1252 3127 die

275 3106 526 3166 Tatsächlichkeit
550 3103 638 3163 eines
667 3106 853 3166 Erdbebens
886 3106 913 3166 in
947 3106 974 3166 10
993 3106 1039 3166 000
1073 3106 1249 3166 Kilometer

270 3147 497 3207 Entfernung.
543 3147 647 3207 Wenn
688 3147 742 3207 das
784 3146 851 3206 hier
888 3147 942 3207 von
988 3147 1165 3207 Schnitzler
1202 3145 1251 3205 be¬

271 3189 399 3249 hauptet
426 3189 528 3249 wird,
546 3187 572 3247 so
604 3186 701 3246 nicht,
724 3186 799 3246 weil
830 3189 896 3249 man
932 3189 963 3249 es
994 3189 1078 3249 nur
1110 3190 1145 3250 an
1176 3189 1260 3249 ihm,

274 3231 401 3291 sondern
433 3231 564 3291 sogar
591 3228 626 3288 an
658 3230 706 3290 ihm
750 3231 869 3291 ablesen
909 3230 1019 3290 konnte
1050 3229 1058 3289 —
1107 3230 1142 3290 an
1178 3231 1257 3291 ihm,

272 3270 318 3330 der
347 3273 425 3333 nicht
455 3272 477 3332 in
515 3270 566 3330 der
596 3270 688 3330 ersten
722 3270 820 3330 Reihe
848 3273 951 3333 stand,
975 3273 1035 3333 was
1069 3273 1120 3333 den
1158 3273 1246 3333 Rang

266 3315 410 3375 betrifft.
453 3313 550 3373 Denn
588 3315 709 3375 nimmt
738 3315 807 3375 man
845 3315 1004 3375 Dichtung
1042 3314 1101 3374 erst
1131 3314 1256 3374 einmal

271 3355 387 3415 wieder
420 3354 448 3414 in
481 3356 532 3416 dem
580 3353 776 3413 geforderten
818 3356 916 3416 Maße
945 3356 1047 3416 ernst,
1071 3356 1178 3416 ergibt
1207 3356 1249 3416 sich

273 3398 459 3458 folgendes:
483 3396 566 3456 was,
585 3398 710 3458 isoliert
729 3398 916 3458 betrachtet,
930 3398 976 3458 als
1005 3398 1074 3458 eine
1098 3398 1246 3458 Neigung

271 3440 330 3500 und
365 3440 526 3500 Schwäche
556 3440 610 3500 des
645 3440 786 3500 Dichters
821 3440 973 3500 erscheint
1008 3440 1066 3500 („er
1101 3440 1155 3500 hat
1180 3440 1248 3500 halt

270 3482 332 3542 eine
361 3482 476 3542 Faible
506 3482 553 3542 für
583 3480 1073 3540 Untergangsstimmungen"),
1093 3479 1145 3539 das
1175 3479 1241 3539 eben

266 3523 305 3583 ist
335 3523 393 3583 sein
418 3523 609 3583 Ansprechen
634 3521 692 3581 auf
708 3520 751 3580 die
776 3523 844 3583 Zeit
864 3523 923 3583 und
948 3520 1040 3580 somit
1061 3520 1070 3580 —
1114 3521 1163 3581 für
1183 3522 1241 3582 uns

270 3559 279 3619 —
332 3563 375 3623 ein
409 3566 571 3626 drängend
600 3562 757 3622 wichtiger
787 3562 863 3622 Teil
888 3562 987 3622 seiner
1017 3562 1165 3622 Mission,
1189 3561 1251 3621 wo¬

264 3602 320 3662 bei
344 3605 390 3665 die
418 3604 543 3664 Fräge,
567 3604 706 3664 wieweit
730 3604 781 3664 der
810 3604 939 3664 Dichter
968 3604 1252 3664 leidvoll=lustvoll

266 3646 385 3706 teilhat
409 3646 447 3706 an
482 3646 582 3706 seiner
611 3644 711 3704 Welt,
736 3646 840 3706 längst
865 3646 946 3706 nicht
971 3647 1061 3707 mehr
1091 3646 1133 3706 die
1167 3646 1253 3706 wich¬

270 3690 356 3750 tigste
382 3688 479 3748 Rolle
500 3686 612 3746 spielt.

344 3726 413 3786 Vor
447 3727 573 3787 einigen
615 3729 722 3789 Tagen
760 3729 872 3789 wurde
906 3729 933 3789 in
976 3729 1134 3789 München
1196 3729 1242 3789 ein

270 3771 437 3831 englisches
483 3769 637 3829 Lustspiel
670 3771 942 3831 erstaufgeführt,
970 3772 1065 3832 dessen
1106 3771 1246 3831 Summe

272 3813 362 3873 gleich
389 3813 439 3873 der
467 3811 667 3871 Feststellung
699 3813 785 3873 war:
821 3813 853 3873 in
885 3813 1012 3873 unserer
1040 3813 1239 3873 moralischen

277 3855 348 3915 (also
382 3855 449 3915 auch
483 3855 511 3915 in
551 3855 679 3915 unserer
709 3855 939 3915 tatsächlichen)
968 3854 1054 3914 Welt
1083 3855 1122 3915 ist
1151 3855 1246 3915 nichts

1395 309 1516 369 box
1602 312 1784 372 43/3

1319 1968 1402 2028 mehr
1437 1968 1490 2028 von
1530 1968 1686 2028 Bestand.
1731 1968 1789 2028 Ein
1829 1968 1937 2028 Werk,
1981 1968 2074 2028 dessen
2119 1966 2285 2026 ästhetische

1311 2010 1507 2070 Qualitäten
1547 2010 1625 2070 nicht
1655 2010 1699 2070 die
1734 2010 1861 2070 höchsten
1896 2010 1978 2070 sind,
1999 2008 2052 2068 hat
2077 2008 2180 2068 damit
2210 2007 2288 2067 ohne

1317 2053 1378 2113 jede
1404 2052 1579 2112 lehrhafte,
1595 2049 1667 2109 eher
1688 2051 1713 2111 in
1745 2050 1909 2110 lusthafter
1935 2049 2053 2109 Absicht
2085 2049 2151 2109 eine
2178 2049 2291 2109 Wahr¬

1314 2094 1376 2154 heit
1400 2094 1453 2154 vor
1482 2094 1539 2154 uns
1568 2094 1759 2154 hingestellt,
1779 2092 1822 2152 die
1846 2091 1898 2151 für
1923 2091 1980 2151 uns
2009 2092 2057 2152 die
2076 2091 2287 2151 drängendste

1315 2136 1373 2196 und
1410 2137 1590 2197 wichtigste,
1617 2136 2009 2196 zukunftentscheidendste
2041 2136 2205 2196 geworden
2248 2136 2295 2196 ist.

1388 2192 1482 2252 Hätte
1508 2192 1579 2252 man
1609 2190 1664 2250 aus
1696 2192 1887 2252 Schnitzlers
1917 2189 2028 2249 Werk,
2044 2189 2098 2249 das
2129 2189 2180 2249 der
2205 2188 2290 2248 Vor¬

1310 2234 1481 2294 kriegszeit
1527 2232 1557 2292 in
1613 2232 1698 2292 jeder
1735 2231 1836 2291 Weise
1867 2231 2038 2291 angehört,
2084 2231 2205 2291 ähnlich
2241 2231 2286 2291 die

1309 2273 1448 2333 Summe
1477 2276 1504 2336 zu
1537 2274 1640 2334 ziehen
1673 2273 1803 2333 gehabt,
1827 2273 1850 2333 so
1879 2273 1962 2333 hätte
1990 2271 2056 2331 man
2089 2272 2163 2332 etwa
2196 2273 2279 2333 sagen

1314 2316 1449 2376 müssen:
1487 2315 1514 2375 in
1543 2314 1631 2374 jener
1660 2315 1743 2375 Welt
1767 2315 1795 2375 zu
1829 2313 1912 2373 leben
1950 2315 2062 2375 lohnte
2091 2313 2165 2373 nicht
2189 2314 2291 2374 mehr.

1311 2356 1416 2416 Oder,
1435 2356 1468 2416 um
1512 2356 1540 2416 es
1569 2356 1636 2416 noch
1665 2356 1750 2416 mehr
1780 2356 1808 2416 im
1847 2356 2047 2416 Sprachgeist
2076 2356 2123 2416 der
2152 2357 2286 2417 Schnitz¬

1315 2398 1464 2458 ler=Welt
1490 2399 1753 2459 auszudrücken:
1795 2401 1857 2461 „es
1888 2398 2001 2458 stand
2033 2401 2141 2461 nicht
2167 2398 2285 2458 mehr

1313 2440 1488 2500 dafür".

1388 2491 1452 2551 Und
1483 2491 1593 2551 warum
1639 2491 1739 2551 nicht?
1785 2491 1850 2551 Die
1871 2491 2026 2551 Antwort
2051 2491 2177 2551 enthält
2202 2493 2277 2553 schon

1315 2532 1366 2592 das
1392 2532 1551 2592 drohende
1583 2532 1815 2592 Strafgericht:
1851 2534 1933 2594 weil
1954 2535 1990 2595 sie
2016 2535 2062 2595 sich
2094 2535 2186 2595 völlig
2217 2534 2268 2594 dem

1313 2575 1458 2635 Genuß
1494 2574 1757 2634 überantwortet
1783 2574 1883 2634 hatte.

1383 2624 1578 2684 Schnitzlers
1630 2625 1794 2685 Menschen
1851 2622 1912 2682 sind
1964 2624 2174 2684 Genießende
2226 2625 2277 2685 des

1314 2666 1424 2726 Lebens
1458 2666 1472 2726 —
1521 2666 1593 2726 man
1627 2667 1712 2727 sollte
1747 2667 1891 2727 meinen,
1915 2667 1991 2727 diese
2021 2667 2198 2727 Liebhaber
2233 2667 2285 2727 des

1312 2709 1452 2769 schönen,
1477 2709 1653 2769 sorglosen,
1679 2709 1895 2769 reizerfüllten
1931 2711 2142 2771 Augenblicks
2177 2710 2277 2770 hätten

1309 2747 1361 2807 das
1395 2750 1520 2810 Höchste
1554 2750 1702 2810 erreicht,
1732 2750 1919 2810 dasjenige,
1943 2750 1986 2810 um
2034 2750 2091 2810 das
2131 2750 2197 2810 man
2241 2750 2283 2810 die

1306 2789 1422 2849 Götter
1450 2790 1614 2850 beneidete
1642 2789 1656 2849 —
1703 2791 1810 2851 woher
1857 2792 1936 2852 denn
1988 2792 2048 2852 nun
2105 2792 2170 2852 also
2217 2792 2286 2852 ihre

1309 2831 1483 2891 schreckliche
1535 2831 1772 2891 Melancholie,
1813 2831 1885 2891 ihre
1932 2834 2173 2894 Zweifelsucht,
2215 2834 2281 2894 ihre

1308 2873 1446 2933 geheime
1485 2873 1662 2933 Sehnsucht
1701 2873 1772 2933 nach
1817 2873 2032 2933 Untergang?
2085 2874 2133 2934 In
2181 2874 2272 2934 einem

1311 2915 1406 2975 seiner
1435 2915 1530 2975 besten
1565 2915 1736 2975 Einakter,
1756 2915 1784 2975 im
1828 2915 1981 2975 „Grünen
2015 2915 2182 2975 Kakadu",
2202 2916 2287 2976 schil¬

1308 2954 1376 3014 dert
1406 2956 1578 3016 Schnitzler
1618 2956 1667 3016 die
1697 2956 1918 3016 französischen
1957 2956 2198 3016 Aristokraten,
2223 2957 2282 3017 wie

1306 2998 1338 3058 sie
1372 2998 1418 3058 sich
1451 2998 1647 3058 Revolution
1690 2998 1866 3058 vorspielen
1904 2998 1993 3058 lassen
2036 2998 2096 3058 und
2129 2999 2189 3059 wie
2223 3000 2278 3060 aus

1306 3040 1360 3100 dem
1405 3041 1508 3101 Spiel
1538 3040 1755 3100 unversehens
1790 3040 2007 3100 Wirklichkeit
2037 3040 2134 3100 wird.

1381 3094 1469 3154 Nicht
1494 3094 1611 3154 anders
1642 3093 1690 3153 als
1720 3093 1744 3153 in
1779 3094 1872 3154 diesem
1917 3094 2078 3154 Gleichnis
2108 3095 2142 3155 ist
2167 3097 2201 3157 es
2231 3097 2280 3157 der

1306 3137 1397 3197 Welt,
1422 3137 1474 3197 der
1504 3135 1682 3195 Schnitzler
1711 3135 1793 3195 leid=
1822 3136 1879 3196 und
1914 3135 2049 3195 lustvoll
2068 3138 2212 3198 anhing,
2237 3136 2285 3196 er¬

1306 3180 1450 3240 gangen:
1497 3177 1552 3237 das
1586 3177 1650 3237 alte
1679 3177 1893 3237 Oesterreich,
1917 3177 1972 3237 das
2006 3177 2122 3237 andere
2155 3180 2280 3240 Dichter

1303 3222 1434 3282 größer,
1467 3219 1583 3279 andere
1621 3220 1850 3280 schmerzlicher
1888 3220 2093 3280 darzustellen
2136 3222 2285 3282 wußten,

1304 3264 1420 3324 zerfiel
1444 3264 1513 3324 nach
1542 3262 1630 3322 jenem
1672 3263 1835 3323 unsagbar
1859 3261 2002 3321 schönen,
2022 3263 2077 3323 von
2115 3264 2282 3324 rätselhaf¬

1306 3305 1346 3365 ter
1383 3306 1515 3366 Trauer
1548 3303 1771 3363 verhangenen
1813 3303 1940 3363 Herbst.
1986 3303 2050 3363 Die
2087 3303 2178 3363 Liebe
2215 3306 2283 3366 war

1306 3346 1415 3406 Genuß
1449 3344 1636 3404 geworden,
1661 3344 1722 3404 und
1752 3344 1795 3404 die
1829 3344 1972 3404 Männer
2006 3344 2068 3404 (bei
2092 3346 2284 3406 Schnitzler)

1308 3389 1494 3449 vermochten
1532 3386 1607 3446 nicht
1640 3386 1728 3446 mehr
1761 3386 1817 3446 mit
1846 3386 1897 3446 dem
1939 3386 2061 3446 Herzen
2099 3387 2126 3447 zu
2164 3389 2285 3449 lieben,

1305 3429 1366 3489 und
1400 3431 1448 3491 die
1482 3428 1605 3488 Frauen
1644 3428 1739 3488 gaben
1778 3428 1825 3488 sich
1859 3428 2026 3488 vergeblich
2060 3430 2117 3490 zum
2165 3431 2284 3491 Opfer.

1301 3470 1419 3530 Welche
1455 3472 1593 3532 panische
1628 3470 1731 3530 Stille
1772 3470 1825 3530 vor
1865 3470 1919 3530 dem
1969 3471 2271 3531 heranbrausenden

1309 3512 1588 3572 Schicksalswind!

1372 3562 1568 3622 Schnitzler,
1578 3559 1628 3619 das
1654 3559 1688 3619 ist
1709 3559 1809 3619 wahr,
1825 3559 1915 3619 erhob
1941 3561 1986 3621 sich
2007 3559 2107 3619 wenig
2133 3562 2208 3622 über
2228 3562 2273 3622 die

1311 3604 1390 3664 Zeit,
1409 3604 1456 3664 die
1480 3603 1512 3663 er
1536 3601 1690 3661 darstellte
1715 3598 1723 3658 —
1771 3598 1794 3658 so
1822 3601 1939 3661 wenig,
1959 3601 2010 3661 daß
2038 3601 2071 3661 er
2095 3601 2146 3661 ihr
2170 3603 2282 3663 nach¬

1306 3643 1401 3703 lebte,
1415 3644 1464 3704 als
1492 3643 1528 3703 sie
1551 3643 1628 3703 schon
1656 3640 1833 3700 „drunten“
1860 3640 1942 3700 war.
1974 3640 2019 3700 Er
2042 3641 2096 3701 gab
2129 3642 2174 3702 die
2197 3642 2278 3702 Ver¬

1309 3685 1397 3745 suche,
1430 3686 1468 3746 sie
1501 3685 1528 3745 im
1575 3685 1781 3745 eigentlichen
1819 3682 1926 3742 Sinne
1959 3683 1987 3743 zu
2025 3685 2160 3745 dichten,
2194 3685 2226 3745 d.
2254 3687 2282 3747 h.

1301 3726 1387 3786 durch
1410 3726 1510 3786 große
1533 3723 1619 3783 Form
1661 3723 1692 3783 zu
1720 3723 1861 3783 erlösen,
1880 3723 1993 3783 wieder
2021 3723 2075 3783 auf
2098 3723 2157 3783 und
2180 3725 2275 3785 über¬

1302 3768 1360 3828 ließ
1388 3768 1451 3828 sich,
1470 3768 1515 3828 ein
1542 3767 1729 3827 anmutiger
1757 3765 1815 3825 und
1838 3765 2102 3825 geschmackvoller
2130 3768 2279 3828 Impres¬

1302 3807 1422 3867 sionist,
1437 3808 1522 3868 ihrem
1563 3807 1653 3867 Reiz.
1684 3806 1759 3866 Das
1785 3807 1941 3867 bestimmt
1967 3807 2062 3867 seinen
2093 3810 2183 3870 Rang
2208 3811 2268 3871 und

1303 3852 1377 3912 wird
1408 3852 1508 3912 seinen
1539 3849 1664 3909 Werken
1700 3849 1745 3909 die
1771 3849 1886 3909 Dauer
1912 3851 2067 3911 weigern.

2110 3858 2121 3918 «
2152 3860 2174 3920 f.

2421 1964 2505 2024 Aber
2532 1965 2616 2025 wenn
2643 1965 2701 2025 wir
2728 1965 2759 2025 an
2791 1968 2886 2028 seinem
2929 1971 3071 2031 Beispiel
3093 1971 3134 2031 die
3156 1974 3282 2034 Erkenn

2347 2005 2396 2065 nis
2431 2007 2552 2067 festigen
2592 2006 2650 2066 von
2691 2006 2739 2066 der
2774 2010 2989 2070 immanenten
3029 2013 3205 2073 Prophetie
3239 2013 3293 2073 alle

2345 2046 2519 2106 Dichtung,
2551 2047 2603 2107 von
2641 2049 2730 2109 ihrer
2763 2051 2990 2111 sachlichen
3027 2054 3222 2114 Wichtigkeit
3255 2053 3280 2113 (d

2343 2086 2423 2146 nicht
2444 2089 2666 2149 durchzusetzen
2702 2088 2736 2148 ist
2762 2088 2823 2148 mit
2844 2091 2929 2151 ihrem
2975 2094 3162 2154 ästhetischen
3198 2094 3283 2154 Rang

2348 2130 2367 2190 so
2407 2130 2485 2190 wird
2520 2128 2584 2188 uns
2619 2130 2672 2190 das
2712 2133 2903 2193 hellhöriger
2938 2135 3055 2195 machen
3106 2133 3159 2193 für
3199 2136 3296 2196 unser

2345 2170 2452 2230 eigene
2479 2168 2638 2228 Zukunft,
2654 2171 2699 2231 die
2721 2171 2838 2231 immer
2860 2171 2936 2231 schon
2968 2171 2993 2231 in
3024 2174 3075 2234 den
3102 2177 3230 2237 Werken
3261 2177 3291 2237 de

2344 2210 2604 2270 bevorstehenden
2644 2211 2717 2271 Zeit
2757 2211 2810 2271 als
2845 2213 2913 2273 eine
2949 2216 3085 2276 Ahnung
3126 2216 3213 2276 ruht,
3253 2217 3287 2277 au

2347 2252 2440 2312 denen
2475 2252 2508 2312 sie
2538 2252 2587 2312 der
2612 2252 2710 2312 tätige
2735 2255 2827 2315 Wille
2857 2255 3034 2315 erkennend
3064 2256 3220 2316 befreien,
3240 2257 3294 2317 abe

2340 2294 2408 2354 auch
2439 2294 2674 2354 abwenden
2709 2296 2796 2356 mag,
2807 2298 2899 2358 sofern
2925 2297 2958 2357 sie
2979 2297 3160 2357 unheilvoll
3170 2300 3218 2360 ist.
3229 2299 3287 2359 Die

2345 2334 2379 2394 ist
2400 2333 2455 2393 es,
2476 2334 2586 2394 wovon
2617 2335 2646 2395 es
2677 2335 2707 2395 im
2748 2335 2843 2395 Alten
2874 2336 3059 2396 Testament
3085 2338 3110 2398 so
3141 2341 3185 2401 oft
3211 2341 3276 2401 heiß

2346 2376 2379 2436 sie
2407 2374 2512 2434 hörten
2551 2376 2629 2436 nicht
2652 2377 2706 2437 auf
2729 2377 2801 2437 ihre
2829 2380 3029 2440 Propheten.

2418 2431 2510 2491 Denn
2547 2431 2659 2491 immer
2691 2431 2809 2491 wieder
2851 2434 3020 2494 verweisen
3067 2434 3113 2494 die
3144 2437 3283 2497 Mensche

2348 2473 2399 2533 das
2430 2473 2620 2533 „zwecklose"
2652 2473 2749 2533 Spiel
2776 2476 2827 2536 der
2859 2476 3028 2536 Phantasie
3060 2476 3090 2536 an
3127 2476 3178 2536 den
3215 2476 3286 2536 Ran

2346 2513 2392 2573 des
2429 2515 2569 2575 Lebens.
2605 2513 2675 2573 Und
2705 2516 2769 2576 was
2805 2515 2840 2575 sie
2870 2515 2922 2575 für
2952 2516 3069 2576 unnütz
3094 2518 3216 2578 halten,
3241 2519 3287 2579 ver

2344 2553 2453 2613 mögen
2483 2556 2517 2616 sie
2547 2556 2627 2616 nicht
2651 2557 2737 2617 mehr
2767 2559 2795 2619 zu
2825 2558 2952 2618 nützen.

2933 2604 3076 2664 Hanns
3103 2607 3271 2667 Braun.

2423 2687 2481 2747 Auf
2508 2688 2553 2748 dem
2593 2688 2848 2748 Zentralfriedhof
2875 2688 2894 2748 in
2928 2686 3038 2746 Wien
3072 2690 3169 2750 wurde
3196 2693 3280 2753 gester

2342 2729 2439 2789 mittag
2466 2728 2599 2788 Artur
2626 2729 2852 2789 Schnitzler
2879 2730 2930 2790 zur
2956 2729 3043 2789 letzten
3075 2730 3157 2790 Ruhe
3183 2732 3280 2792 geleite

2344 2771 2393 2831 Die
2418 2769 2600 2829 israelitische
2625 2768 2880 2828 Kultusgemeinde
2910 2771 2988 2831 hatte
3013 2771 3058 2831 dem
3102 2771 3284 2831 Verstorbene

2343 2812 2377 2872 ein
2403 2811 2655 2871 Ehrengrab
2681 2812 2817 2872 gestiftet.
2842 2811 2882 2871 An
2908 2813 2958 2873 den
2984 2813 3291 2873 Beisetzungsfeietlich

2338 2853 2417 2913 keiten
2448 2852 2568 2912 nahmen
2599 2852 2638 2912 die
2664 2854 2975 2914 Familienmitglieder
3001 2858 3050 2918 und
3081 2858 3151 2918 viele
3171 2858 3286 2918 Freund

2343 2897 2393 2957 und
2418 2897 2561 2957 Verehrer
2587 2897 2632 2957 des
2658 2899 2784 2959 Dichters
2811 2899 2876 2959 teil.
