3392 4320
136 272 260 332 12.

838 269 904 329 s
972 267 1203 327 Deatl

324 279 747 339 Schuitzle

948 671 1065 731 Re

276 676 890 736 OBSERVE

352 733 378 793 I.
391 736 513 796 österr.
522 733 674 793 behördl.
688 730 987 790 konzessioniertes

309 775 544 835 Unternehmen
575 774 624 834 für
647 769 1032 829 Zeitungs-Ausschnitte

361 832 507 892 WIEN,
534 837 580 897 I.,
607 832 895 892 WOLLZEILE
942 830 981 890 11

459 885 673 945 TELEPHON
711 882 883 942 R-23-0-43

260 1028 481 1088 Ausschnitt
503 1025 597 1085 aus:

265 1195 463 1255 MVCINEK
500 1197 517 1257 Z
554 1195 924 1255 MVDANNICYWAV

202 1324 373 1384 Neue
429 1327 665 1387 Lodzer
721 1324 967 1384 Zeitung

707 1407 728 1467 2
766 1413 1080 1473 5.PAZ.1931

927 1457 1122 1517 193.....r.

363 1458 383 1518 z
417 1461 488 1521 dn.

418 1666 1231 1726 KunstYWissen

384 1788 771 1848 Schnitzlers
829 1793 999 1853 letzte
1047 1793 1291 1853 Fahrt.

406 1870 459 1930 Ein
494 1873 636 1933 endloser
663 1873 853 1933 Trauerzug
881 1876 982 1936 folgte
1010 1876 1104 1936 seinem
1153 1878 1273 1938 Sarge.

418 1946 531 2006 Wien,
559 1949 613 2009 23.
641 1951 798 2011 Oktober.
848 1950 891 2010 Im
946 1954 1321 2014 Mittagssonnenglanz

336 1996 444 2056 wurde
475 1999 598 2059 Arthur
625 1999 794 2059 Schnitzler
826 1999 856 2059 zu
888 2000 995 2060 Grabe
1027 2003 1196 2063 getragen.

429 2046 500 2106 Was
532 2046 619 2106 Wien
650 2049 686 2109 an
717 2049 913 2109 klangvollen
949 2052 1072 2112 Namen
1104 2052 1160 2112 auf
1181 2052 1232 2112 dem
1274 2050 1340 2110 Ge¬

332 2094 417 2154 biete
450 2095 504 2155 der
537 2097 704 2157 Literatur
737 2098 796 2158 und
829 2098 882 2158 des
921 2100 1077 2160 Theaters
1110 2103 1229 2163 besitzt,
1251 2101 1337 2161 hatte

338 2142 384 2202 sich
415 2143 440 2203 im
488 2146 720 2206 Trauerhause
751 2148 983 2208 eingefunden,
1010 2151 1046 2211 um
1093 2151 1149 2211 von
1186 2151 1237 2211 dem
1284 2151 1340 2211 ge¬

335 2193 448 2253 liebten
481 2195 599 2255 Dichter
627 2196 771 2256 Abschied
799 2199 825 2259 zu
859 2199 1009 2259 nehmen.
1053 2199 1106 2259 Die
1134 2201 1241 2261 Leiche
1269 2198 1333 2258 war

338 2240 364 2300 im
412 2246 665 2306 Schlafzimmer
698 2246 750 2306 des
788 2246 931 2306 Dichters
968 2246 1068 2306 neben
1106 2249 1212 2309 seinem
1265 2249 1344 2309 Bett

338 2294 547 2354 aufgebahrt.
570 2294 608 2354 Zu
642 2294 746 2354 Füßen
780 2296 829 2356 des
857 2297 984 2357 Sarges
1012 2297 1100 2357 lagen
1128 2298 1210 2358 zwei
1233 2299 1337 2359 Krän¬

333 2344 384 2404 ze,
410 2342 564 2402 darunter
596 2342 662 2402 auch
700 2344 756 2404 der
787 2343 838 2403 des
875 2348 1127 2408 Burgtheaters.
1154 2347 1200 2407 Um
1247 2347 1334 2407 11,45

337 2390 400 2450 Uhr
433 2392 538 2452 wurde
571 2391 624 2451 der
656 2393 745 2453 Sarg
784 2395 958 2455 geschlossen
1001 2396 1060 2456 und
1097 2396 1149 2456 auf
1177 2396 1240 2456 das
1272 2396 1346 2456 Lei¬

334 2440 483 2500 chenauto
515 2443 680 2503 gehoben.
727 2443 805 2503 Nun
841 2443 1007 2503 formierte
1043 2441 1089 2501 sich
1126 2443 1178 2503 der
1215 2446 1338 2506 endlose

334 2491 544 2551 Trauerzug,
565 2491 659 2551 voran
695 2491 750 2551 das
786 2491 992 2551 Leichenauto
1027 2492 1082 2552 und
1118 2493 1333 2553 anschließend

331 2537 400 2597 eine
432 2541 501 2601 sehr
533 2543 628 2603 große
661 2542 750 2602 Zahl
783 2542 836 2602 von
873 2542 979 2602 Autos
1017 2543 1075 2603 mit
1102 2544 1154 2604 den
1198 2545 1340 2605 Trauer¬

334 2587 467 2647 gästen.

419 2638 486 2698 Der
515 2638 583 2698 Zug
623 2639 707 2699 nahm
754 2638 854 2698 seinen
895 2637 968 2697 Weg
1003 2639 1042 2699 am
1111 2641 1337 2701 Burgtheater

335 2685 451 2745 vorbei
478 2688 530 2748 zum
578 2688 874 2748 Zentralfriedhof.
917 2690 980 2750 Die
1028 2689 1129 2749 große
1182 2691 1340 2751 Zeremo¬

331 2736 494 2796 nienhalle
522 2738 637 2798 konnte
664 2739 711 2799 die
738 2739 822 2799 Zahl
844 2737 896 2797 der
923 2739 1140 2799 Trauergäste
1167 2741 1245 2801 nicht
1267 2740 1340 2800 auf¬

328 2787 485 2847 nehmen,
505 2787 562 2847 und
592 2787 668 2847 viele
697 2789 754 2849 von
783 2787 874 2847 ihnen
908 2788 1032 2848 mußten
1066 2787 1238 2847 außerhalb
1267 2788 1339 2848 der¬

333 2836 425 2896 selben
462 2836 662 2896 Aufstellung
694 2838 842 2898 nehmen.
864 2837 997 2897 Schlicht
1024 2838 1085 2898 und
1111 2840 1250 2900 einfach,
1271 2839 1327 2899 und

332 2885 352 2945 in
384 2884 471 2944 ihrer
492 2886 694 2946 Einfachheit
720 2887 750 2947 um
792 2885 818 2945 so
844 2887 1082 2947 ergreifender,
1103 2888 1170 2948 war
1196 2889 1242 2949 die
1268 2888 1340 2948 kur¬

329 2941 358 3001 ze
384 2935 616 2995 Trauerfeier,
632 2936 676 2996 die
707 2936 773 2996 nach
804 2936 858 2996 dem
899 2936 1030 2996 Wunsch
1061 2936 1111 2996 des
1137 2939 1278 2999 Dichters
1309 2938 1333 2998 so

333 2982 391 3042 wie
422 2984 470 3044 für
501 2984 554 3044 den
589 2987 726 3047 ärmsten
761 2987 869 3047 Mann
909 2987 1110 3047 angeordnet
1140 2989 1229 3049 war.
1273 2989 1332 3049 Ein

331 3034 439 3094 kurzes
469 3032 592 3092 Gebet,
617 3035 680 3095 und
715 3038 793 3098 dann
833 3037 941 3097 wurde
976 3037 1025 3097 der
1060 3038 1148 3098 Sarg
1203 3038 1231 3098 in
1286 3038 1335 3098 die

335 3082 530 3142 Ehrenreihe
552 3083 608 3143 zum
649 3085 835 3145 Ehrengrab
867 3085 1037 3145 getragen,
1058 3086 1114 3146 und
1145 3088 1187 3148 die
1213 3086 1331 3146 großen

335 3133 471 3193 Scharen
507 3133 557 3193 der
588 3136 805 3196 Trauergäste
831 3136 1007 3196 defilierten
1043 3136 1078 3196 an
1114 3136 1210 3196 diesem
1256 3132 1341 3192 Gra¬

330 3181 364 3241 be
394 3183 507 3243 vorbei
527 3182 590 3242 und
620 3184 738 3244 warfen
773 3185 964 3245 Erdschollen
999 3185 1058 3245 auf
1078 3186 1132 3246 den
1167 3187 1250 3247 Sarg
1280 3184 1334 3244 des

329 3231 487 3291 Dichters.
536 3233 625 3293 Wien
657 3235 715 3295 hat
743 3235 890 3295 ehrliche,
912 3237 1096 3297 aufrichtige
1129 3235 1255 3295 Trauer
1282 3235 1335 3295 ge¬

332 3282 462 3342 tragen.
498 3281 573 3341 Nur
599 3282 644 3342 die
670 3285 836 3345 offiziellen
867 3285 988 3345 Stellen
1019 3285 1149 3345 scheinen
1180 3285 1236 3345 von
1266 3283 1321 3343 dem

328 3332 468 3392 Ableben
504 3330 554 3390 des
585 3334 730 3394 Dichters
761 3333 841 3393 keine
872 3335 967 3395 Notiz
993 3333 1184 3393 genommen
1220 3333 1250 3393 zu
1281 3333 1340 3393 ha¬

327 3384 408 3444 ben;
428 3383 504 3443 denn
538 3383 648 3443 seitens
677 3384 730 3444 der
759 3384 1066 3444 Regierungskreise
1090 3384 1157 3444 war
1181 3384 1229 3444 nie
1249 3384 1334 3444 and

329 3433 522 3493 anwesend.

376 3527 776 3587 Antikenverkauf
815 3529 851 3589 in
905 3529 1267 3589 Griechenland,

388 3596 552 3656 Dubletten
589 3596 676 3656 sollen
714 3598 790 3658 neue
817 3597 1018 3657 Grabungen
1050 3599 1266 3659 finanzieren.

414 3664 465 3724 Ein
497 3664 723 3724 bedeutsames
749 3665 857 3725 Gesetz
873 3667 909 3727 ist
935 3666 991 3726 auf
1012 3664 1136 3724 Antrag
1167 3664 1218 3724 des
1245 3666 1332 3726 grie¬

324 3715 446 3775 chischen
492 3717 850 3777 Kultusministeriums
890 3716 914 3776 im
969 3715 1171 3775 Parlament
1225 3717 1332 3777 einge¬

322 3766 432 3826 bracht
461 3766 610 3826 worden.
653 3769 783 3829 Danach
817 3767 874 3827 soll
904 3766 937 3826 es
966 3768 1019 3828 den
1058 3765 1240 3825 Direktoren
1279 3765 1331 3825 der

323 3817 513 3877 zahlreichen
550 3815 679 3875 Museen
711 3817 860 3877 gestattet
881 3817 963 3877 sein,
979 3817 1144 3877 geeignete
1170 3817 1330 3877 Bestände

325 3867 410 3927 ihrer
440 3865 708 3925 Sammlungen,
732 3865 780 3925 die
809 3865 857 3925 als
891 3865 1063 3925 Dubletten
1097 3865 1321 3925 anzusprechen

331 3915 407 3975 sind,
434 3914 490 3974 zum
537 3915 686 3975 Verkauf
713 3912 981 3972 bereitzustellen.
1028 3912 1089 3972 Die
1142 3917 1327 3977 endgültige

328 3965 578 4025 Genehmigung
608 3966 662 4026 zum
707 3963 849 4023 Verkauf
874 3962 953 4022 wird
983 3962 1066 4022 durch
1096 3963 1144 4023 die
1170 3966 1331 4026 archäolo¬

326 4017 418 4077 gische
450 4014 748 4074 Aufsichtsbehörde
779 4014 934 4074 gewährt
961 4012 1017 4072 und
1053 4011 1099 4071 die
1131 4014 1331 4074 freigegebe¬

332 4062 380 4122 nen
415 4059 540 4119 Antiken
575 4065 748 4125 alljührlich
770 4064 796 4124 im
832 4062 1130 4122 Nationalmuseum
1172 4064 1193 4124 in
1221 4064 1324 4124 Achen

1433 258 1557 318 box
1636 258 1868 318 43/25

1361 1584 1547 1644 ausgestellt
1568 1583 1712 1643 werden,
1728 1581 1774 1641 wo
1801 1580 1868 1640 eine
1894 1578 2142 1638 Versteigerung
2168 1575 2348 1635 stattfinden

1366 1634 1428 1694 soll.
1471 1633 1518 1693 In
1556 1631 1608 1691 der
1640 1629 1835 1689 Hauptsache
1868 1628 1946 1688 wird
1978 1626 2009 1686 es
2042 1625 2094 1685 sich
2153 1625 2247 1685 dabei
2295 1624 2337 1684 um

1361 1682 1571 1742 Kleinfunde,
1597 1679 1657 1739 vor
1687 1679 1767 1739 allem
1818 1673 2205 1733 Scherbensammlungen
2246 1673 2356 1733 beson¬

1361 1732 1425 1792 ders
1455 1733 1509 1793 von
1539 1730 1638 1790 neuen
1668 1727 1935 1787 Ausgrabungen
1966 1724 2124 1784 handeln.
2144 1723 2213 1783 Das
2238 1721 2263 1781 so
2293 1723 2361 1783 ein¬

1365 1782 1523 1842 gebrachte
1555 1778 1633 1838 Geld
1666 1777 1724 1837 soll
1756 1777 1914 1837 wiederum
1962 1772 2014 1832 für
2042 1774 2094 1834 den
2131 1772 2268 1832 Ausbau
2305 1772 2357 1832 der

1370 1830 1496 1890 Museen
1534 1827 1596 1887 und
1634 1826 1654 1886 in
1692 1825 1908 1885 beschränktem
1956 1822 2061 1882 Maße
2093 1821 2150 1881 zur
2183 1821 2356 1881 Finanzie¬

1359 1879 1439 1939 rung
1470 1879 1524 1939 von
1555 1876 1756 1936 Grabungen
1787 1876 1918 1936 dienen.
1964 1871 2024 1931 Der
2055 1871 2226 1931 griechische
2257 1870 2357 1930 Staat

1369 1930 1422 1990 hat
1443 1930 1501 1990 erst
1523 1927 1575 1987 vor
1602 1927 1707 1987 kurzem
1750 1925 1813 1985 eine
1840 1922 2051 1982 beträchtliche
2078 1920 2220 1980 Summe
2242 1918 2289 1978 für
2316 1918 2358 1978 die

1368 1978 1589 2038 Erweiterung
1620 1974 1674 2034 der
1706 1974 1786 2034 alten
1822 1973 1882 2033 und
1938 1971 1988 2031 die
2018 1971 2205 2031 Errichtung
2261 1966 2356 2026 neuer

1370 2025 1495 2085 Museen
1535 2021 1806 2081 ausgeschrieben.
1857 2019 2002 2079 Dennoch
2038 2020 2148 2080 reichen
2189 2019 2234 2079 die
2264 2017 2359 2077 staat¬

1371 2076 1453 2136 lichen
1490 2074 1603 2134 Mittel
1630 2071 1706 2131 nicht
1733 2070 1810 2130 aus,
1832 2070 1893 2130 und
1924 2069 1997 2129 man
2034 2067 2084 2127 hat
2111 2069 2209 2129 daher
2241 2068 2266 2128 zu
2303 2066 2364 2126 die¬

1375 2123 1409 2183 ser
1445 2123 1566 2183 neuen,
1591 2122 1641 2182 den
1682 2118 1869 2178 wertvollen
1924 2116 2116 2176 Besitzstand
2172 2115 2358 2175 schonenden

1374 2175 1578 2235 Maßnahme
1612 2171 1789 2231 gegriffen,
1817 2169 1866 2229 die
1901 2169 2033 2229 zugleich
2090 2166 2139 2226 oft
2173 2166 2361 2226 geäußerten

1371 2222 1539 2282 Wünschen
1577 2222 1629 2282 vom
1677 2220 1846 2280 Auslande
1878 2218 2173 2278 entgegenkomn.

1789 2387 2056 2447 OBS

2193 2391 2225 2451 R

2319 2396 2500 2456 VER

1872 2446 1895 2506 I.
1909 2446 2034 2506 österr.
2044 2449 2197 2509 behördl.
2212 2451 2512 2511 konzessioniertes

1831 2488 2064 2548 Unternehmen
2093 2489 2143 2549 für
2167 2491 2549 2551 Zeitungs-Ausschnitte

1887 2546 2029 2606 WIEN,
2057 2551 2104 2611 I.,
2132 2552 2418 2612 WOLLZEILE
2466 2557 2506 2617 11

1979 2602 2197 2662 TELEPHON
2229 2605 2405 2665 R-23-0-43

1720 2688 1946 2748 AUSSCHNITT
1965 2694 2052 2754 VOMA:

2163 2751 2187 2811 2
2204 2749 2253 2809 5.
2287 2751 2387 2811 UKI.
2404 2758 2511 2818 1931

1758 2876 2105 2936 Münchener
2159 2883 2319 2943 Post,
2346 2888 2631 2948 München

1857 2975 2023 3035 Theater
2062 2976 2132 3036 und
2164 2975 2555 3035 Kunstnachrichten.

1644 3035 1706 3095 Die
1732 3035 1902 3095 Beisetzung
1940 3037 2058 3097 Arthur
2085 3035 2266 3095 Schnitzlers
2308 3035 2437 3095 erfolgte
2474 3036 2588 3096 gestern
2630 3036 2686 3096 auf
2723 3036 2774 3096 dem

1619 3075 1879 3135 Zentrølfriadhof
1900 3073 1925 3133 in
1951 3073 2086 3133 Wien.
2116 3075 2176 3135 Die
2197 3073 2388 3133 israelitische
2413 3074 2685 3134 Kultusgemeinde
2705 3075 2790 3135 hatte

1617 3115 1666 3175 den
1700 3112 1926 3172 Wetstorbenen
1961 3113 2005 3173 ein
2040 3113 2216 3173 Ehrengrab
2246 3112 2393 3172 gestiftet.
2433 3112 2476 3172 An
2511 3115 2560 3175 der
2590 3115 2796 3175 Beisetzungs¬

1617 3154 1807 3214 feieflichkeit
1838 3154 1959 3214 nahmen
2000 3153 2044 3213 die
2075 3152 2412 3212 Familienmitglieder
2448 3152 2503 3212 und
2539 3154 2619 3214 viele
2650 3154 2785 3214 Freunde

1618 3192 1672 3252 und
1707 3190 1859 3250 Wrehrer
1889 3190 1938 3250 des
1968 3190 2106 3250 Dichters
2141 3190 2210 3250 teil.
2235 3188 2244 3248 -
2294 3189 2476 3249 Schnitzlers
2511 3193 2792 3253 letztwillige

1619 3232 1888 3292 Verfügun=g,
1909 3229 2188 3289 niedergeschrieben
2221 3229 2251 3289 am
2293 3229 2339 3289 29.
2360 3229 2448 3289 April
2475 3230 2557 3290 1912,
2573 3232 2692 3292 lautet:
2713 3229 2790 3289 „Be¬

1621 3269 1831 3329 stimmungen,
1851 3267 1894 3327 die
1918 3268 1951 3328 ich
1980 3268 2042 3328 nach
2072 3269 2186 3329 meinem
2225 3267 2354 3327 Ableben
2383 3267 2406 3327 zu
2436 3267 2560 3327 erfüllen
2589 3267 2680 3327 bitte.
2705 3267 2795 3327 Herz¬

1613 3309 1692 3369 stich!
1712 3308 1810 3368 Keine
1835 3308 1973 3368 Kränze!
1998 3306 2091 3366 Keine
2116 3307 2244 3367 Partei.
2265 3306 2338 3366 Auch
2363 3306 2387 3366 in
2417 3306 2466 3366 den
2501 3309 2663 3369 Zeitungen
2698 3306 2791 3366 nicht!

1621 3348 1796 3408 Begräbnis
1832 3346 1927 3406 letzter
1963 3346 2083 3406 Klasse!
2108 3346 2173 3406 Das
2210 3345 2289 3405 durch
2325 3345 2501 3405 Befolgung
2536 3345 2626 3405 dieser
2662 3346 2792 3406 Bestim¬

1620 3386 1742 3446 mungen
1782 3386 1943 3446 erübrigte
1983 3385 2060 3445 Geld
2095 3383 2129 3443 ist
2169 3386 2399 3446 Spitalzwecken
2439 3384 2654 3444 zuzuwenden.
2693 3386 2786 3446 Keine

1619 3425 1741 3485 Reden!
1782 3423 1990 3483 Vermeidung
2035 3423 2112 3483 allen
2162 3423 2302 3483 rituellen
2352 3423 2510 3483 Beiwerks
2556 3423 2786 3483 (insbesonder¬

1621 3461 1866 3521 Leichenwächter
1896 3461 1999 3521 usw.).
2024 3461 2121 3521 Keine
2151 3461 2268 3521 Trauer
2298 3463 2401 3523 tragen
2441 3463 2504 3523 nach
2539 3463 2651 3523 meinem
2696 3461 2779 3521 Tode

1624 3500 1739 3560 absolut
1763 3500 1864 3560 keine!
1889 3500 2009 3560 Arthur
2038 3500 2211 3560 Schnitzler.

1660 3539 1835 3599 Schnitzlers
1866 3539 2011 3599 Nachlaß.
2047 3539 2111 3599 Aus
2142 3538 2222 3598 Wien
2253 3536 2328 3596 wird
2353 3536 2403 3596 dem
2439 3536 2484 3596 B.
2499 3536 2539 3596 T.
2555 3536 2715 3596 berichtet:
2736 3536 2775 3596 In

1626 3580 1748 3640 Nachlaß
1783 3580 1831 3640 von
1861 3579 1959 3639 Artur
1984 3578 2209 3638 Schnitzler
2234 3578 2370 3638 befindet
2390 3575 2434 3635 sich
2464 3575 2507 3635 ein
2537 3575 2713 3635 Schauspiel
2733 3573 2791 3633 mit

1627 3617 1671 3677 dem
1712 3620 1812 3680 Titel:
1828 3614 1913 3674 Der
1939 3618 2014 3678 Zug
2045 3616 2109 3676 der
2135 3616 2346 3676 Schatten.
2377 3614 2422 3674 Es
2448 3614 2482 3674 ist
2503 3614 2578 3674 nicht
2598 3615 2739 3675 bekannt,
2760 3614 2784 3674 ob

1616 3659 1640 3719 es
1671 3658 1823 3718 vollendet
1843 3656 1892 3716 ist.
1917 3656 2074 3716 Außerdem
2114 3656 2167 3716 hat
2188 3655 2345 3715 Schnitzler
2370 3653 2394 3713 in
2430 3653 2478 3713 der
2503 3653 2596 3713 letzten
2631 3653 2700 3713 Zeit
2720 3652 2783 3712 auch

1619 3694 1655 3754 an
1691 3696 1772 3756 einer
1804 3694 2071 3754 Autobiographie
2103 3692 2157 3752 und
2189 3693 2220 3753 an
2257 3692 2338 3752 einem
2379 3688 2497 3748 Roman
2534 3690 2718 3750 gearbeitet,
2742 3689 2786 3749 der

1622 3736 1700 3796 aber
1729 3736 1903 3796 Fragment
1932 3734 2083 3794 geblieben
2118 3733 2173 3793 ist;
2197 3733 2298 3793 ferner
2332 3732 2467 3792 befinden
2507 3730 2551 3790 sich
2580 3731 2608 3791 im
2653 3732 2782 3792 Nachlaß

1613 3779 1771 3839 zahlreiche
1796 3781 2076 3841 Aufzeichnungen.
2111 3782 2210 3842 Artur
2230 3783 2392 3843 Schnitzler
2417 3786 2466 3846 hat
2491 3788 2560 3848 schon
2590 3790 2644 3850 vor
2669 3791 2782 3851 Jahren

1616 3814 1663 3874 den
1696 3820 1924 3880 Dramaturgen
1957 3820 2008 3880 der
2036 3820 2372 3880 Reinhardt=Bühnen,
2396 3824 2456 3884 Dr.
2475 3826 2577 3886 Franz
2601 3828 2713 3888 Horch,
2732 3829 2787 3889 mit

1618 3856 1661 3916 der
1685 3856 1892 3916 Verwaltung
1916 3859 2012 3919 seines
2037 3859 2205 3919 Nachlasses
2229 3860 2368 3920 betraut.
2398 3865 2465 3925 Dr.
2480 3867 2566 3927 Horch
2591 3867 2624 3927 ist
2648 3868 2672 3928 in
2701 3868 2782 3928 Wien

1618 3895 1837 3955 eingetroffen,
1857 3896 1894 3956 um
1936 3894 1977 3954 die
2006 3897 2151 3957 Sichtung
2184 3899 2230 3959 des
2258 3900 2426 3960 Nachlasses
2455 3903 2692 3963 vorzunehmen.
2712 3906 2786 3966 Eine

1624 3932 1733 3992 Anzahl
1767 3932 1820 3992 von
1859 3936 2093 3996 Manuskripten
2132 3937 2184 3997 hat
2214 3939 2376 3999 Schnitzler
2410 3942 2505 4002 seinen
2539 3945 2702 4005 Freunden
2736 3943 2788 4003 ge¬

1619 3972 1736 4032 schenkt.
1771 3971 1820 4031 So
1845 3975 1938 4035 besitzt
1964 3976 2071 4036 Stefan
2101 3977 2204 4037 Zweig
2234 3978 2297 4038 eine
2322 3981 2509 4041 Sammlung
2539 3983 2642 4043 solcher
2672 3985 2798 4045 Manu¬,

1621 4011 1742 4071 skripte.
