3436 4352
218 267 329 327 12.
392 268 987 328 Schnitzler's
1050 267 1285 327 Death

1215 1442 1277 1502 a

475 1442 1095 1502 DOBSERVE

551 1503 578 1563 l.
592 1503 713 1563 österr.
727 1503 874 1563 behördl.
888 1504 1193 1564 konzessioniertes

517 1544 744 1604 Unternehmen
777 1544 823 1604 für
851 1545 1239 1605 Zeitungs-Ausschnitte

556 1604 705 1664 WIEN,
734 1607 781 1667 I.,
809 1607 1094 1667 WOLLZEILE
1150 1607 1190 1667 11

663 1657 882 1717 TELEPHON
914 1658 1090 1718 R-23-0-43

464 1798 687 1858 Ausschnitt
715 1801 802 1861 aus:

852 1986 950 2046 22.
969 1983 1067 2043 Ual.
1086 1953 1435 2013 GESTEA

425 2028 665 2088 AUSSCHMITT
687 2025 772 2085 VOM.

429 2216 840 2276 Magdeburgische
882 2222 1092 2282 Zeitung.
1123 2219 1404 2279 Magdeburg

780 2283 824 2343 2.
850 2282 1026 2342 Ausgabe

440 2380 541 2440 Der
573 2383 745 2443 Dichter
777 2383 919 2443 Artur
962 2383 1195 2443 Schn'tzler

381 2440 428 2500 In
458 2446 570 2506 Wien,
582 2447 629 2507 wo
653 2448 683 2508 er
707 2449 806 2509 seinen
837 2449 996 2509 ständigen
1027 2449 1180 2509 Wohnsitz
1198 2452 1298 2512 hatte,
1317 2452 1351 2512 ist
1370 2452 1416 2512 der

306 2491 463 2551 bekannte
493 2492 709 2552 Dramatiker
744 2491 808 2551 und
843 2494 1005 2554 Erzähler
1035 2494 1143 2554 Artur
1178 2497 1418 2557 Schnitzler

303 2532 336 2592 am
379 2535 542 2595 Mittwoch
572 2535 667 2595 abend
691 2535 715 2595 im
759 2537 849 2597 Alter
874 2538 926 2598 von
955 2538 984 2598 60
1009 2540 1133 2600 Jahren
1162 2541 1248 2601 einem
1287 2541 1421 2601 Schlag¬

305 2579 412 2639 anfall
437 2580 588 2640 erlegen.

380 2623 450 2683 Mit
483 2625 580 2685 diesem
632 2625 911 2685 außerordentlich
949 2628 1149 2688 fruchtbaren
1191 2628 1414 2688 Schriftsteller

305 2670 356 2730 hat
380 2670 575 2730 Oesterreich
604 2668 692 2728 einen
725 2670 851 2730 Dichter
879 2672 1046 2732 verloren,
1070 2671 1121 2731 der
1150 2671 1186 2731 an
1220 2673 1270 2733 der
1299 2675 1415 2735 Wende

298 2712 352 2772 des
384 2713 606 2773 neunzehnten
652 2712 715 2772 und
752 2715 806 2775 des
843 2718 1048 2778 zwanzigsten
1085 2718 1334 2778 Jahrhunderts
1380 2721 1407 2781 zu

305 2756 356 2816 den
394 2756 421 2816 in
459 2757 561 2817 seinem
608 2756 808 2816 Vaterlande
842 2759 902 2819 und
935 2760 962 2820 im
1010 2760 1117 2820 Reiche
1150 2762 1411 2822 meistgespielten

303 2799 448 2859 gehorte.
486 2801 631 2861 Nachdem
679 2801 851 2861 Schnitzler
894 2804 945 2864 sich
983 2804 1091 2864 zuerst
1124 2806 1217 2866 kurze
1251 2807 1325 2867 Zeit
1363 2807 1414 2867 als

302 2843 488 2903 praktischer
517 2846 599 2906 Arzt
623 2846 651 2906 in
685 2846 771 2906 Wien
800 2849 939 2909 betätigt
963 2849 1063 2909 hatte,
1083 2851 1159 2911 ging
1189 2849 1222 2909 er
1246 2849 1317 2909 bald
1347 2852 1403 2912 zum

303 2889 606 2949 schriftstellerischen
650 2891 760 2951 Beruf
799 2891 875 2951 über
919 2891 981 2951 und
1020 2894 1154 2954 erzielte
1193 2896 1317 2956 bereits
1361 2898 1418 2958 mit

303 2932 403 2992 seinem
447 2932 719 2992 Erstlingswerk,
749 2935 805 2995 dem
859 2935 930 2995 1893
969 2938 1203 2998 geschriebenen
1251 2938 1409 2998 „Anatol“

302 2977 352 3037 den
389 2979 506 3039 großen
543 2980 811 3040 Bühnenerfolg,
852 2980 906 3040 der
948 2980 997 3040 ihm
1062 2981 1129 3041 auch
1180 2983 1293 3043 weiter
1344 2984 1411 3044 treu

303 3021 422 3081 bleiben
461 3025 566 3085 sollte.
610 3025 682 3085 Aus
716 3025 768 3085 der
797 3025 970 3085 stattlichen
1009 3028 1094 3088 Jahl
1124 3028 1229 3088 seiner
1258 3028 1416 3088 Bühnen¬

303 3067 419 3127 werke,
438 3070 484 3130 die
508 3069 592 3129 seine
616 3070 854 3130 psychologische
883 3073 1107 3133 Beobachtung
1140 3073 1200 3133 mit
1220 3073 1415 3133 glänzender

308 3112 443 3172 Stilistik
472 3115 650 3175 verbinden
688 3115 748 3175 und
781 3115 842 3175 mit
866 3117 1030 3177 Vorliebe
1068 3115 1124 3175 das
1166 3118 1311 3178 Problem
1368 3118 1419 3178 der

298 3156 470 3216 Dekadenz
494 3159 521 3219 in
554 3159 605 3219 den
638 3159 769 3219 höheren
802 3159 956 3219 Schichten
989 3159 1039 3219 der
1064 3162 1320 3222 österreichischen
1353 3162 1418 3222 Ge¬

303 3201 446 3261 sellschaft
480 3201 538 3261 und
572 3201 600 3261 im
648 3203 744 3263 Leben
783 3204 840 3264 der
870 3206 1013 3266 Pohème
1047 3207 1248 3267 behandeln,
1273 3208 1330 3268 sind
1364 3208 1416 3268 be¬

298 3246 428 3306 sonders
467 3248 495 3308 zu
537 3249 692 3309 nennen:
730 3249 932 3309 „Liebelet“,
965 3252 1059 3312 „Der
1101 3252 1209 3312 grüne
1252 3252 1401 3312 Kakadu“

303 3291 494 3351 „Lebendige
535 3294 730 3354 Stunden",
761 3294 849 3354 „Der
889 3294 1031 3354 einsame
1071 3296 1188 3356 Weg",
1229 3297 1415 3357 „Professor

298 3335 499 3395 Bernhardi“
538 3338 599 3398 und
632 3338 683 3398 der
717 3338 787 3398 viel
806 3338 1013 3398 umstrittene
1042 3341 1286 3401 Dialogzyklus
1320 3341 1418 3401 „Rei¬

296 3381 388 3441 gen“.
427 3382 489 3442 Als
519 3383 731 3443 seinsinniger
761 3384 919 3444 Erzä„ler
949 3383 1070 3443 erwies
1099 3386 1278 3446 Schnitzler
1307 3386 1350 3446 sich
1384 3386 1408 3446 in

308 3425 403 3485 seinen
438 3427 576 3487 Novelle
630 3428 831 3488 „Sterben“,
851 3428 1038 3488 „Leutnant
1067 3428 1197 3488 Gustl“,
1222 3431 1418 3491 „Dämmer¬

299 3470 419 3530 seelen"
449 3471 509 3531 und
540 3473 570 3533 in
606 3473 706 3533 seinem
747 3474 873 3534 Noman
909 3476 993 3536 „Der
1019 3476 1095 3536 Weg
1126 3476 1175 3536 ins
1206 3476 1341 3536 Freie“.

1510 264 1635 324 box
1707 269 1886 329 42/7

1923 1488 2649 1548 OBSERVER

2011 1553 2033 1613 I.
2047 1553 2170 1613 österr.
2179 1553 2330 1613 behördl.
2344 1553 2641 1613 konzessioniertes

1969 1595 2205 1655 Unternehmen
2238 1595 2283 1655 für
2307 1595 2700 1655 Zeitungs-Ausschnitte

2015 1655 2164 1715 WIEN,
2192 1656 2239 1716 I.,
2267 1658 2546 1718 WOLLZEILE
2594 1658 2634 1718 11

2111 1706 2332 1766 TELEPHON
2371 1706 2542 1766 R-23-0-43

1912 1847 2137 1907 Ausschnitt
2161 1849 2251 1909 aus:

2126 1916 2364 1976 GAMBURGEE
2398 1939 2720 1999 PEAREAEDAEI

1915 2074 2039 2134 vom:

2167 2106 2196 2166 2
2229 2103 2278 2163 2.
2301 2102 2423 2162 OKT.
2445 2100 2495 2160 15.

2083 3562 2207 3622 Arthur
2232 3563 2415 3623 Schnitzler

2013 3601 2127 3661 ins-ine
2143 3602 2202 3662 00.
2218 3604 2412 3664 Lebermjahr
2437 3604 2471 3664 am

2011 3646 2061 3706 21.
2072 3640 2213 3700 Oktober
2234 3643 2320 3703 einem
2356 3643 2482 3703 Schlag¬

2107 3684 2214 3744 anfall
2239 3682 2385 3742 erlegen.

2264 3725 2355 3785 Phot.
2364 3726 2492 3786 Balsssa.
