3392 4320
185 297 293 357 2.

1428 285 1559 345 box
1634 287 1871 347 43/15

338 293 927 353 Schnitzler's
987 291 1218 351 Deatl

463 682 1191 742 OBSERVER

552 739 575 799 I.
590 739 713 799 österr.
723 739 876 799 behördl.
886 739 1190 799 konzessioniertes

509 780 745 840 Unternehmen
774 780 822 840 für
851 781 1237 841 Zeitungs-Ausschnitte

562 837 716 897 WIEN,
738 840 786 900 I.,
816 840 1098 900 WOLLZEILE
1148 842 1190 902 11

657 890 878 950 TELEPHON
912 891 1089 951 R-23-0-43

463 1032 683 1092 Ausschnitt
709 1031 800 1091 aus:

509 1152 1027 1212 arbeiterzeitung,
1075 1155 1233 1215 Wien,

708 1210 1001 1270 2.11.1931

427 1286 521 1346 Nr.
550 1293 630 1353 302

1024 1305 1184 1365 Wien,
1217 1310 1387 1370 Montag

1961 1328 2385 1388 Arbeiter-Zeitung

2874 1333 2960 1393 N.
2976 1333 3000 1393 2i

370 1530 517 1590 Klara
552 1535 720 1595 Blum:

830 1591 1196 1651 Artur
1291 1604 2050 1664 Schnitzler,
2123 1616 2281 1676 ein
2423 1621 2928 1681 Pioniei

820 1760 1022 1820 des
1126 1772 2090 1832 Prauenrechtes

433 1867 482 1927 Es
532 1867 605 1927 gibt
656 1873 803 1933 Dichter,
846 1877 935 1937 deren
969 1879 1125 1939 Aufgabe
1167 1880 1232 1940 sich
1266 1882 1323 1942 vom
1365 1884 1579 1944 Allgemeinen
1605 1885 1653 1945 bis
1687 1887 1735 1947 ins
1761 1890 1991 1950 Persönlichste
2017 1892 2123 1952 einge-
2157 1894 2222 1954 und
2256 1898 2379 1958 Feinste
2429 1899 2494 1959 ihre
2545 1900 2742 1960 Empörung
2792 1901 2882 1961 gegen
2941 1900 3014 1960 ihre

358 1912 449 1972 darin
487 1915 617 1975 erfüllt,
644 1916 692 1976 die
725 1923 1044 1983 Ausdrucksformen
1083 1924 1136 1984 für
1169 1924 1217 1984 die
1257 1926 1440 1986 drungenen
1473 1930 1700 1990 Herrschsucht,
1717 1935 2111 1995 Unterdrückungspraxis
2155 1939 2268 1999 eigene
2296 1942 2576 2002 untergeordnete,
2605 1943 2842 2003 nebensachliche
2870 1943 2934 2003 und
2962 1940 3020 2000 ab¬

362 1957 541 2017 Probleme
580 1960 645 2020 und
684 1963 870 2023 Erlebnisse
909 1968 1104 2028 bestimmter
1144 1970 1236 2030 Zeit¬

1262 1967 1326 2027 und
1370 1972 1641 2032 Ungerechtigkeit
1679 1974 1776 2034 dieses
1820 1979 2123 2039 Menschenschlags.

2157 1984 2292 2044 hängige
2321 1984 2530 2044 Lebensrolle
2559 1987 2762 2047 mitgefühlt,
2803 1987 2887 2047 ihren
2927 1986 3017 2046 Kon¬

357 2002 549 2062 abschnitte,
623 2007 825 2067 bestimmter
878 2013 1128 2073 Generationen
1191 2013 1222 2073 zu

1262 2011 1333 2071 Mit
1356 2014 1582 2074 unheimlicher
1610 2017 1765 2077 Klugheit
1793 2018 1848 2078 hat
1876 2019 2047 2079 Schnitzler
2075 2022 2119 2082 die

2151 2023 2222 2083 flikt
2256 2025 2395 2085 zwischen
2434 2026 2489 2086 dem
2539 2028 2667 2088 Manne
2706 2028 2834 2088 gleicher
2868 2028 3017 2088 sexueller

364 2046 498 2106 finden.
540 2048 705 2108 Kommen
743 2053 825 2113 neue
857 2056 965 2116 Zeiten
1028 2057 1094 2117 und
1147 2057 1229 2117 neue

1259 2053 1325 2113 alte
1353 2055 1557 2115 Gesellschaft
1585 2061 1801 2121 bloßgestellt,
1823 2064 2011 2124 unheimlich
2050 2064 2105 2124 dar

2151 2065 2297 2125 Gefühle
2327 2067 2389 2127 und
2446 2070 2627 2130 ungleichen
2685 2070 2832 2130 sexuellen
2873 2070 3019 2130 Rechten,

361 2090 635 2150 Generationen,
687 2095 738 2155 die
791 2096 893 2156 andre
930 2100 1116 2160 Interessen
1163 2103 1225 2163 und

1259 2097 1330 2157 um,
1375 2100 1452 2160 weil
1480 2100 1507 2160 er
1536 2100 1574 2160 sie
1597 2101 1624 2161 in
1664 2103 1746 2163 ihrem
1796 2106 1918 2166 eigenen
1957 2107 2045 2167 Stil,
2085 2106 2112 2166 in

2157 2111 2241 2171 ihren
2276 2111 2354 2171 alten
2383 2112 2536 2172 Wunsch,
2553 2113 2609 2173 das
2638 2115 2853 2175 beleidigende
2882 2115 3017 2175 Unrecht

363 2136 508 2196 Kämpfe
563 2137 687 2197 haben,
736 2139 768 2199 so
806 2143 930 2203 werden
968 2144 1049 2204 diese
1087 2146 1232 2206 Dichter,

1255 2139 1343 2199 ihrem
1393 2142 1514 2202 eigenen
1553 2143 1658 2203 höflich
1692 2147 1808 2207 leichten
1847 2152 2117 2212 Konversations¬

2156 2149 2209 2209 der
2237 2154 2459 2214 Prostitution
2514 2156 2546 2216 zu
2591 2157 2715 2217 rächen,
2765 2156 2824 2216 mit
2852 2157 2998 2217 Gleichem

364 2180 453 2240 wenn
491 2181 564 2241 auch
597 2181 681 2241 nicht
713 2184 893 2244 vergessen,
941 2189 967 2249 so
999 2190 1067 2250 doch
1105 2190 1131 2250 in
1169 2190 1221 2250 der

1260 2181 1312 2241 ton
1348 2186 1549 2246 bloßgestellt
1573 2186 1643 2246 hat.
1667 2190 1766 2250 Stück
1791 2190 1844 2250 für
1880 2192 1973 2252 Stück
2003 2193 2062 2253 hat
2086 2193 2114 2253 er
2157 2196 2415 2256 heimzuzahlen,
2464 2199 2493 2259 so
2552 2199 2610 2259 wie
2647 2196 2675 2256 es
2711 2197 2741 2257 in
2783 2200 2864 2260 einem
2918 2198 3011 2258 seiner

361 2225 597 2285 Hintergrund
659 2227 740 2287 alter
782 2231 1034 2291 Erinnerungen
1101 2233 1229 2293 zurück¬

1254 2225 1308 2285 die
1334 2228 1524 2288 Vorurteile
1573 2229 1634 2289 und
1666 2233 1874 2293 Autoritäten
1911 2234 1960 2294 des
2010 2233 2113 2293 neun-
2151 2235 2255 2295 letzten
2286 2240 2408 2300 Werke,
2428 2240 2550 2300 „Spiel
2569 2242 2593 2302 im
2636 2243 2943 2303 Morgengrauen",
2962 2241 3010 2301 ge¬

357 2269 543 2329 gedrängt.
564 2271 641 2331 Nur
668 2268 730 2328 wer
756 2272 812 2332 den
844 2276 1041 2336 schaffenden
1072 2277 1227 2337 Kunstler

1254 2270 1386 2330 zehnten
1424 2270 1672 2330 Jahrhunderts
1705 2275 1848 2335 entlarvt
1880 2276 1943 2336 und
1975 2278 2123 2338 unschäd¬

2154 2279 2300 2339 schildert
2323 2282 2418 2342 wird.

357 2310 426 2370 mit
453 2313 510 2373 dem
558 2314 659 2374 engen
697 2316 786 2376 Blick
813 2317 865 2377 des
898 2321 1221 2381 Individualismus

1259 2312 1311 2372 lich
1344 2315 1497 2375 gemacht,
1524 2315 1603 2375 ohne
1635 2317 1751 2377 Lärm,
1779 2320 1852 2380 aber
1884 2320 1920 2380 um
1969 2321 1995 2381 so
2027 2321 2106 2381 wirk

2216 2324 2283 2384 Der
2311 2327 2468 2387 Anspruch
2496 2325 2549 2385 der
2571 2326 2658 2386 Frau
2687 2329 2747 2389 auf
2769 2327 2898 2387 gleiches
2926 2326 3014 2386 Recht

1259 2353 1375 2413 samer,
1402 2357 1481 2417 ohne
1508 2357 1587 2417 Lärm
1630 2358 1703 2418 auch
1735 2362 1793 2422 auf
1820 2362 1867 2422 die
1900 2363 2021 2423 Gefahr
2053 2363 2100 2423 hin

363 2354 436 2414 oder
490 2358 558 2418 mit
607 2359 659 2419 dem
734 2364 999 2424 unterwürfigen
1037 2366 1121 2426 Blick
1174 2366 1227 2426 des

2149 2366 2183 2426 in
2217 2366 2432 2426 Gesellschaft,
2461 2369 2579 2429 Arbeit
2619 2369 2680 2429 und
2715 2370 2805 2430 Liebe
2851 2371 2912 2431 war
2953 2372 3008 2432 für

1252 2399 1314 2459 daß
1354 2399 1484 2459 soundso
1524 2399 1597 2459 viele
1632 2402 1716 2462 seine
1745 2407 1993 2467 revolutionäre
2022 2408 2117 2468 Rolle

355 2399 741 2459 Persönlichkeitskultes
775 2408 965 2468 betrachtet,
1009 2410 1090 2470 wird
1129 2411 1215 2471 darin

2152 2410 2326 2470 Schnitzler
2355 2412 2755 2472 Selbstverständlichkeit.
2778 2414 2823 2474 Er
2851 2414 2890 2474 ist
2913 2414 2941 2474 es
2975 2414 3003 2474 in

1258 2440 1428 2500 verkennen
1470 2442 1531 2502 und
1563 2443 1729 2503 übersehen
1771 2446 1920 2506 mußten.

361 2443 406 2503 ein
440 2446 582 2506 Unrecht
605 2447 712 2507 sehen.
736 2449 803 2509 Daß
838 2452 883 2512 die
912 2452 985 2512 Zeit
1008 2453 1047 2513 an
1076 2452 1132 2512 der
1156 2451 1228 2511 per¬

2149 2449 2281 2509 unserer
2309 2452 2386 2512 Zeit
2436 2454 2502 2514 noch
2558 2455 2673 2515 immer
2723 2456 2805 2516 nicht
2850 2456 2932 2516 ganz
2961 2455 3010 2515 ge¬

1317 2485 1495 2545 Schnitzler
1548 2486 1599 2546 hat
1651 2488 1703 2548 die
1732 2489 1796 2549 alte
1825 2491 2026 2551 Gesellschaft
2056 2493 2113 2553 vor
2148 2494 2304 2554 worden.
2333 2495 2396 2555 Und
2437 2497 2534 2557 darum
2587 2498 2702 2558 können
2743 2500 2800 2560 wir
2836 2497 3008 2557 Schnitzler

364 2491 513 2551 sönlichen
555 2489 699 2549 Geltung
741 2493 798 2553 des
839 2495 999 2555 einzelnen
1041 2498 1118 2558 rasch
1160 2500 1221 2560 und

1255 2525 1335 2585 allem
1379 2524 1395 2584 —
1444 2528 1503 2588 und
1536 2527 1589 2587 das
1617 2528 1654 2588 ist
1676 2532 1730 2592 sein
1763 2533 2005 2593 entscheidendes
2038 2532 2113 2592 Ver¬

356 2530 477 2590 immer
536 2531 652 2591 rascher
690 2537 927 2597 vorübergeht,
976 2542 1224 2602 beeinträchtigt

2149 2536 2235 2596 nicht
2279 2539 2333 2599 als
2382 2537 2436 2597 den
2475 2539 2637 2599 Vertreter
2692 2542 2773 2602 alter
2800 2542 2909 2602 Zeiten
2963 2539 3017 2599 be¬

1252 2570 1356 2630 dienst
1379 2570 1389 2630 —
1440 2569 1466 2629 in
1500 2569 1582 2629 ihrer
1605 2574 1809 2634 ungeheuren
1842 2578 2112 2638 Ungerechtigkeit
2151 2578 2311 2638 trachten,
2333 2581 2459 2641 sondern
2499 2583 2608 2643 müssen
2648 2582 2675 2642 in
2714 2583 2763 2643 ihm
2808 2585 2890 2645 einen
2929 2584 3011 2644 Pio¬

355 2573 436 2633 nicht
464 2576 491 2636 im
535 2578 709 2638 mindesten
748 2582 846 2642 seinen
880 2584 972 2644 Wert
1000 2586 1054 2646 für
1082 2585 1131 2645 die
1159 2585 1229 2645 All¬

1257 2614 1435 2674 gegenüber
1463 2614 1515 2674 der
1542 2614 1620 2674 Frau
1653 2617 1810 2677 entlarvt.
1832 2620 1948 2680 Keiner
1980 2620 2032 2680 hat
2059 2621 2111 2681 wie

2149 2621 2222 2681 nier
2246 2623 2353 2683 sehen,
2376 2624 2427 2684 den
2456 2626 2608 2686 stillen
2643 2626 2841 2686 Pionier
2882 2627 3011 2687 einer

357 2623 575 2683 gemeinheit.
623 2625 734 2685 Darin
778 2628 862 2688 liegt
895 2626 921 2686 ja
958 2627 1021 2687 erst
1054 2629 1107 2689 der
1145 2630 1224 2690 volle

1249 2652 1288 2712 er
1317 2655 1362 2715 die
1385 2657 1492 2717 Frau,
1516 2656 1606 2716 dieses
1635 2658 1787 2718 klassische
1810 2661 1928 2721 Objekt
1952 2661 2002 2721 der
2031 2662 2115 2722 laut¬

2153 2664 2282 2724 Idee,
2299 2664 2385 2724 deren
2418 2666 2541 2726 Kampf
2563 2667 2634 2727 noch
2661 2667 2688 2727 im
2726 2667 2844 2727 hellsten
2877 2670 3011 2730 Schlag¬

352 2663 457 2723 Sieg,
486 2665 535 2725 der
563 2667 663 2727 ganze
697 2669 948 2729 Wirklichkeits=
976 2672 1037 2732 und
1071 2672 1226 2732 Nützlich¬

1257 2697 1305 2757 los
1333 2697 1478 2757 höflichen
1511 2698 1766 2758 Unterdrückung
1799 2703 1858 2763 und
1886 2706 2102 2766 Entwertung

2149 2704 2221 2764 licht
2249 2706 2298 2766 der
2332 2709 2514 2769 Aktualität
2543 2709 2637 2769 steht:
2665 2711 2753 2771 einen
2787 2710 2925 2770 Pionier
2954 2712 3008 2772 des

352 2709 558 2769 keitsgehalt
586 2710 640 2770 der
673 2713 793 2773 großen
831 2717 1006 2777 Leistung,
1028 2718 1109 2778 daß
1143 2718 1223 2778 das

1259 2740 1317 2800 wie
1345 2739 1383 2799 sie
1411 2740 1464 2800 für
1492 2742 1546 2802 das
1573 2743 1758 2803 Bürgertum
1802 2748 2046 2808 kennzeichnend
2073 2748 2110 2808 ist

2144 2757 2806 2817 Gerechtigkeitsgedankens
2836 2758 2880 2818 in
2931 2757 3010 2817 der

348 2751 484 2811 Neue
542 2754 620 2814 zum
678 2761 1217 2821 Selbstverständlichen

1253 2784 1465 2844 verstanden.
1484 2787 1596 2847 Keiner
1626 2790 1678 2850 hat
1703 2790 1761 2850 wie
1786 2790 1814 2850 er
1845 2793 1892 2853 bis
1916 2793 1968 2853 ins
1999 2793 2116 2853 Tiefste
2147 2796 2341 2856 Erotik.

350 2796 491 2856 wird,
538 2797 594 2857 das
629 2801 839 2861 Persönliche
891 2804 947 2864 der
982 2806 1214 2866 schöpferischen

352 2841 438 2901 Idee
472 2840 504 2900 im
553 2842 776 2902 Namenlosen
843 2846 896 2906 der
930 2849 1212 2909 fortschreitenden

356 2885 567 2945 Gesamtheit
616 2886 773 2946 aufgeht.
818 2891 942 2951 Damit
969 2893 1126 2953 geschieht
1154 2894 1207 2954 dem

353 2927 500 2987 Dichter,
529 2927 579 2987 der
614 2930 694 2990 einst
723 2933 750 2993 im
797 2935 1024 2995 Mittelpunkt
1053 2936 1109 2996 der
1138 2935 1223 2995 Auf¬

354 2975 582 3035 merksamkeit
610 2975 715 3035 stand,
743 2977 811 3037 noch
848 2979 944 3039 lange
976 2980 1039 3040 kein
1077 2981 1231 3041 Unrecht,

348 3016 440 3076 wenn
479 3017 527 3077 die
561 3020 637 3080 Zeit
665 3018 703 3078 an
741 3020 790 3080 ihm
840 3024 1085 3084 vorübergeht,
1108 3026 1216 3086 sobald

351 3058 402 3118 die
434 3061 631 3121 Probleme,
658 3064 756 3124 denen
798 3064 829 3124 er
861 3067 1032 3127 Ausdruck
1063 3070 1141 3130 gab,
1168 3070 1219 3130 der

351 3105 627 3165 Vergangenheit
659 3109 865 3169 angehören.
892 3110 955 3170 Ein
993 3113 1136 3173 Unrecht
1168 3113 1221 3173 ge¬

353 3150 466 3210 schieht
494 3151 542 3211 ihm
586 3152 650 3212 nur
678 3154 786 3214 dann,
808 3154 894 3214 wenn
933 3155 1013 3215 seine
1041 3157 1219 3217 Stellung¬

346 3193 468 3253 nahme
508 3197 793 3257 mißverstanden,
843 3199 932 3259 seine
967 3201 1217 3261 revolutionäre

347 3238 445 3298 Rolle
471 3241 632 3301 verkannt
659 3241 757 3301 wird,
783 3240 871 3300 wenn
902 3241 949 3301 die
981 3244 1058 3304 Zeit
1079 3244 1115 3304 an
1152 3244 1203 3304 ihm

349 3280 593 3340 vorübergeht,
641 3282 713 3342 noch
777 3285 875 3345 lange

930 3283 1083 3343 bevor
1164 3285 1220 3345 die

344 3324 509 3384 Kämpfe,
547 3325 584 3385 an
638 3327 738 3387 denen
793 3327 824 3387 er
878 3329 936 3389 teil
980 3332 1086 3392 hatte,
1124 3332 1219 3392 abge¬

352 3367 496 3427 schlossen
533 3369 623 3429 sind.

416 3429 489 3489 Das
523 3429 562 3489 ist
592 3431 648 3491 es,
671 3433 739 3493 was
774 3432 824 3492 die
859 3435 1047 3495 Beziehung
1081 3437 1217 3497 unserer

347 3473 557 3533 Generation
618 3476 654 3536 zu
715 3478 829 3538 Artur
884 3480 1064 3540 Schnitzler
1119 3480 1221 3540 kenn¬

349 3518 507 3578 zeichnet:
561 3519 608 3579 ein
645 3519 777 3579 bloßes,
826 3521 1005 3581 einfaches,
1048 3522 1100 3582 bis
1159 3524 1217 3584 zur

347 3560 477 3620 Tragik
529 3563 727 3623 ärgerliches
767 3567 1073 3627 Mißverständnis.
1125 3569 1209 3629 Man

342 3605 398 3665 hat
432 3605 538 3665 seiner
572 3608 791 3668 dichterischen
837 3611 1005 3671 Eigenart
1062 3612 1129 3672 eine
1169 3610 1219 3670 be¬

337 3649 458 3709 queme
539 3653 686 3713 Etikette

752 3653 947 3713 überklebt.

1014 3656 1215 3716 Schnitzlers

346 3691 471 3751 Bücher
527 3694 637 3754 galten
678 3695 728 3755 als
763 3699 1086 3759 Ausdrucksformen
1126 3699 1211 3759 einer

347 3736 460 3796 müden
503 3737 631 3797 Ironie
689 3739 756 3799 und
793 3741 989 3801 geistreichen
1031 3742 1202 3802 Verspielt

344 3781 426 3841 heit,
453 3781 499 3841 als
520 3782 837 3842 Ausdrucksformen
879 3784 930 3844 der
962 3788 1221 3848 übersättigten,

347 3821 421 3881 faul
458 3826 734 3886 genießerischen,
766 3829 973 3889 verhätschelt
1011 3832 1217 3892 melancholi¬

349 3868 428 3928 schen
470 3870 692 3930 Stimmung,
745 3872 776 3932 in
819 3870 871 3930 der
909 3871 956 3931 sich
998 3873 1045 3933 die
1083 3874 1209 3934 Wiener

344 3915 652 3975 Großbourgeoisie
703 3915 799 3975 gegen
861 3916 951 3976 Ende
1002 3917 1057 3977 des
1109 3918 1219 3978 neun¬

338 3957 471 4017 zehnten
509 3960 771 4020 Jahrhunderts
798 3957 938 4017 befand.
965 3962 1039 4022 Also
1072 3963 1119 4023 als
1152 3962 1216 4022 un¬

337 4002 545 4062 zeitgemäß,
577 4004 629 4064 dem
687 4005 864 4065 modernen
906 4005 1099 4065 Menschen,
1152 4006 1214 4066 vor

342 4044 423 4104 allem
489 4046 548 4106 dem
614 4047 673 4107 auf
724 4050 952 4110 proletarische
985 4052 1137 4112 Zukunft
1165 4051 1213 4111 ge¬

348 4088 496 4148 richteten
553 4091 725 4151 Menschen
808 4092 908 4152 völlig
964 4094 1219 4154 wesensfremd.

346 4132 443 4192 Diese
471 4135 735 4195 Eigenschaften,
757 4136 816 4196 mit
838 4138 935 4198 denen
968 4139 1048 4199 seine
1076 4139 1216 4199 Bücher,

458 4178 594 4238 anane
