3248 4384
215 264 291 324 2.
350 270 952 330 Schnitzler's
1020 274 1262 334 Death

280 1326 327 1386 die
352 1325 500 1385 Masken,
520 1324 567 1384 dem
611 1324 764 1384 bewegten
798 1324 1013 1384 Maskenzug!
1042 1324 1181 1384 Erkennt

273 1366 322 1426 ihr
352 1366 396 1426 die
426 1366 594 1426 Gesichter?
624 1366 683 1426 Die
713 1366 811 1426 armen
851 1366 989 1426 tödlichen
1024 1363 1172 1423 Gesichter

280 1405 332 1465 des
361 1405 504 1465 Lebens?
533 1405 671 1465 Erkennt
701 1405 749 1465 ihr
778 1404 868 1464 euch?
897 1405 964 1465 Und
998 1405 1055 1465 nun
1093 1405 1179 1465 wagt

276 1444 346 1504 noch
384 1445 411 1505 zu
449 1447 561 1507 sagen:
589 1444 672 1504 eines
715 1444 854 1504 Dichters
888 1444 1041 1504 Sendung
1079 1443 1172 1503 könne

275 1483 380 1543 größer
410 1483 487 1543 sein,
506 1483 549 1543 als
583 1483 646 1543 dies
675 1483 737 1543 euch
766 1483 823 1543 vor
849 1483 954 1543 Augen
988 1483 1012 1543 zu
1046 1480 1175 1540 führen:

280 1522 389 1582 Spiel,
414 1521 519 1581 Liebe,
543 1521 609 1581 Tod
629 1523 700 1583 ...
730 1521 782 1581 den
816 1521 897 1581 Sinn
935 1521 988 1581 des
1027 1521 1179 1581 Daseins.

275 1557 318 1617 Er
347 1562 400 1622 hat
425 1560 472 1620 ihn
511 1560 588 1620 ganz
622 1560 766 1620 erkannt,
786 1560 906 1620 Arthur
936 1560 1124 1620 Schnitzler,
1148 1558 1172 1618 so

281 1602 384 1662 mußte
405 1599 436 1659 er
463 1600 509 1660 ihn
540 1600 680 1660 erkennen
712 1601 820 1661 lassen.

353 1656 437 1716 Denn
478 1655 578 1715 seiner
614 1656 764 1716 Dichtung
805 1656 1045 1716 entscheidender
1081 1656 1166 1716 Sinn

277 1697 361 1757 war:
385 1694 567 1754 Wahrheit.
586 1695 647 1755 Die
676 1695 797 1755 Phrase
821 1695 1074 1755 verabscheuend,
1098 1695 1176 1755 ehrte

270 1736 298 1796 er
327 1736 378 1796 das
412 1733 534 1793 Wesen.
558 1733 624 1793 Und
652 1736 681 1796 so
709 1736 865 1796 durchaus
893 1733 973 1793 Arzt
997 1733 1063 1793 war
1087 1733 1120 1793 er
1144 1734 1167 1794 in

276 1772 373 1832 seiner
397 1772 564 1832 Dichtung,
583 1773 634 1833 daß
667 1775 694 1835 er
736 1772 787 1832 nie
811 1772 866 1832 und
908 1772 1056 1832 nirgends
1108 1768 1173 1828 ver¬

276 1812 520 1872 allgemeinerte,
543 1814 679 1874 niemals
734 1811 783 1871 die
816 1811 996 1871 Krankheit,
1037 1810 1164 1870 sondern

280 1850 429 1910 jedesmal
457 1850 527 1910 den
569 1850 761 1910 Kranken
817 1850 1013 1910 behandelte.
1075 1850 1177 1910 Indi¬

276 1892 448 1952 vidualfall
476 1889 541 1949 war
574 1889 620 1949 ihm
667 1888 717 1948 der
751 1889 889 1949 Mensch,
913 1889 992 1949 jeder
1025 1889 1178 1949 einzelne,

276 1929 336 1989 und
369 1928 401 1988 um
448 1929 541 1989 diesen
579 1928 839 1988 Individualfall
863 1928 951 1988 wahr
979 1927 1007 1987 zu
1044 1928 1179 1988 machen,

275 1969 399 2029 dichtete
433 1968 475 2028 er.
505 1969 614 2029 Darum
667 1966 743 2026 fehlt
777 1969 834 2029 das
873 1966 1045 2026 Rosenrote
1083 1965 1169 2025 unter

277 2008 370 2068 seinen
419 2005 561 2065 Farben,
601 2006 630 2066 so
675 2005 896 2065 schwelgerisch
940 2004 979 2064 sie
1024 2005 1176 2065 leuchten;

275 2047 368 2107 darum
413 2047 477 2107 jagt
502 2046 595 2106 seinem
640 2045 792 2105 Frühling
822 2045 871 2105 der
897 2042 1004 2102 Herbst
1024 2044 1078 2104 auf
1103 2043 1176 2103 stür¬

278 2086 397 2146 mischen
436 2083 569 2143 Straßen
613 2086 703 2146 nach;
733 2083 828 2143 darum
876 2083 1019 2143 dämpfen
1053 2083 1173 2143 Ironie

275 2123 335 2183 und
368 2122 493 2182 Skepsis
531 2122 586 2182 das
624 2122 820 2182 Unbedingte
858 2122 913 2182 mit
946 2120 997 2180 der
1030 2122 1169 2182 Sordine

279 2163 349 2223 des:
368 2160 540 2220 Vielleicht.
554 2160 619 2220 Der
643 2160 787 2220 wahrsten
820 2157 899 2217 einer
923 2159 959 2219 ist
979 2160 1006 2220 er
1030 2157 1155 2217 gewesen

279 2200 325 2260 der
349 2199 498 2259 Gestalten
527 2199 625 2259 schuf,
639 2199 672 2259 um
714 2199 803 2259 ihnen
831 2199 910 2259 Sinn
944 2199 971 2259 zu
999 2196 1107 2256 geben,
1126 2199 1176 2259 der

276 2238 467 2298 Sinnbilder
491 2238 569 2298 schuf
593 2238 630 2298 um
677 2239 704 2299 zu
737 2238 909 2298 enthüllen.
933 2238 988 2298 Die
1016 2238 1062 2298 ihn
1095 2237 1174 2297 miß¬

278 2278 450 2338 verstanden
482 2277 540 2337 und
573 2277 790 2337 mißverstehen
822 2275 962 2335 wollten,
981 2277 1075 2337 legten
1108 2276 1153 2336 ihm

275 2320 342 2380 dies
374 2316 424 2376 als
460 2316 642 2376 Zynismus
679 2316 760 2376 aus.
787 2316 868 2376 Aber
906 2316 960 2376 wie
997 2313 1068 2373 weit
1101 2315 1155 2375 vom

280 2356 437 2416 Zynischen
476 2355 514 2415 ist
543 2355 638 2415 dieser
672 2355 849 2415 wahrhafte
887 2355 1006 2415 Dichter
1036 2355 1174 2415 entfernt

276 2394 425 2454 gewesen,
449 2393 500 2453 der
529 2393 556 2453 so
589 2393 654 2453 viel
683 2393 850 2453 Ehrfurcht
879 2390 939 2450 und
972 2390 1093 2450 Demut
1122 2390 1177 2450 vor

270 2434 319 2494 der
355 2432 523 2492 Wahrheit
553 2432 652 2492 hatte,
677 2432 771 2492 dessen
812 2432 990 2492 sprachliche
1020 2432 1178 2492 Herkunft

275 2473 322 2533 die
366 2471 485 2531 lautere
529 2471 624 2531 Lyrik
643 2471 882 2531 Eichendorffs,
921 2471 1012 2531 dessen
1065 2471 1174 2531 epische

280 2510 373 2570 Musik
399 2510 448 2570 der
473 2510 680 2570 Geigenstrich
706 2510 765 2570 von
795 2507 1007 2567 Grillparzers
1038 2507 1166 2567 „Armen

275 2549 485 2609 Spielmann"
520 2549 567 2609 ist.
587 2549 787 2609 Unbedingte
817 2549 994 2609 Wahrheit.
1052 2546 1114 2606 Sie
1143 2546 1176 2606 ist

275 2588 326 2648 vom
373 2588 551 2648 Zynismus
584 2585 612 2645 so
646 2585 720 2645 weit
748 2585 809 2645 wie
838 2585 889 2645 von
927 2585 1086 2645 Heuchelei
1114 2582 1179 2642 ent¬

275 2626 356 2686 fernt
381 2626 438 2686 und
473 2626 550 2686 ganz
584 2626 660 2686 nahe
690 2625 776 2685 jener
806 2623 1104 2683 Vorkämpferschaft
1134 2623 1157 2683 im

276 2665 392 2725 Geiste,
407 2665 453 2725 die
477 2666 546 2726 leise
570 2665 704 2725 geleistet
724 2665 830 2725 wurde
854 2662 909 2722 und
938 2662 1175 2722 vernehmliche¬

276 2707 325 2767 ren
357 2704 525 2764 Kämpfern
562 2704 611 2764 den
648 2704 720 2764 Weg
757 2701 884 2761 bereitet
916 2701 984 2761 hat:
1012 2701 1170 2761 Wedekind

276 2743 332 2803 vor
355 2743 458 2803 allem,
477 2743 570 2803 dessen
598 2743 687 2803 Werk
706 2743 784 2803 ohne
809 2743 976 2803 Schnitzler
1000 2740 1172 2800 undenkbar

276 2782 375 2842 wäre.
399 2782 461 2842 Und
498 2782 552 2842 wie
585 2782 680 2842 vielen
712 2782 865 2842 anderen,
889 2779 934 2839 die
962 2780 1007 2840 sich
1039 2779 1174 2839 neuzeit¬

276 2818 325 2878 lich
361 2818 512 2878 gebärden
553 2817 613 2877 und
649 2817 815 2877 zeitlebens
856 2817 936 2877 seine
967 2814 1098 2874 Schüler
1134 2815 1178 2875 ge¬

277 2862 391 2922 blieben
430 2859 506 2919 sind.
535 2859 698 2919 Unendlich
737 2858 798 2918 viel
828 2856 995 2916 verdanken
1034 2856 1067 2916 sie
1101 2856 1182 2916 ihm,

275 2901 377 2961 mehr,
401 2898 447 2958 als
476 2896 513 2956 sie
541 2896 644 2956 wissen
677 2897 752 2957 oder
780 2896 906 2956 zugeben
944 2895 1070 2955 wollen.
1094 2895 1172 2955 Aber

280 2938 340 2998 jene
373 2937 560 2997 unbedingte
593 2934 762 2994 Wahrheit
786 2936 841 2996 für
870 2934 911 2994 die
945 2934 972 2994 er
1001 2934 1080 2994 lebte
1113 2934 1173 2994 und

275 2976 410 3036 dichtete,
434 2976 499 3036 war
528 2976 555 3036 es
589 2976 738 3036 zugleich,
758 2973 809 3033 die
837 2973 883 3033 ihn
917 2973 1015 3033 davon
1048 2973 1179 3033 abhielt,

275 3016 324 3076 die
352 3015 537 3075 literarische
564 3013 776 3073 Verbeugung
809 3012 863 3072 vor
895 3012 944 3072 dem
990 3012 1175 3072 Augenblick

274 3058 305 3118 zu
358 3053 495 3113 machen,
531 3051 618 3111 deren
672 3050 719 3110 ihn
773 3050 998 3110 Mißversteher
1043 3050 1175 3110 anderer

280 3093 442 3153 Kategorie
462 3092 514 3152 für
538 3092 619 3152 fähig
648 3089 758 3149 hielten
787 3089 844 3149 und
873 3089 916 3149 die
940 3089 973 3149 sie
998 3089 1088 3149 daher
1113 3089 1165 3149 von

275 3132 325 3192 ihm
377 3131 576 3191 erwarteten.
609 3128 665 3188 Die
702 3128 870 3188 Wahrheit
903 3131 990 3191 gegen
1028 3128 1097 3188 sich,
1126 3128 1172 3188 die

274 3170 377 3230 Treue
407 3170 450 3230 die
480 3170 509 3230 er
534 3170 578 3230 sich
608 3167 700 3227 hielt,
721 3167 828 3227 verbot
853 3168 931 3228 ihm,
956 3167 1000 3227 die
1030 3167 1112 3227 Welt
1138 3170 1166 3230 zu

276 3211 444 3271 verlassen,
472 3209 500 3269 in
542 3206 593 3266 der
631 3206 677 3266 die
715 3206 827 3266 ewigen
874 3207 971 3267 Dinge
1009 3206 1177 3266 geschehen,

280 3251 354 3311 seine
392 3248 489 3308 Welt,
518 3245 579 3305 und
616 3245 709 3305 dahin
752 3245 779 3305 zu
817 3247 1018 3307 desertieren,
1047 3245 1088 3305 wo
1126 3246 1172 3306 die

276 3286 425 3346 zeitlichen
457 3286 557 3346 Dinge
580 3283 756 3343 geschehen,
775 3283 797 3343 in
829 3283 874 3343 die
897 3285 987 3345 kleine
1015 3283 1096 3343 Welt
1124 3283 1173 3343 der

280 3325 566 3385 Augenblicklichen.
585 3322 630 3382 Er
658 3322 868 3382 durchschaute
891 3322 950 3382 und
978 3322 1005 3382 er
1033 3323 1178 3383 kämpfte.

280 3361 320 3421 Er
352 3364 560 3424 durchschaute
588 3361 642 3421 das
679 3361 855 3421 Versteckte,
878 3361 900 3421 so
937 3361 1168 3421 undurchsichtig

280 3405 307 3465 es
345 3403 391 3463 sich
424 3401 568 3461 verbarg,
597 3403 657 3463 und
686 3400 718 3460 er
751 3400 881 3460 kämpste
909 3402 1021 3462 dafür,
1045 3401 1100 3461 daß
1138 3398 1165 3458 es

278 3442 473 3502 offenkundig
523 3440 636 3500 zutage
687 3439 777 3499 trete.
819 3439 941 3499 Lange,
983 3439 1073 3499 bevor
1124 3439 1173 3499 die

320 3478 387 3538 orte
406 3477 645 3537 Psychoanalyse
682 3477 744 3537 und
781 3480 1170 3540 Individualpsychologie

298 3519 642 3579 Vissenschaftsbegriffe
677 3516 799 3576 waren,
829 3516 912 3576 hatte
947 3516 976 3576 er
1011 3519 1059 3579 sie,
1089 3519 1172 3579 Hell¬

284 3561 363 3621 seher
390 3561 442 3621 der
469 3559 574 3619 Seele,
596 3560 648 3620 zur
675 3558 828 3618 Dichtung
855 3558 1002 3618 gemacht.

1475 273 1594 333 box
1670 274 1850 334 43/9

1305 1324 1347 1384 In
1386 1324 1438 1384 dem
1486 1324 1673 1384 motivischen
1717 1324 1879 1384 Dreiklang
1913 1324 2008 1384 dieser
2042 1324 2123 1384 Dich¬

1234 1364 1303 1424 tung
1336 1363 1527 1423 dominieren
1564 1363 1676 1423 Drama
1714 1363 1769 1423 und
1803 1366 2012 1426 novellistische
2040 1363 2128 1423 Epik,

1232 1402 1289 1462 und
1323 1402 1424 1462 bliebe
1453 1402 1549 1462 nichts
1583 1402 1641 1462 aus
1675 1402 1771 1462 seiner
1800 1403 2050 1463 Schöpfermacht
2080 1402 2122 1462 als

1237 1441 1418 1501 „Liebelei",
1448 1442 1487 1502 ein
1527 1441 1737 1501 dramatisches
1777 1441 1933 1501 Volkslied
1968 1441 2115 1501 unsäglich

1234 1480 1334 1540 weher
1358 1480 1463 1540 Süße;
1488 1481 1564 1541 „Der
1589 1480 1684 1540 grüne
1709 1480 1871 1540 Kakadu",
1891 1480 1928 1540 ein
1962 1480 2125 1540 einaktiger

1232 1518 1452 1578 Epochenbau,
1472 1518 1495 1578 in
1524 1518 1576 1578 den
1606 1518 1653 1578 der
1678 1518 1758 1578 Blitz
1779 1518 1831 1578 des
1860 1518 1975 1578 Genies
1999 1519 2128 1579 schlägt;

1232 1557 1409 1617 „Professor
1433 1557 1649 1617 Bernhardi“,
1669 1554 1717 1614 der
1741 1557 1981 1617 vorurteilslose
2005 1555 2120 1615 Prozeß

1231 1596 1394 1656 zugunsten
1422 1596 1471 1656 der
1494 1596 1753 1656 vorurteilslosen
1781 1596 1985 1656 Humanität;
2003 1596 2116 1656 blieben

1231 1635 1325 1695 nichts
1357 1634 1407 1694 als
1439 1634 1484 1694 die
1516 1635 1652 1695 Wunder
1685 1635 1780 1695 seiner
1816 1635 2125 1695 Novellenzauberei:

1231 1671 1259 1731 es
1298 1672 1383 1732 wäre
1417 1674 1613 1734 übergenug,
1638 1674 1670 1734 um
1724 1675 1771 1735 dem
1820 1676 1982 1736 Dreiklang
2016 1674 2126 1734 Ewig¬

1233 1711 1445 1771 keitsmelodie
1476 1713 1501 1773 zu
1537 1713 1647 1773 geben.

1308 1754 1381 1814 War
1416 1757 1485 1817 aber
1520 1757 1603 1817 seine
1633 1758 1780 1818 Dichtung
1820 1758 1864 1818 ein
1899 1758 2120 1818 harmonischer

1231 1796 1413 1856 Dreiklang,
1433 1796 1460 1856 so
1489 1796 1554 1856 war
1578 1796 1699 1856 Arthur
1723 1799 1905 1859 Schnitzlers
1938 1798 2046 1858 Dasein
2079 1799 2116 1859 ein

1230 1835 1402 1895 Einklang.
1426 1834 1579 1894 Einklang
1613 1835 1762 1895 sublimer
1795 1838 2125 1898 Uebereinstimmung.

1232 1874 1289 1934 Nie
1313 1874 1370 1934 und
1405 1872 1461 1932 mit
1481 1874 1576 1934 nichts
1606 1873 1653 1933 hat
1678 1874 1706 1934 er
1730 1874 1778 1934 sich
1807 1874 1936 1934 befleckt.
1956 1874 2128 1934 Konzessio¬

1231 1914 1280 1974 nen
1312 1913 1420 1973 kannte
1444 1912 1470 1972 er
1498 1913 1588 1973 nicht,
1607 1910 1683 1970 keine
1706 1913 1756 1973 des
1783 1916 1946 1976 Betriebs,
1965 1916 2041 1976 keine
2069 1916 2114 1976 des

1235 1951 1377 2011 Profits;
1402 1951 1431 2011 er
1457 1951 1505 2011 hat
1531 1951 1574 2011 sich
1599 1951 1717 2011 beiseite
1742 1953 1899 2013 gehalten,
1920 1951 1993 2011 ohne
2018 1954 2062 2014 sich
2087 1954 2116 2014 zu

1231 1990 1402 2050 entziehen.
1430 1990 1639 2050 Unantastbar
1671 1991 1739 2051 ging
1776 1991 1802 2051 er
1835 1991 1930 2051 seinen
1972 1993 2116 2053 einsamen

1231 2029 1317 2089 Weg,
1355 2029 1446 2089 dessen
1499 2029 1809 2089 Schicksalhaftigkeit
1853 2029 1981 2089 Richard
2025 2029 2120 2089 Beer¬

1231 2068 1407 2128 Hofmann,
1446 2070 1503 2130 sein
1542 2070 1752 2130 Weggenosse,
1795 2068 2120 2128 verständnisinniger

1231 2108 1277 2168 als
1305 2107 1389 2167 sonst
1408 2107 1529 2167 jemand
1562 2107 1590 2167 es
1623 2107 1804 2167 vermöchte,
1828 2107 1851 2167 in
1884 2107 1973 2167 diesem
2015 2108 2122 2168 bisher

1231 2146 1558 2206 unveröffentlichten,
1596 2146 1764 2206 Schnitzler
1813 2146 2015 2206 gewidmeten
2068 2145 2125 2205 Ge¬

1231 2184 1325 2244 dichte
1345 2184 1399 2244 den
1430 2184 1588 2244 Ausdruck
1613 2184 1702 2244 fand:

1364 2235 1419 2295 Alle
1444 2235 1538 2295 Wege,
1559 2235 1597 2295 die
1623 2235 1674 2295 wir
1696 2235 1775 2295 treten

1367 2268 1485 2328 Münden
1517 2268 1536 2328 in
1567 2268 1608 2328 die
1632 2268 1800 2328 Einsamkeit

1367 2304 1573 2364 Nimmermüde
1597 2301 1719 2361 Stunden
1750 2304 1818 2364 jäten

1361 2337 1421 2397 Aus
1447 2334 1455 2394 —
1500 2337 1555 2397 was
1586 2337 1667 2397 wuchs
1698 2338 1724 2398 an
1754 2340 1819 2400 Lust
1841 2339 1892 2399 und
1919 2339 1996 2399 Leid.

1364 2387 1435 2447 Alles
1465 2387 1545 2447 Glück
1566 2387 1617 2447 und
1642 2387 1705 2447 alles
1735 2387 1819 2447 Elend

1363 2423 1449 2483 Blaßt
1474 2423 1497 2483 zu
1529 2423 1615 2483 fernem
1655 2423 1851 2483 Widerschein;

1363 2459 1424 2519 Was
1451 2456 1615 2516 beseligend,
1635 2456 1692 2516 was
1723 2459 1857 2519 quälend,

1367 2492 1431 2552 Geht
1449 2490 1462 2550 —
1501 2492 1561 2552 läßt
1583 2492 1630 2552 uns
1657 2492 1709 2552 mit
1726 2492 1778 2552 uns
1804 2492 1894 2552 allein.

1364 2543 1465 2603 Schritt
1482 2542 1515 2602 ich
1541 2543 1599 2603 eben
1625 2542 1692 2602 nicht
1714 2542 1735 2602 im
1773 2543 1895 2603 Reigen?

1366 2578 1417 2638 Und
1445 2576 1500 2636 was
1524 2578 1590 2638 traf,
1606 2577 1653 2637 das
1677 2576 1731 2636 traf
1748 2578 1897 2638 gemeinsam

1364 2608 1452 2668 Bietet
1473 2608 1578 2668 keine
1603 2610 1675 2670 Hand
1700 2608 1761 2668 sich?
1785 2608 1793 2668 —
1834 2608 2052 2668 Schweigen

1361 2644 1447 2704 Sieht
1464 2644 1524 2704 mich
1546 2643 1576 2703 an
1602 2641 1615 2701 —
1654 2643 1697 2703 der
1719 2644 1778 2704 Weg
1805 2644 1869 2704 wird
1895 2644 2011 2704 einsam!

1361 2696 1400 2756 Ob
1426 2695 1456 2755 ich
1478 2695 1538 2755 stieg
1561 2695 1607 2755 von
1634 2695 1906 2755 Glückes=Thronen,

1359 2735 1401 2795 Ob
1424 2731 1454 2791 ich
1481 2731 1561 2791 klomm
1600 2730 1649 2790 aus
1672 2731 1936 2791 Leidens=Gründen

1360 2764 1444 2824 Dort,
1461 2764 1550 2824 wohin
1575 2764 1619 2824 ich
1641 2764 1701 2824 geb,
1718 2766 1742 2826 zu
1771 2767 1896 2827 wohnen,

1362 2797 1428 2857 Will
1451 2800 1491 2860 sich
1518 2800 1603 2860 keines
1630 2800 1656 2860 zu
1684 2800 1737 2860 mir
1760 2801 1871 2861 finden.

1360 2850 1425 2910 Ein
1454 2849 1588 2909 Erkennen
1617 2849 1687 2909 nur,
1704 2850 1757 2910 mit
1778 2850 1859 2910 klaren

1363 2883 1450 2943 Augen
1477 2883 1538 2943 will
1557 2884 1618 2944 mich
1641 2883 1823 2943 hingeleiten:

1363 2919 1418 2979 Daß
1446 2919 1505 2979 auch
1529 2918 1670 2978 vorher
1694 2917 1725 2977 um
1765 2919 1823 2979 mich
1848 2919 1934 2979 waren
1962 2916 1973 2976 —

1362 2952 1516 3012 Unerkannt
1540 2951 1553 3011 —
1595 2950 1667 3010 nur
1691 2952 2010 3012 Einsamkeiten.

1305 3007 1349 3067 So
1384 3010 1486 3070 einsam
1537 3011 1605 3071 ging
1640 3009 1669 3069 er
1704 3009 1787 3069 durch
1822 3011 1870 3071 die
1901 3012 1984 3072 Zeit,
2009 3011 2121 3071 distan¬

1227 3048 1303 3108 ziert
1327 3047 1380 3107 von
1409 3050 1471 3110 ihr,
1490 3047 1672 3107 hingezogen
1706 3050 1730 3110 zu
1764 3050 1811 3110 ihr
1831 3050 1845 3110 .
1860 3050 1902 3110 ..
1922 3050 2003 3110 durch
2032 3050 2123 3110 Güte.

1231 3089 1272 3149 Da
1310 3089 1347 3149 ist
1380 3086 1436 3146 das
1478 3087 1571 3147 Wort
1600 3087 1796 3147 gesprochen,
1824 3087 1880 3147 das
1918 3087 1969 3147 bei
2002 3087 2118 3147 Arthur

1229 3125 1411 3185 Schnitzlers
1449 3125 1635 3185 Gedächtnis
1678 3125 1757 3185 seine
1795 3127 1874 3187 volle
1912 3128 2023 3188 seltene
2056 3123 2117 3183 Be¬

1226 3164 1357 3224 deutung
1391 3164 1545 3224 gewinnt:
1569 3164 1667 3224 Güte.
1682 3165 1728 3225 In
1757 3167 1808 3227 dem
1851 3167 1968 3227 schönen
2002 3167 2123 3227 Antlitz,

1226 3206 1314 3266 dessen
1366 3204 1562 3264 überbuschte
1591 3203 1693 3263 Augen
1745 3206 1772 3266 so
1820 3206 2053 3266 dringend=klar
2086 3204 2109 3264 zu

1227 3243 1344 3303 schauen
1385 3245 1530 3305 wußten,
1553 3245 1579 3305 so
1612 3245 1761 3305 fragend:
1793 3242 1847 3302 wie
1883 3245 1951 3305 geht
1983 3242 2010 3302 es
2046 3244 2114 3304 dir?

1234 3280 1345 3340 Leidest
1369 3280 1433 3340 du?
1466 3280 1545 3340 stand
1578 3280 1629 3340 sie,
1657 3280 1681 3340 in
1718 3280 1769 3340 dem
1816 3283 1955 3343 Munde,
1979 3280 2030 3340 der
2063 3280 2118 3340 mit

1232 3319 1333 3379 solcher
1396 3317 1612 3377 unvergeßlich
1675 3319 1922 3379 wohllautenden
1993 3319 2112 3379 weichen

1227 3358 1362 3418 Stimme
1390 3361 1507 3421 sprach,
1531 3361 1559 3421 so
1592 3358 1709 3418 ärztlich
1747 3358 1934 3418 beruhigend
1972 3358 2027 3418 und
2065 3359 2116 3419 mit

1227 3400 1329 3460 solchem
1377 3400 1498 3460 Anteil,
1517 3397 1564 3457 als
1593 3397 1709 3457 spräche
1738 3397 1817 3457 jedes
1851 3397 1954 3457 Wort:
1978 3397 2028 3457 Ich
2057 3397 2122 3457 will

1228 3438 1273 3498 dir
1309 3438 1404 3498 helfen
1432 3439 1499 3499 ...
1532 3439 1600 3499 auch
1636 3436 1722 3496 darin
1764 3438 1831 3498 war
1863 3436 1912 3496 die
1945 3436 2026 3496 Güte
2063 3435 2116 3495 un¬

1226 3474 1439 3534 überhörbar.
1462 3474 1530 3534 Mit
1558 3474 1648 3534 dieser
1681 3476 1853 3536 klingenden
1889 3474 2025 3534 Stimme
2057 3474 2120 3534 ver¬

1226 3516 1347 3576 kündete
1380 3513 1422 3573 ein
1460 3513 1566 3573 großer
1600 3516 1716 3576 Dichter
1745 3516 1796 3576 den
1834 3516 1983 3576 Einklang
2016 3516 2109 3576 seines

1223 3555 1304 3615 edlen
1341 3555 1613 3615 Menschentums.

2253 1321 2317 1381 Und
2342 1323 2410 1383 ...
2430 1324 2528 1384 seines
2559 1324 2809 1384 tiefwurzelnden
2844 1324 3075 1384 Oesterreicher¬

2178 1360 2276 1420 tums.
2290 1360 2364 1420 Hier
2384 1363 2481 1423 redete
2505 1360 2561 1420 und
2590 1362 2687 1422 blickte
2707 1363 2804 1423 einer,
2819 1363 2865 1423 der
2889 1363 3066 1423 Oesterreich

2183 1399 2245 1459 sah,
2264 1399 2322 1459 wie
2365 1399 2466 1459 keiner
2509 1399 2566 1459 vor
2591 1399 2672 1459 ihm.
2691 1402 2830 1462 Deshalb
2879 1401 2936 1461 ließ
2985 1402 3017 1462 er
3042 1402 3065 1462 in

2184 1438 2270 1498 seinem
2314 1438 2419 1498 Werke
2444 1438 2625 1498 Oesterreich
2655 1440 2731 1500 sehen
2765 1439 2822 1499 und
2852 1440 2981 1500 sprechen
3015 1441 3072 1501 wie

2178 1477 2244 1537 nach
2269 1475 2317 1535 ihm
2360 1477 2451 1537 keiner
2481 1477 2509 1537 es
2538 1479 2696 1539 vermögen
2731 1477 2821 1537 wird.
2841 1477 2922 1537 Alles
2957 1477 3076 1537 Oester¬

2176 1515 2323 1575 reichische
2353 1515 2419 1575 war
2453 1515 2481 1575 in
2520 1515 2615 1575 dieser
2645 1515 2792 1575 redenden
2831 1518 3060 1578 Bildnerschaft

2186 1555 2233 1615 das
2272 1554 2455 1614 Oesterreich
2499 1554 2647 1614 Mozarts
2691 1554 2748 1614 und
2787 1556 2845 1616 das
2884 1557 3066 1617 Oesterreich

2178 1593 2407 1653 Grillparzers,
2427 1593 2474 1653 die
2499 1593 2603 1653 Größe
2632 1593 2685 1653 der
2714 1593 2847 1653 Anmut,
2867 1593 2919 1653 der
2943 1593 3067 1653 Zauber

2176 1634 2225 1694 der
2250 1632 2531 1692 Pathoslosigkeit,
2556 1632 2600 1692 die
2631 1632 2738 1692 Glorie
2769 1632 2817 1692 des
2847 1632 3000 1692 Gefühls,
3025 1632 3069 1692 die

2181 1671 2334 1731 Inbrunst
2359 1671 2406 1731 der
2431 1671 2545 1731 Kritik.
2560 1671 2607 1731 So
2632 1671 2732 1731 waren
2762 1671 2828 1731 auch
2853 1671 2900 1731 die
2925 1671 3063 1731 Schatten

2176 1710 2228 1770 des
2257 1710 2367 1770 Bildes
2415 1710 2501 1770 darin
2535 1710 2616 1770 nicht
2655 1710 2880 1770 schöngefärbt,
2919 1712 3000 1772 nicht
3025 1712 3072 1772 ge¬

2182 1751 2271 1811 hässig
2312 1748 2503 1808 verfinstert.
2534 1748 2599 1808 Ja!
2631 1748 2685 1808 In
2726 1747 2872 1807 seinem
2928 1748 3068 1808 Werke

2179 1790 2260 1850 war
2287 1788 2572 1848 Oesterreich!
2595 1787 2659 1847 Das
2687 1787 2881 1847 versunkene,
2897 1790 2951 1850 das
2984 1787 3069 1847 halb¬

2262 2005 2540 2065 Meinhard
2575 2005 2668 2065 und
2703 2005 2990 2065 Bernauer

2183 2087 2337 2147 wieder
2371 2090 2581 2150 Berliner
2605 2087 3070 2147 Theaterdirektoren.

2661 2149 2790 2209 Berlin,
2816 2149 2841 2209 im
2887 2149 3041 2209 Oktober.

2237 2207 2310 2267 Carl
2337 2208 2569 2268 Meinhard
2601 2205 2659 2265 und
2691 2205 2812 2265 Rudolf
2834 2205 3065 2265 Bernauer

2181 2248 2343 2308 eröffneten
2388 2247 2506 2307 wieder
2551 2247 2594 2307 als
2645 2244 2846 2304 selbständige
2886 2244 3063 2304 Direktoren

2177 2289 2221 2349 ihr
2247 2286 2429 2346 Theater
2455 2286 2490 2346 in
2521 2286 2591 2346 der
2617 2286 3077 2346 Stresemannstraße.

2175 2325 2268 2385 Durch
2298 2325 2346 2385 den
2381 2326 2508 2386 Auszug
2538 2324 2754 2384 Barnowskys
2789 2322 2813 2382 in
2843 2322 2896 2382 das
2926 2322 3073 2382 Deutsche

2177 2366 2438 2426 Künstlertheater
2474 2364 2533 2424 sind
2574 2364 2609 2424 sie
2645 2364 2851 2424 gezwungen,
2876 2364 2921 2424 die
2957 2364 3062 2424 beiden

2181 2404 2262 2464 ihnen
2300 2405 2491 2465 gehörenden
2530 2405 2663 2465 Häuser,
2692 2405 2744 2465 das
2783 2402 2916 2462 Theater
2950 2402 2978 2462 in
3017 2402 3064 2462 der

2178 2444 2489 2504 Stresemannstraße
2528 2443 2586 2503 und
2629 2442 2681 2502 das
2721 2441 2979 2501 Komödienhaus
3023 2441 3056 2501 am

2179 2484 2505 2544 Schiffbauerdamm,
2533 2483 2715 2543 künstlerisch
2755 2483 2848 2543 selbst
2882 2483 2910 2543 zu
2949 2480 3076 2540 führen.

2256 2532 2420 2592 Meinhard
2467 2531 2528 2591 und
2559 2531 2723 2591 Bernauer
2760 2531 2914 2591 vertraten
2961 2528 3063 2588 früher

2176 2573 2230 2633 das
2269 2573 2357 2633 gute,
2393 2570 2603 2630 traditionelle
2644 2570 2795 2630 Theater.
2835 2567 2884 2627 Ob
2924 2570 2982 2630 sie,
3012 2570 3070 2630 vor

2177 2611 2282 2671 langen
2317 2609 2463 2669 Jahren,
2483 2610 2513 2670 im
2559 2608 2705 2668 Berliner
2736 2608 2871 2668 Theater
2902 2606 2946 2666 die
2977 2605 3067 2665 Posse

2187 2647 2292 2707 „Einer
2323 2647 2372 2707 von
2413 2647 2523 2707 unsere
2549 2647 2644 2707 Leut"
2675 2647 2876 2707 aufführten,
2896 2646 2931 2706 ob
2967 2644 3002 2704 sie
3037 2647 3062 2707 in

2177 2688 2226 2748 der
2252 2686 2565 2746 Stresemannstraße
2591 2686 2751 2746 Wedekind
2782 2686 2842 2746 und
2873 2686 3064 2746 Strindberg

2178 2726 2321 2786 spielten:
2350 2728 2420 2788 man
2458 2727 2564 2787 wußte
2593 2725 2723 2785 immer,
2747 2727 2848 2787 woran
2887 2725 2956 2785 man
2994 2725 3072 2785 war.

2172 2766 2218 2826 Es
2254 2767 2362 2827 wurde
2399 2766 2492 2826 nichts
2534 2767 2755 2827 vorgetäuscht,
2787 2765 2880 2825 nichts
2922 2764 3076 2824 kaschiert.

2172 2806 2292 2866 Gutes,
2333 2806 2448 2866 solides
2489 2804 2639 2864 Theater,
2680 2806 2735 2866 das
2786 2803 2876 2863 sogar
2927 2803 2977 2863 bei
3017 2803 3067 2863 der

2189 2844 2393 2904 „Kronbraut"
2436 2844 2495 2904 und
2538 2845 2604 2905 beim
2653 2844 2888 2904 „Traumspiel"
2919 2844 2943 2904 in
2985 2844 3069 2904 diese

2172 2883 2303 2943 Bezirke
2336 2883 2520 2943 durchstieß.

2253 2923 2484 2983 Bewahrende,
2543 2922 2779 2982 handwerkliche
2844 2922 3057 2982 Begabungen

2171 2961 2266 3021 haben
2309 2961 2342 3021 es
2381 2961 2409 3021 in
2453 2961 2504 3021 der
2534 2961 2605 3021 Zeit
2634 2961 2682 3021 der
2711 2961 2939 3021 verändernden
2978 2961 3063 3021 Krise

2175 3000 2297 3060 doppelt
2328 3001 2450 3061 schwer.
2486 3000 2647 3060 Umstellen
2682 3000 2795 3060 können
2830 3000 2869 3060 sie
2899 3000 2948 3060 sich
2983 3000 3075 3060 nicht.

2179 3039 2244 3099 Was
2274 3040 2339 3100 also
2370 3038 2455 3098 sollen
2491 3038 2526 3098 sie
2557 3038 2693 3098 spielen?
2734 3038 2985 3098 Wahrscheinlich
3021 3038 3061 3098 die

2177 3077 2347 3137 Literatur,
2368 3077 2423 3137 mit
2449 3077 2498 3137 der
2524 3077 2558 3137 sie
2584 3077 2825 3137 hochgekommen
2857 3077 2937 3137 sind.
2957 3077 3067 3137 Wahr¬

2175 3117 2317 3177 scheinlich
2352 3117 2415 3177 (für
2445 3117 2508 3177 eine
2538 3117 2749 3177 Generation,
2774 3116 2817 3176 die
2852 3118 2925 3178 diese
2955 3116 3063 3176 Stücke

2175 3158 2249 3218 nicht
2285 3158 2370 3218 mehr
2401 3158 2511 3218 kennt)
2542 3155 2592 3215 die
2623 3158 2803 3218 Wedekind=
2835 3157 2894 3217 und
2930 3158 3065 3218 Strind¬

2171 3197 2259 3257 berg=
2287 3199 2347 3259 und
2380 3198 2724 3258 Hauptmann=Stücke,
2758 3197 2785 3257 in
2832 3197 2939 3257 schnell
2976 3199 3064 3259 wech¬

2175 3236 2290 3296 selndem
2334 3236 2521 3296 Spielplan.
2555 3236 2633 3296 Man
2667 3236 2734 3296 kann
2768 3237 2979 3297 überprüfen,
2999 3236 3066 3296 was

2175 3274 2237 3334 noch
2266 3274 2366 3334 wirkt.
2395 3274 2561 3334 Meinhard
2596 3274 2652 3334 und
2677 3274 2843 3334 Bernauer
2863 3274 2972 3334 spielen
3006 3274 3063 3334 mit

2171 3313 2259 3373 Recht
2299 3313 2328 3373 zu
2377 3314 2643 3374 außerordentlich
2678 3314 2800 3374 billigen
2840 3313 2992 3373 Preisen;
3027 3316 3061 3376 sie

2175 3352 2261 3412 haben
2290 3354 2337 3414 sich
2367 3352 2424 3412 mit
2454 3355 2539 3415 Recht
2564 3352 2665 3412 keiner
2694 3353 3063 3413 Abonnementsorgani¬

2172 3391 2261 3451 sation
2302 3392 2538 3452 angeschlossen.
2574 3392 2634 3452 Sie
2665 3394 2725 3454 sind
2761 3391 2961 3451 selbständig,
2987 3394 3062 3454 aus¬

2176 3430 2352 3490 gezeichnet.
2377 3430 2460 3490 Aber
2485 3433 2524 3493 ich
2554 3431 2666 3491 glaube
2696 3431 2788 3491 nicht,
2808 3431 2862 3491 daß
2892 3433 2920 3493 es
2955 3433 3058 3493 richtig

2171 3470 2215 3530 ist,
2236 3468 2356 3528 billiges
2387 3468 2523 3528 Theater
2548 3471 2608 3531 mit
2635 3471 2840 3531 Luxusstücken
2877 3471 2906 3531 zu
2937 3471 3067 3531 spielen,

2168 3510 2268 3570 billige
2302 3510 2541 3570 Aufführungen
2580 3510 2608 3570 zu
2647 3510 2762 3570 machen
2796 3510 2853 3570 mit
2882 3510 3054 3570 mondänen

2173 3552 2567 3612 Gesellschaftskomödien.
2601 3552 2683 3612 Alles
2717 3552 2828 3612 gehört
2867 3552 3066 3612 zusammen:

3124 1324 3233 1384 versun

3131 1363 3234 1423 gebore

3126 1400 3230 1460 Desha

3126 1438 3174 1498 den
3209 1437 3242 1497 no

3125 1479 3246 1539 liehen,

3130 1516 3235 1576 Wiene

3123 1554 3200 1614 oder

3129 1593 3186 1653 und
3216 1596 3244 1656 ei

3125 1630 3240 1690 schwun

3131 1710 3243 1770 sterblie

3131 1747 3207 1807 Träi
