3392 4384
193 375 208 435 2

342 378 917 438 Schnitzler's
986 381 1218 441 Death

276 1273 1000 1333 OBSERVER

363 1321 390 1381 I.
404 1321 524 1381 österr.
533 1330 684 1390 behördl.
698 1340 1001 1400 konzessioniertes

317 1363 553 1423 Unternehmen
586 1371 631 1431 für
654 1382 1041 1442 Zeitungs-Ausschnitte

367 1424 519 1484 WIEN,
540 1432 595 1492 I.,
617 1439 900 1499 WOLLZEILE
950 1450 990 1510 11

460 1481 676 1541 TELEPHON
714 1492 882 1552 R-23-0-43

250 1612 477 1672 Ausschnitt
507 1625 597 1685 aus:

820 1891 960 1951 Vagl

246 1902 600 1962 Ven

580 2131 767 2191 193

361 2173 413 2233 er

310 2220 374 2280 500
407 2217 471 2277 kr.
488 2217 908 2277 Aörsäljningskursen
942 2214 1046 2274 utgör

320 2271 338 2331 M
405 2269 562 2329 pyftent.

386 2462 601 2522 Arthur
657 2462 980 2522 Schnitzler

626 2576 771 2636 död.

367 2647 477 2707 WIEN
518 2649 576 2709 den
611 2648 669 2708 21.
693 2647 791 2707 (TT)

366 2698 497 2758 Arthur
527 2695 734 2755 Schnitzler
765 2695 866 2755 avled
902 2694 967 2754 här
1003 2692 1053 2752 vid

315 2747 470 2807 sjutiden
511 2746 551 2806 pà
612 2744 943 2804 onsdagsaftonen.
1004 2740 1054 2800 Då

317 2795 533 2855 författaren
574 2794 612 2854 på
647 2791 932 2851 eftermiddagen
973 2788 1066 2848 äter¬

324 2843 433 2903 vände
460 2841 533 2901 från
570 2841 601 2901 en
634 2838 829 2898 promenad
862 2837 1062 2897 drabbades

314 2892 381 2952 han
415 2889 457 2949 av
491 2889 693 2949 slaganfall
722 2886 779 2946 och
813 2886 914 2946 avled
972 2884 1053 2944 utan

319 2938 371 2998 att
391 2937 428 2997 ha
453 2935 601 2995 återfått
621 2934 888 2994 medvetandet.
903 2931 1065 2991 Schnitz¬

328 2985 370 3045 ler
397 2982 518 3042 skulle
546 2985 561 3045 i
588 2985 662 3045 maj
689 2982 790 3042 nästa
822 2982 859 3042 år
886 2979 928 3039 ha
960 2979 1071 3039 blivit

327 3032 356 3092 70
387 3032 422 3092 år
453 3029 630 3089 gammal.

359 3144 421 3204 Med
459 3142 576 3202 Arthur
610 3140 781 3200 Schnitzler
814 3138 939 3198 bortgår
969 3136 998 3196 en
1036 3134 1069 3194 av

318 3185 388 3245 våra
424 3182 502 3242 mest
530 3182 632 3242 kända
668 3179 859 3239 dramatiska
891 3176 1079 3236 författare.

322 3225 385 3285 Han
420 3223 546 3283 började
582 3221 649 3281 1893
681 3220 743 3280 med
779 3218 806 3278 en
842 3218 920 3278 serle
948 3215 1082 3275 enakta¬

319 3264 346 3324 re
384 3262 514 3322 Anatol,
542 3259 579 3319 av
616 3259 696 3319 vilka
734 3256 807 3316 fyra
844 3256 913 3316 1914
954 3254 1079 3314 uppför¬

322 3305 371 3365 des
398 3302 409 3362 i
433 3301 630 3361 Stockholm.
653 3298 718 3358 Men
748 3298 889 3358 dessutom
931 3295 988 3355 har
1019 3295 1072 3355 han

318 3343 349 3403 en
389 3342 515 3402 mycket
547 3340 696 3400 rikhaltig
732 3337 905 3397 dramatisk
945 3334 1082 3394 produk-

318 3385 375 3445 tion
414 3382 510 3442 bakom
561 3382 622 3442 sig.
669 3379 765 3439 Bland
823 3376 907 3436 mera
946 3375 1077 3435 bekanta

323 3423 391 3483 verk
428 3421 472 3481 må
514 3421 644 3481 nämuas
681 3418 798 3478 Libelei
835 3416 998 3476 (Alskog),
1027 3414 1087 3474 Pa-

323 3463 476 3523 razelsae,
497 3460 538 3520 Pà
571 3460 696 3520 Gröna°
705 3460 896 3520 papegojan.
921 3456 982 3516 Det
1007 3454 1071 3514 vida

322 3501 444 3561 landet,
471 3500 634 3560 Professor
669 3497 848 3557 Bernhardi
879 3495 928 3555 för
959 3495 1008 3555 att
1039 3495 1073 3555 nu

322 3545 429 3605 nämna
464 3540 543 3600 blott
571 3540 662 3600 nägra
697 3540 752 3600 här
780 3539 792 3599 i
816 3537 926 3597 landet
954 3535 1084 3595 uppför-

322 3585 357 3645 da
397 3582 518 3642 pjäser.
569 3581 635 3641 Han
679 3579 733 3639 har
769 3577 843 3637 även
883 3576 1000 3636 skrivit
1036 3573 1078 3633 ett

325 3624 407 3684 stort
443 3622 533 3682 antal
573 3618 722 3678 noveller,
754 3618 793 3678 av
833 3618 911 3678 vilka
955 3618 985 3678 en
1033 3615 1084 3675 del

323 3663 483 3723 översatts
509 3663 564 3723 till
585 3660 737 3720 svenska.

1450 378 1570 438 box
1648 381 1884 441 43/20

1485 1271 1704 1331 TELEPHON
1734 1265 1911 1325 R-23-0-43

1288 1488 1709 1548 lkloinne
1776 1468 2110 1528 Autirin

1443 1683 2056 1743 ALGOTANDEKSS

1319 1898 1583 1958 Artnur
1644 1903 2040 1963 Schnitzler

1612 2040 1770 2100 död.

1338 2217 1459 2277 Avled
1492 2217 1504 2277 i
1530 2217 1632 2277 Wien
1665 2221 1710 2281 på
1743 2223 1941 2283 onsdagen
1981 2226 2018 2286 av

1565 2280 1813 2340 slaganfall.

1359 2398 1472 2458 Arthur
1509 2400 1687 2460 Schnitzler
1716 2405 1808 2465 avled
1845 2405 1858 2465 i
1888 2407 1973 2467 Wien
2002 2410 2044 2470 på

1310 2449 1608 2509 onsdagsaftonen.
1674 2453 1720 2513 Då
1771 2455 1978 2515 författaren
2009 2458 2049 2518 pä

1311 2498 1564 2558 eftermiddagen
1598 2501 1776 2561 återvände
1805 2504 1877 2564 från
1911 2504 1943 2564 en
1978 2504 2049 2564 pro-

1311 2546 1441 2606 menad,
1487 2546 1668 2606 drabbades
1704 2549 1764 2609 han
1800 2552 1834 2612 av
1870 2553 2056 2613 slaganfall

1313 2593 1367 2653 och
1402 2594 1485 2654 avled
1515 2596 1589 2656 utan
1619 2596 1672 2656 att
1693 2599 1732 2659 ha
1757 2599 1905 2659 återfått
1930 2599 2057 2659 medve-

1309 2641 1437 2701 tandet.
1480 2644 1666 2704 Schnitzler
1692 2647 1795 2707 skulle
1822 2648 1837 2708 i
1858 2649 1925 2709 maj
1951 2650 2044 2710 nästa

1317 2692 1351 2752 år
1376 2692 1410 2752 ha
1441 2692 1533 2752 blivit
1552 2692 1586 2752 70
1610 2694 1668 2754 år.

1354 2817 1400 2877 En
1426 2817 1724 2877 fullblodswienare
1751 2821 1807 2881 gär
1833 2820 1900 2880 med
1931 2823 2049 2883 Arthur

1314 2864 1490 2924 Schnitzler
1517 2865 1553 2925 ur
1580 2865 1689 2925 tiden.
1736 2869 1918 2929 Knappast
1945 2871 2048 2931 någon

1312 2913 1370 2973 har
1404 2911 1452 2971 väl
1474 2913 1528 2973 som
1572 2913 1631 2973 han
1664 2916 1788 2976 träffat
1822 2918 1870 2978 den
1909 2919 2044 2979 wienska

1310 2961 1525 3021 karaktären,
1574 2962 1712 3022 stadens
1746 2964 1803 3024 och
1842 2967 2048 3027 människor-

1310 3010 1387 3070 nas,
1408 3010 1465 3070 med
1496 3009 1568 3069 dess
1589 3012 1760 3072 blandning
1792 3012 1827 3072 av
1849 3015 1947 3075 lyrisk
1978 3015 2050 3075 vek-

1311 3059 1380 3119 het,
1397 3056 1566 3116 lättsinnig
1599 3059 1788 3119 melankoli,
1805 3062 1957 3122 klokhet,
1974 3062 2049 3122 gra-

1311 3104 1350 3164 tie
1379 3106 1435 3166 och
1470 3106 1617 3166 livslust.
1658 3107 1674 3167 I
1703 3110 1748 3170 sin
1783 3110 1850 3170 form
1896 3110 1953 3170 var
1988 3111 2043 3171 han

1308 3155 1422 3215 kräsen
1456 3155 1509 3215 och
1543 3155 1750 3215 nogräknad.

1352 3203 1533 3263 Schnitzler
1556 3203 1727 3263 studerade
1755 3206 1843 3266 först
1866 3206 1915 3266 till
1932 3209 2042 3269 läkare

1307 3251 1367 3311 men
1413 3250 1484 3310 slog
1535 3250 1575 3310 sig
1606 3251 1703 3311 snart
1729 3253 1763 3313 på
1794 3254 2043 3314 författarskap

1299 3299 1352 3359 och
1386 3300 1584 3360 debuterade
1614 3301 1652 3361 år
1682 3301 1758 3361 1893
1793 3301 1860 3361 med
1895 3302 1928 3362 en
1962 3304 2044 3364 serie

1306 3349 1478 3409 enaktare,
1499 3349 1676 3409 "Anatol",
1702 3349 1780 3409 vilka
1811 3352 1914 3412 kunna
1945 3354 2047 3414 sägas

1310 3397 1380 3457 vara
1411 3397 1537 3457 typiska
1568 3397 1623 3457 för
1649 3400 1872 3460 författaren.
1918 3400 1963 3460 Av
1989 3399 2049 3459 öv-

1300 3448 1367 3508 riga
1414 3446 1606 3506 skädespel,
1649 3448 1706 3508 som
1743 3448 1820 3508 även
1852 3451 2008 3511 uppförts
2035 3451 2050 3511 i

1305 3495 1442 3555 Sverge,
1464 3495 1590 3555 märkas
1618 3495 1798 3555 "Reigen”",
1819 3495 1962 3555 "Ordens
1989 3495 2047 3555 ko-

1305 3543 1461 3603 medier”,
1484 3542 1662 3602 ”Alskog”,
1690 3538 1770 3598 "Det
1804 3545 1862 3605 vita
1896 3543 2046 3603 landet”.

1307 3593 1471 3653 Därjämte
1518 3591 1580 3651 har
1627 3591 1807 3651 Schnitzler
1854 3591 1972 3651 skrivit
1999 3593 2045 3653 ett

1306 3642 1388 3702 stort
1412 3642 1505 3702 antal
1523 3642 1634 3702 längre
1657 3642 1712 3702 och
1741 3642 1868 3702 kortare
1891 3642 2052 3702 noveller.

2277 333 2500 393 Ausschnitt
2520 331 2609 391 aus:

2332 437 2593 497 Göteborgs
2632 437 3015 497 Handelstidning

2736 586 2847 646 1930

2324 819 2513 879 Arthur
2548 824 2827 884 Schnitzler
2873 825 2995 885 död.

2313 1886 2433 1946 Arthur
2469 1888 2645 1948 Schnitzler
2681 1889 2761 1949 avled
2797 1892 2811 1952 i
2847 1893 2927 1953 Wien
2968 1895 3013 1955 vid

2279 1931 2409 1991 sjutiden
2447 1931 2479 1991 på
2521 1933 2806 1993 onsdagsaftonen.
2858 1939 2923 1999 När
2956 1939 3011 1999 han

2273 1977 2305 2037 på
2333 1975 2580 2035 eftermiddagen
2604 1978 2772 2038 ätervände
2796 1981 2861 2041 från
2890 1984 2917 2044 en
2945 1984 3019 2044 pro-

2271 2018 2397 2078 menad,
2417 2020 2594 2080 drabbades
2622 2023 2678 2083 han
2711 2026 2743 2086 av
2777 2024 2819 2084 ett
2847 2027 3020 2087 slaganfall

2267 2062 2321 2122 och
2344 2064 2398 2124 dog
2426 2065 2493 2125 utan
2516 2068 2561 2128 att
2580 2068 2611 2128 ha
2634 2068 2770 2128 återfätt
2789 2071 3020 2131 medvetandet.

2267 2107 2443 2167 Schnitzler
2469 2111 2564 2171 skulle
2585 2113 2599 2173 i
2615 2115 2686 2175 maj
2706 2116 2787 2176 nästa
2813 2118 2847 2178 år
2868 2119 2898 2179 ha
2929 2119 3019 2179 blivit

2270 2153 2299 2213 70
2329 2152 2362 2212 år
2388 2154 2548 2214 gammal.

2310 2207 2426 2267 Arthur
2450 2213 2641 2273 Schnitzlers
2665 2217 2711 2277 far
2735 2217 2781 2277 och
2810 2220 2912 2280 farfar
2941 2223 3010 2283 voro

2268 2253 2367 2313 läkare
2396 2253 2441 2313 och
2468 2256 2550 2316 själv
2573 2258 2632 2318 slog
2660 2262 2714 2322 han
2742 2263 2814 2323 även
2842 2265 2864 2325 in
2892 2268 2929 2328 pä
2956 2268 3006 2328 den

2264 2298 2449 2358 medieinska
2481 2303 2582 2363 banan
2617 2304 2665 2364 för
2692 2306 2740 2366 att
2768 2309 2838 2369 dock
2869 2310 2917 2370 vid
2948 2313 3014 2373 om-

2261 2342 2347 2402 kring
2385 2346 2490 2406 trettio
2527 2346 2576 2406 års
2609 2350 2696 2410 älder
2728 2353 2824 2413 lämna
2861 2355 2915 2415 den
2957 2357 3007 2417 och

2260 2387 2325 2447 he't
2358 2388 2436 2448 ägna
2474 2390 2516 2450 sig
2554 2392 2586 2452 ât
2619 2396 2833 2456 litteraturen.
2880 2399 2893 2459 I
2931 2402 3005 2462 hans

2262 2432 2366 2492 mänga
2428 2435 2569 2495 dramer,
2602 2438 2747 2498 romaner
2784 2441 2836 2501 och
2873 2443 3006 2503 noveller

2258 2476 2396 2536 kommer
2423 2478 2487 2538 ofta
2518 2482 2660 2542 läkarens
2691 2485 2894 2545 illusionsfria
2925 2489 3015 2549 män-

2260 2522 2491 2582 niskokunskap
2524 2526 2573 2586 till
2592 2526 2696 2586 synes.
2733 2531 2801 2591 Men
2833 2532 3005 2592 Schnitzler

2257 2567 2310 2627 var
2337 2570 2500 2630 samtidigt
2527 2570 2553 2630 en
2590 2573 2762 2633 drömmare
2793 2575 2850 2635 med
2882 2576 2935 2636 den
2970 2577 3010 2637 fi¬

2260 2611 2344 2671 naste
2377 2614 2559 2674 känslighet
2588 2616 2638 2676 för
2672 2617 2760 2677 livets
2793 2620 2923 2680 mystik,
2957 2623 3003 2683 för

2259 2656 2473 2716 illusionernas
2500 2661 2581 2721 makt
2603 2662 2675 2722 över
2697 2665 2933 2725 människorna,
2955 2668 3002 2728 för

2262 2700 2480 2760 "livslögnens”
2521 2704 2571 2764 det
2604 2707 2731 2767 fromma
2768 2710 3008 2770 självbedräge-

2250 2746 2325 2806 riets
2348 2747 2405 2807 roll
2423 2749 2432 2809 i
2450 2749 2485 2809 de
2508 2749 2707 2809 individuella
2730 2754 2849 2814 ödenas
2867 2755 3004 2815 utform¬

2250 2793 2340 2853 ning.
2381 2794 2445 2854 Det
2472 2794 2608 2854 tragiska
2641 2797 2740 2857 bestod
2777 2797 2826 2857 för
2854 2800 2949 2860 honom
2991 2803 3004 2863 i

2254 2835 2305 2895 den
2331 2838 2559 2898 ofränkomliga
2585 2839 2791 2899 besvikelsen,
2809 2844 2851 2904 som
2890 2844 3001 2904 väntar

2256 2885 2287 2945 pä
2318 2880 2366 2940 var
2394 2883 2442 2943 och
2469 2885 2499 2945 en
2531 2886 2583 2946 när
2611 2886 2769 2946 illusioner
2792 2886 2845 2946 och
2872 2889 2995 2949 drömda

2250 2926 2508 2986 förhoppningar
2532 2930 2560 2990 en
2589 2931 2664 2991 gång
2693 2931 2786 2991 mäste
2810 2934 2922 2994 brista,
2942 2937 2998 2997 när

2252 2970 2298 3030 det
2322 2970 2406 3030 visar
2430 2973 2467 3033 sig
2495 2976 2542 3036 att
2566 2976 2598 3036 de
2622 2976 2719 3036 aldrig
2748 2979 2818 3039 hört
2842 2979 2888 3039 till
2907 2980 3000 3040 verk¬

2277 3018 2405 3078 ghetens
2434 3019 2534 3079 värld.

2289 3071 2392 3131 Denna
2419 3074 2509 3134 livets
2535 3074 2613 3134 stora
2643 3077 2803 3137 maskerad
2834 3080 2894 3140 med
2925 3080 2998 3140 dess

2273 3116 2389 3176 lutliga,
2437 3119 2614 3179 ohjälpliga
2666 3124 2881 3184 demaskering
2942 3127 2998 3187 har

2261 3160 2423 3220 Schnitzler
2445 3164 2578 3224 skildrat
2599 3165 2611 3225 i
2633 3167 2707 3227 olika
2737 3170 2925 3230 variationer
2942 3171 2991 3231 och

2250 3204 2322 3264 olika
2349 3206 2503 3266 tonarter.
2542 3209 2610 3269 Han
2637 3214 2692 3274 har
2714 3212 2791 3272 tagit
2813 3215 2868 3275 lätt
2886 3217 2920 3277 pä
2946 3217 2997 3277 sa-

2250 3250 2295 3310 ken
2323 3252 2349 3312 t.
2373 3253 2422 3313 ex.
2441 3253 2454 3313 i
2473 3253 2651 3313 ”Anatol”,
2670 3256 2719 3316 det
2743 3258 2842 3318 första
2870 3261 2997 3321 drama¬

2244 3296 2320 3356 tiska
2357 3295 2462 3355 arbete
2495 3297 2531 3357 av
2564 3298 2661 3358 honom
2710 3300 2754 3360 som
2803 3304 3001 3364 uppfördes.

2246 3340 2306 3400 Han
2336 3340 2392 3400 har
2418 3343 2505 3403 gjort
2527 3343 2664 3403 greppet
2691 3345 2820 3405 hárdare
2847 3347 2894 3407 och
2929 3346 2997 3406 fas¬

2242 3383 2304 3443 tare
2326 3384 2338 3444 i
2355 3385 2526 3445 skädespel
2543 3387 2593 3447 som
2632 3388 2711 3448 "Der
2737 3391 2870 3451 einsame
2896 3391 2967 3451 Weg

2249 3427 2292 3487 och
2326 3427 2412 3487 "Das
2447 3427 2533 3487 weite
2568 3433 2693 3493 Land”,
2715 3433 2728 3493 i
2758 3436 2892 3496 noveller
2927 3436 2978 3496 som

2254 3471 2528 3531 Dämmerselen”,
2550 3475 2558 3535 i
2583 3474 2633 3534 den
2666 3477 2745 3537 stora
2775 3477 2983 3537 tidsromanen

2256 3514 2321 3574 Der
2349 3516 2424 3576 Weg
2458 3519 2504 3579 ins
2533 3519 2659 3579 Freie”,
2679 3522 2735 3582 där
2763 3525 2993 3585 judendomens

2247 3561 2397 3621 problem,
2415 3564 2493 3624 vilka
2521 3565 2570 3625 han
2598 3565 2611 3625 i
2631 3569 2680 3629 hög
2708 3567 2776 3627 grad
2804 3570 2899 3630 kände
2927 3571 2972 3631 som

2242 3606 2295 3666 sina
2327 3608 2424 3668 egna,
2447 3609 2491 3669 bli
2518 3609 2651 3669 belysta.
2696 3614 2775 3674 Frán
2812 3614 2847 3674 de
2874 3615 2985 3675 senare

2237 3651 2321 3711 árens
2346 3654 2534 3714 produktion
2563 3658 2681 3718 minnes
2701 3660 2766 3720 man
2795 3660 2844 3720 den
2873 3660 2986 3720 melan¬

2240 3695 2351 3755 koliska
2399 3698 2584 3758 berättelsen
2632 3701 2834 3761 ”Casanovas
2877 3704 2984 3764 Heim-

2237 3740 2359 3800 fahrt”,
2377 3743 2427 3803 den
2459 3743 2527 3803 fina
2555 3746 2827 3806 "Traumnovelle”
2855 3749 2904 3809 och
2932 3748 2981 3808 ro¬

2236 3784 2336 3844 manen
2369 3785 2539 3845 ”Therese”
2568 3786 2579 3846 —
2625 3791 2701 3851 hans
2722 3794 2795 3854 sista
2819 3794 2920 3854 arbete
2945 3794 2956 3854 —

2235 3830 2286 3890 där
2313 3832 2364 3892 han
2399 3833 2459 3893 med
2494 3834 2571 3894 stilla
2601 3836 2652 3896 och
2679 3836 2846 3896 medlidsam
2890 3839 2980 3899 skep-

2240 3875 2271 3935 sis
2294 3876 2426 3936 sklidrar
2450 3878 2476 3938 en
2504 3881 2658 3941 obetydlig
2682 3884 2873 3944 guvernants
2892 3885 2978 3945 trista

2234 3918 2286 3978 väg
2312 3920 2408 3980 genom
2447 3923 2538 3983 livet.

2272 3964 2338 4024 Med
2370 3967 2413 4027 sin
2449 3969 2590 4029 förnäma
2622 3970 2781 4030 stilkonst,
2808 3973 2860 4033 sitt
2887 3973 2980 4033 skep-

2230 4012 2457 4072 tiskt-ironiska
2486 4014 2576 4074 behov
2604 4015 2649 4075 att
2672 4015 2763 4075 sticka
2791 4017 2841 4077 hál
2864 4020 2895 4080 på
2923 4018 2977 4078 all-

2236 4055 2322 4115 sköns
2354 4057 2528 4117 glänsande
2564 4060 2774 4120 säpbubblor,
2806 4063 2847 4123 sin
2889 4063 2975 4123 elaka

2227 4102 2265 4162 lek
2304 4102 2366 4162 med
2410 4104 2578 4164 högtidliga
2627 4105 2863 4165 moralbegrepp
2916 4108 2968 4168 och

2226 4146 2398 4206 sanningar
2436 4146 2545 4206 tillhör
2582 4149 2756 4209 Schnitzler
2797 4150 2975 4210 nittotalets

2225 4191 2276 4251 och
2311 4191 2526 4251 sekelskiftets
2553 4191 2711 4251 tidevarv,
2733 4194 2789 4254 där
2820 4195 2875 4255 han
2910 4194 2974 4254 står

2227 4230 2270 4290 vid
2300 4235 2382 4295 sidan
2417 4237 2451 4297 av
2481 4238 2653 4298 författare
2684 4237 2727 4297 som
2770 4240 2795 4300 t.
2817 4239 2869 4299 ex.
2891 4240 2972 4300 Ana-
