3344 4320
213 264 308 324 2.
367 267 952 327 Schnitzler's
1031 267 1251 327 Death

368 1323 423 1383 O

528 1446 638 1506 aee
752 1390 1040 1450 vollee

840 1678 946 1738 Ehr
971 1663 1089 1723 Blatt,
1102 1648 1161 1708 die

883 1833 983 1893 22.
1002 1824 1131 1884 0KT.
1152 1814 1251 1874 1937

446 1966 524 2026 Zum
585 1975 793 2035 Ableben
834 1980 982 2040 Artur
1013 1987 1290 2047 Schnitzlers

611 2037 675 2097 Von
712 2041 888 2101 Johannes
918 2049 1130 2109 Mumbauer.

545 2098 616 2158 Eine
646 2105 881 2165 ausgezeichnete
906 2111 1088 2171 Würdigung
1122 2113 1170 2173 des
1194 2118 1299 2178 gestern

503 2139 688 2199 unerwartet
711 2142 910 2202 verstorbenen
937 2148 1052 2208 Wiener
1079 2153 1207 2213 Dichters
1234 2156 1304 2216 lesen

510 2176 562 2236 wir
582 2178 605 2238 im
644 2178 758 2238 kürzlich
788 2184 979 2244 erschienenen
1008 2189 1089 2249 ersten
1119 2193 1200 2253 Band
1229 2196 1305 2256 „Die

503 2216 625 2276 deutsche
650 2218 792 2278 Dichtung
817 2222 866 2282 der
886 2225 1013 2285 nauesten
1043 2228 1140 2288 Zeit“.
1156 2228 1214 2288 Von
1244 2230 1302 2290 Jo¬

501 2252 613 2312 hannes
646 2257 847 2317 Mumbauer.
880 2264 997 2324 (Verlag
1030 2266 1141 2326 Herder
1175 2267 1202 2327 u.
1231 2273 1310 2333 Cie.,

499 2291 642 2351 Freiburg
668 2296 692 2356 im
737 2297 914 2357 Breisgau.)
935 2302 999 2362 Das
1024 2305 1098 2365 Buch
1128 2306 1217 2366 haben
1247 2309 1300 2369 wir

500 2330 522 2390 in
554 2331 667 2391 unserem
704 2336 804 2396 Blatte
827 2336 895 2396 schon
923 2342 1100 2402 ausführlich
1123 2346 1304 2406 besprochen.

497 2372 538 2432 Im
579 2372 802 2432 nachfolgenden
834 2377 952 2437 bringen
989 2381 1038 2441 wir
1066 2383 1143 2443 einen
1180 2387 1298 2447 Auszug

488 2406 543 2466 aus
575 2408 625 2468 der
662 2411 813 2471 ungemein
854 2416 945 2476 klaren
987 2418 1041 2478 und
1079 2423 1288 2483 anschaulichen

495 2445 677 2505 Darstellung
711 2452 761 2512 des
794 2455 1014 2515 Lebenswerkes
1047 2461 1233 2521 Schnitzlers.

976 2497 1038 2557 (Die
1065 2500 1258 2560 Redaktion.)

465 2543 638 2603 Schnitzler
679 2545 713 2605 ist
742 2550 846 2610 Jude,
876 2554 1008 2614 äußerst
1032 2557 1193 2617 bewußter
1229 2562 1286 2622 und

418 2591 564 2651 betonter
597 2596 706 2656 Jude,
755 2598 814 2658 und
853 2601 950 2661 daher
984 2608 1212 2668 analytischer,
1240 2608 1293 2668 re¬

421 2640 610 2700 flektierter,
627 2643 876 2703 absichtsvoller;
898 2649 925 2709 er
948 2651 985 2711 ist
1007 2654 1083 2714 Arzt
1105 2655 1164 2715 und
1192 2657 1288 2717 daher

424 2688 605 2748 skeptischer,
622 2691 742 2751 spitzer,
759 2697 906 2757 schärfer,
924 2700 1100 2760 sachlicher;
1118 2701 1151 2761 er
1174 2703 1208 2763 ist
1231 2706 1281 2766 vor

414 2735 493 2795 allem
531 2739 678 2799 Wiener,
696 2742 806 2802 freilich
833 2744 859 2804 in
892 2747 975 2807 einer
998 2750 1183 2810 besonderen
1215 2755 1278 2815 Art

414 2784 474 2844 und
514 2787 607 2847 daher
641 2793 846 2853 nachgiebig,
874 2797 1023 2857 reizsam,
1051 2799 1106 2859 fast
1140 2802 1283 2862 blasiert,

414 2832 445 2892 an
483 2835 530 2895 sich
562 2835 646 2895 selbst
673 2838 836 2898 zweifelnd
869 2841 932 2901 und
964 2845 1201 2905 verzweifelnd,
1223 2851 1280 2911 zur

414 2882 728 2942 Selbstverspottung
761 2886 820 2946 und
853 2893 1178 2953 Selbstherabsetzung
1211 2897 1281 2957 nei¬

408 2930 487 2990 gend
520 2930 535 2990 -

590 2934 728 2994 niemals
762 2937 921 2997 eigentlich
955 2941 1054 3001 jung,
1077 2944 1193 3004 immer
1226 2946 1270 3006 sich

409 2978 495 3038 selbst
539 2981 771 3041 beobachtend,
815 2988 933 3048 immer
966 2990 1161 3050 „befangen“
1221 2993 1258 3053 (im

408 3028 581 3088 Gegensatz
610 3031 636 3091 zu
675 3035 919 3095 unbefangen):

437 3093 475 3153 In
509 3091 561 3151 uns
586 3092 628 3152 zog
658 3093 705 3153 nie
729 3093 767 3153 ein
797 3098 1036 3158 Selbstvergessen
1065 3101 1127 3161 ein,

435 3130 487 3190 und
526 3132 612 3192 unsre
641 3134 712 3194 Lust
742 3136 794 3196 hat
823 3139 952 3199 niemals
986 3139 1043 3199 uns
1077 3144 1259 3204 entgeistert.

402 3187 445 3247 So
478 3192 515 3252 ist
543 3193 591 3253 ihm
635 3194 694 3254 das
727 3198 910 3258 begeisterte
938 3201 1002 3261 und
1058 3205 1267 3265 begeisternde

402 3240 525 3300 Pathos
556 3241 607 3301 des
644 3244 793 3304 Sängers
829 3246 891 3306 und
922 3249 1045 3309 Sehers
1077 3251 1194 3311 fremd,
1231 3253 1261 3313 er

403 3288 490 3348 spielt
513 3288 584 3348 kühl
601 3290 767 3350 überlegen
801 3292 856 3352 mit
878 3293 927 3353 den
956 3297 1105 3357 Dingen,
1122 3299 1193 3359 statt
1216 3302 1260 3362 sich

392 3334 443 3394 von
475 3336 568 3396 ihnen
600 3339 740 3399 bewegen
772 3341 803 3401 zu
835 3342 949 3402 lassen.
970 3346 1183 3406 Bezeichnend
1210 3348 1261 3408 für

395 3384 441 3444 ihn
483 3384 518 3444 ist
550 3384 595 3444 die
627 3388 854 3448 Bemerkung:
880 3394 1194 3454 „Sentimentalität
1226 3399 1261 3459 ist

392 3432 482 3492 unter
509 3432 604 3492 Preis
626 3438 832 3498 erhandeltes
859 3440 1007 3500 Gefühl.“
1034 3444 1214 3504 Fürwahr,
1230 3447 1261 3507 er

387 3482 620 3542 verschwendet
652 3483 710 3543 kein
753 3486 896 3546 Gefühl,
918 3487 949 3547 er
988 3488 1050 3548 setzt
1083 3492 1167 3552 nicht
1200 3496 1252 3556 sein

390 3527 500 3587 Letztes
533 3529 590 3589 für
622 3530 669 3590 die
701 3531 769 3591 noch
807 3534 833 3594 so
865 3536 986 3596 schönen
1023 3541 1160 3601 Gefühle
1192 3543 1260 3603 ein,

390 3576 441 3636 das
473 3577 565 3637 Ende
592 3578 628 3638 ist
659 3580 772 3640 immer
804 3583 861 3643 das
898 3586 1011 3646 ratlose
1043 3588 1250 3648 Achselzucken

387 3626 438 3686 der
464 3626 588 3686 Skepsis
609 3629 671 3689 und
697 3629 748 3689 der
775 3635 1002 3695 Resignation.
1024 3637 1080 3697 Die
1101 3639 1256 3699 gelassene

382 3673 556 3733 Heiterkeit
577 3674 629 3734 des
657 3679 915 3739 österreichischen
942 3685 1248 3745 Menschenschlages

382 3723 498 3783 machte
530 3723 577 3783 ihn
620 3722 672 3782 zum
721 3728 932 3788 feinfühligen
969 3733 1149 3793 Aufspürer
1181 3733 1255 3793 sub¬

379 3772 497 3832 tilster,
513 3772 782 3832 eindrucksmäßig
809 3777 870 3837 und
892 3781 1046 3841 tändelnd
1068 3782 1248 3842 genossener

381 3820 662 3880 Seelenregungen
693 3826 738 3886 oft
759 3829 950 3889 anormaler
975 3831 1051 3891 Art,
1072 3832 1116 3892 die
1142 3835 1247 3895 weiche

1483 264 1613 324 box
1684 266 1878 326 42/6

1355 1957 1487 2017 Wiener
1515 1957 1587 2017 Luft
1615 1962 1731 2022 machte
1759 1965 1803 2025 ihn
1837 1967 1891 2027 zum
1936 1972 2213 2032 ausgeprägtesten

1355 2005 1497 2065 Erotiker
1529 2005 1576 2065 des
1608 2011 1941 2071 Impressionismus,
1963 2017 2015 2077 der
2042 2019 2120 2079 allen
2152 2020 2215 2080 Ab¬

1352 2053 1595 2113 schattierungen
1637 2055 1694 2115 und
1731 2061 1985 2121 Verkleidungen
2027 2066 2073 2126 des
2111 2069 2214 2129 Sexus

1353 2098 1411 2158 mit
1430 2100 1594 2160 Inbrunst
1612 2104 1777 2164 nachgeht.
1795 2107 1847 2167 Als
1871 2112 2095 2172 leichtfertiges
2119 2116 2212 2176 Spiel

1353 2145 1551 2205 verscherzter
1584 2150 1733 2210 Stunden
1772 2157 1910 2217 beginnt
1938 2160 1987 2220 die
2016 2163 2131 2223 Erotik
2159 2167 2214 2227 ge¬

1351 2196 1520 2256 wöhnlich,
1547 2199 1582 2259 um
1629 2201 1731 2261 dann,
1758 2204 1845 2264 wenn
1886 2207 1932 2267 die
1964 2211 2092 2271 elenden
2128 2213 2210 2273 Ver¬

1354 2243 1454 2303 führer
1492 2244 1555 2304 und
1587 2246 1698 2306 armen
1736 2252 1943 2312 Betrogenen
1985 2258 2032 2318 die
2070 2261 2213 2321 Leerheit

1349 2291 1396 2351 der
1423 2291 1481 2351 fast
1503 2291 1613 2351 immer
1640 2297 1783 2357 unechten
1816 2302 1905 2362 Liebe
1932 2306 1989 2366 und
2017 2306 2106 2366 ihrer
2128 2308 2212 2368 sinn¬

1342 2339 1421 2399 losen
1474 2341 1659 2401 Abenteuer
1707 2348 1881 2408 erkennen,
1939 2352 1970 2412 in
2045 2354 2203 2414 trostloser

1344 2390 1558 2450 Melancholie
1581 2392 1653 2452 oder
1676 2393 1763 2453 tiefer
1786 2399 2024 2459 Verzweiflung
2052 2402 2079 2462 zu
2107 2405 2195 2465 enden

1394 2434 1445 2494 der
1468 2437 1638 2497 Bodensatz
1656 2440 1695 2500 ist
1719 2442 1854 2502 bitterste
1872 2450 2128 2510 Enttäuschung.
2151 2453 2207 2513 Die

1341 2485 1499 2545 liebenden
1532 2487 1680 2547 Männer
1707 2490 1764 2550 sind
1796 2496 1939 2556 meistens
1971 2500 2135 2560 elegante,
2156 2500 2203 2560 ge¬

1339 2533 1461 2593 fällige,
1478 2534 1711 2594 oberflächliche
1734 2541 1889 2601 Genießer
1912 2544 1973 2604 aus
1996 2548 2206 2608 wohlhaben¬

1335 2579 1383 2639 den
1422 2580 1546 2640 Kreisen
1585 2585 1644 2645 mit
1672 2586 1753 2646 recht
1780 2589 1878 2649 vielen
1916 2594 2101 2654 Geliebten,
2128 2598 2198 2658 aber

1337 2628 1413 2688 ohne
1436 2629 1480 2689 die
1502 2632 1668 2692 Fähigkeit
1692 2634 1741 2694 zur
1763 2636 1857 2696 echten
1886 2640 1973 2700 Liebe
2002 2642 2057 2702 und
2085 2646 2184 2706 darum

1328 2676 1365 2736 am
1431 2678 1577 2738 Schlusse
1621 2682 1783 2742 jedesmal
1827 2688 1985 2748 trübselig
2039 2694 2201 2754 verzehrt;

1335 2725 1518 2785 Schnitzlers
1546 2730 1670 2790 Frauen
1698 2732 1827 2792 dagegen
1860 2737 1920 2797 sind
1942 2739 2017 2799 echte
2039 2740 2195 2800 Liebende

1329 2772 1390 2832 mit
1437 2777 1675 2837 wahrhaftigem
1722 2783 1866 2843 Pathos,
1913 2787 1996 2847 aber
2048 2790 2104 2850 von
2146 2789 2197 2849 er¬

1330 2823 1527 2883 schreckender
1579 2824 1708 2884 innerer
1759 2832 2008 2892 Maßlosigkeit,
2048 2838 2098 2898 die
2150 2838 2189 2898 sie

1328 2870 1495 2930 immerhin
1528 2872 1592 2932 noch
1620 2873 1695 2933 über
1723 2875 1765 2935 die
1788 2879 1901 2939 innere
1923 2884 2079 2944 Halbheit
2101 2885 2187 2945 ihrer

1324 2921 1518 2981 männlichen
1551 2922 1692 2982 Partner
1714 2924 1821 2984 erhebt
1838 2926 1848 2986 —
1898 2929 1952 2989 das
1974 2933 2087 2993 Ganze
2109 2935 2184 2995 wird

1325 2966 1405 3026 dann
1444 2969 1514 3029 eben
1552 2972 1752 3032 „Liebelei",
1775 2974 1834 3034 wie
1867 2975 1910 3035 ein
1953 2979 2007 3039 vom
2057 2981 2185 3041 Dichter

1326 3017 1499 3077 gewählter
1529 3019 1615 3079 Titel
1645 3019 1778 3079 treffend
1813 3025 1940 3085 besagt.
1964 3028 2032 3088 Und
2069 3030 2091 3090 so
2126 3032 2183 3092 wie

1321 3062 1369 3122 die
1392 3064 1548 3124 einzelnen
1587 3065 1640 3125 von
1673 3068 1721 3128 ihm
1765 3072 1970 3132 behandelten
2004 3076 2176 3136 Liebeleien

1317 3111 1378 3171 mit
1400 3112 1455 3172 den
1489 3115 1650 3175 obligaten
1684 3118 1884 3178 Ehebrüchen
1923 3124 2106 3184 verlaufen,

1316 3160 1502 3220 entwickelte
1554 3162 1604 3222 sich
1656 3165 1729 3225 auch
1764 3167 1814 3227 des
1849 3170 1995 3230 Dichters
2030 3173 2097 3233 Art
2126 3175 2176 3235 der

1317 3211 1687 3271 Stimmungsmalerei:
1704 3214 1848 3274 anfangs
1876 3219 1958 3279 malt
1981 3220 2008 3280 er
2036 3222 2097 3282 mit
2119 3223 2168 3283 den

1311 3258 1467 3318 graziösen
1503 3260 1613 3320 Linien
1648 3260 1706 3320 und
1741 3264 1932 3324 Schnörkeln
1968 3270 2159 3330 kapriziösen

1315 3306 1412 3366 feinen
1445 3306 1580 3366 Spottes
1613 3309 1672 3369 und
1705 3309 1758 3369 mit
1781 3312 1872 3372 lustig
1905 3317 1997 3377 hellen
2035 3318 2164 3378 Lichtern

1313 3354 1519 3414 unbesorgten
1541 3355 1689 3415 Spieles,
1705 3359 1805 3419 später
1832 3360 1906 3420 aber
1933 3365 1990 3425 mit
2007 3366 2054 3426 den
2081 3368 2176 3428 dunk¬

1305 3400 1373 3460 len,
1390 3405 1580 3465 schattenden
1607 3405 1728 3465 Farben
1755 3411 2020 3471 melancholischer
2031 3416 2173 3476 Schwer¬

1311 3450 1393 3510 mut.
1435 3453 1501 3513 Aus
1543 3453 1640 3513 seiner
1682 3455 1738 3515 vom
1780 3458 1970 3518 Wienertum
2012 3465 2171 3525 bestimm¬

1302 3497 1346 3557 ten
1402 3498 1716 3558 impressionistischen
1772 3508 2031 3568 Grundhaltung
2082 3515 2170 3575 folgt

1301 3545 1368 3605 eine
1399 3548 1694 3608 Eigentümlichkeit
1720 3551 1813 3611 seines
1844 3556 1958 3616 immer
1990 3560 2170 3620 eleganten,

1300 3596 1511 3656 anmutigen,
1527 3598 1658 3658 heiteren
1689 3599 1814 3659 Stiles:
1835 3603 1886 3663 von
1921 3607 2037 3667 einigen
2068 3608 2168 3668 weni¬

1300 3645 1376 3705 gen,
1393 3646 1485 3706 etwas
1511 3647 1799 3707 umfangreicheren
1826 3652 1954 3712 Stücken
1980 3658 2165 3718 abgesehen,

1298 3691 1392 3751 haben
1441 3694 1503 3754 fast
1530 3692 1588 3752 alle
1615 3693 1720 3753 Werke
1747 3698 1942 3758 Schnitzlers
1974 3705 2159 3765 Miniatur¬

1301 3739 1433 3799 format,
1456 3742 1538 3802 seine
1561 3743 1787 3803 Erzählungen
1821 3746 1882 3806 sind
1916 3751 2003 3811 meist
2032 3754 2158 3814 skizzen¬

1295 3790 1382 3850 haft,
1405 3790 1482 3850 seine
1511 3791 1743 3851 Bühnenstücke
1771 3796 1876 3856 kurze,
1898 3799 2031 3859 ziemlich
2065 3802 2158 3862 locker

1286 3839 1418 3899 gefügte
1461 3841 1720 3901 Szenenfolgen,
1758 3847 1970 3907 dramatische
2013 3852 2157 3912 Dialoge

2260 1976 2319 2036 und
2358 1981 2519 2041 Einfälle;
2575 1985 2623 2045 die
2656 1990 2996 2050 Gesamtkonstruktion
3040 1996 3115 2056 wird

2263 2025 2517 2085 vernachlässigt,
2535 2033 2671 2093 dagegen
2702 2034 2778 2094 aller
2802 2037 2973 2097 Nachdruck
2998 2042 3050 2102 auf
3075 2041 3121 2101 die

2263 2073 2416 2133 wirksame
2452 2078 2665 2138 Verdichtung
2701 2081 2754 2141 der
2790 2086 2950 2146 einzelnen
2992 2091 3109 2151 Szenen

2262 2121 2315 2181 und
2352 2122 2400 2182 dem
2443 2124 2539 2184 Leben
2576 2129 2805 2189 abgelauschten
2842 2134 2926 2194 Züge
2951 2138 3071 2198 gelegt,
3090 2140 3113 2200 so

2259 2169 2308 2229 daß
2341 2170 2396 2230 der
2425 2172 2602 2232 Zuschauer
2636 2177 2690 2237 und
2724 2178 2813 2238 Leser
2863 2183 2912 2243 die
2958 2187 3118 2247 vorüber¬

2257 2219 2434 2279 huschenden
2467 2221 2638 2281 Eindrücke
2657 2225 2768 2285 ebenso
2793 2228 2916 2288 flüchtig
2941 2234 3113 2294 empfindet

2255 2264 2306 2324 wie
2336 2264 2382 2324 die
2411 2270 2608 2330 „dramatis
2632 2275 2823 2335 personae“
2853 2276 2921 2336 ihre
2945 2279 3118 2339 Sensatio¬

2249 2312 2325 2372 nen.
2373 2317 2468 2377 Diese
2498 2321 2735 2381 dialogisierten
2771 2324 2942 2384 Novellen,
2991 2330 3108 2390 kleinen

2252 2363 2470 2423 dramatischen
2507 2369 2755 2429 Erzählungen,
2779 2372 2921 2432 meistens
2951 2378 3116 2438 Einakter,

2249 2410 2332 2470 reiht
2356 2412 2534 2472 Schnitzler
2570 2415 2630 2475 mit
2654 2419 2808 2479 Vorliobe
2844 2421 2874 2481 zu
2904 2424 3017 2484 Zyklen
3053 2427 3111 2487 an¬

2252 2458 2416 2518 einander.
2440 2458 2490 2518 So
2525 2463 2604 2523 wird
2645 2464 2696 2524 das
2736 2467 2793 2527 von
2827 2470 2941 2530 halben
2981 2473 3112 2533 Leiden¬

2254 2506 2373 2566 schaften
2404 2508 2488 2568 sanft
2519 2512 2717 2572 durchwogte
2742 2518 2838 2578 Leben
2874 2518 2929 2578 von
2959 2521 3097 2581 zwischen

2245 2554 2424 2614 Lebenslust
2442 2557 2499 2617 und
2523 2561 2819 2621 Todesbangigkeit
2837 2569 3103 2629 verschwimmen¬

2245 2602 2295 2662 den
2330 2605 2561 2665 Stimmungen
2601 2611 2708 2671 laulich
2748 2612 2906 2672 umspült,
2929 2617 2991 2677 und
3025 2619 3092 2679 man

2244 2649 2314 2709 weiß
2345 2652 2427 2712 nicht
2446 2654 2546 2714 recht,
2558 2656 2623 2716 was
2647 2659 2748 2719 Ernst
2766 2661 2824 2721 und
2855 2662 2919 2722 was
2950 2664 3097 2724 „Mimik“

2241 2700 2290 2760 ist.
2316 2697 2379 2757 Die
2411 2701 2593 2761 eigentliche
2626 2708 2801 2768 Wahrheit
2827 2712 2902 2772 läßt
2928 2714 3097 2774 Schnitzler

2238 2747 2391 2807 vielleicht
2416 2750 2514 2810 seinen
2552 2757 2786 2817 „Paracelsus"
2811 2760 2921 2820 sagen:

2323 2817 2379 2877 Mit
2402 2824 2646 2884 Menschenseelen
2674 2829 2759 2889 spiele
2782 2829 2832 2889 ich.
2856 2830 2906 2890 Ein
2935 2833 3008 2893 Sinn

2263 2857 2328 2917 wird
2361 2858 2417 2918 nur
2445 2859 2496 2919 von
2529 2861 2575 2921 dem
2623 2867 2781 2927 gefunden,
2800 2868 2851 2928 der
2880 2870 2921 2930 ihn
2954 2873 3038 2933 sucht.

2260 2897 2298 2957 Es
2327 2897 2427 2957 fließen
2466 2901 2643 2961 ineinander
2673 2905 2773 2965 Traum
2817 2908 2869 2968 und
2904 2911 3042 2971 Wachen,

2260 2936 2411 2996 Wahrheit
2432 2938 2487 2998 und
2518 2939 2593 2999 Lüge
2624 2942 2791 3002 Sicherheit
2812 2945 2842 3005 ist
2868 2948 3019 3008 nirgends.

2257 2973 2319 3033 Wir
2343 2972 2429 3032 wissen
2463 2978 2554 3038 nichts
2578 2979 2631 3039 von
2660 2981 2785 3041 andern,
2804 2985 2895 3045 nichts
2920 2987 2972 3047 von
3001 2990 3073 3050 uns.

2259 3014 2513 3074 Wirspielen
2536 3020 2698 3080 immer;
2716 3022 2773 3082 wer
2791 3025 2819 3085 es
2843 3026 2929 3086 weiß,
2941 3027 2975 3087 ist
2993 3029 3067 3089 klug.

2271 3079 2341 3139 Das
2361 3086 2579 3146 Dramatische
2599 3091 2721 3151 nimmt
2741 3091 2759 3151 in
2792 3094 2978 3154 Schnitzlers
2998 3097 3087 3157 Werk

2227 3130 2309 3190 zwar
2338 3133 2392 3193 den
2426 3135 2586 3195 breitesten
2625 3138 2719 3198 Raum
2764 3141 2829 3201 ein,
2874 3143 2901 3203 im
2946 3146 3084 3206 Grunde

2228 3177 2298 3237 aber
2322 3179 2363 3239 ist
2381 3178 2411 3238 er
2441 3184 2618 3244 Erzähler,
2636 3187 2694 3247 und
2724 3188 2795 3248 auch
2825 3192 2901 3252 seine
2926 3194 3084 3254 Bühnen¬

2225 3226 2309 3286 stücke
2343 3229 2422 3289 sind,
2451 3230 2512 3290 wie
2547 3233 2614 3293 man
2660 3234 2716 3294 mit
2750 3238 2846 3298 Recht
2874 3241 2981 3301 gesagt
3016 3244 3083 3304 hat,

2220 3274 2375 3334 eigentlich
2410 3280 2643 3340 dramatisierte
2671 3282 2744 3342 oder
2772 3286 2989 3346 dialogisierte
3017 3290 3083 3350 No¬

2226 3324 2335 3384 vellen.
2364 3327 2407 3387 In
2452 3327 2508 3387 der
2542 3328 2607 3388 Tat
2641 3328 2712 3388 weiß
2757 3331 2790 3391 er
2824 3333 3001 3393 bestrickend
3040 3339 3073 3399 zu

2222 3372 2380 3432 erzählen,
2397 3375 2454 3435 mit
2476 3376 2549 3436 allem
2587 3377 2714 3437 Wiener
2735 3381 2856 3441 Scharm
2899 3384 2957 3444 und
2984 3387 3073 3447 unter

2215 3420 2299 3480 einem
2348 3423 2469 3483 leichten
2507 3425 2628 3485 weichen
2666 3428 2803 3488 Schleier
2835 3430 2893 3490 von
2926 3433 3079 3493 Wehmut

2214 3467 2273 3527 und
2301 3473 2750 3533 Vergänglichkeitsahnung,
2773 3476 2826 3536 von
2859 3477 2907 3537 dem
2951 3480 2994 3540 sich
3027 3482 3070 3542 die

2218 3516 2267 3576 tief
2289 3518 2466 3578 innerliche
2495 3521 2677 3581 Frivolität
2705 3523 2733 3583 so
2761 3525 2911 3585 prickelnd
2945 3528 3071 3588 abhebt;

2213 3566 2377 3626 immerhin
2414 3568 2504 3628 wirkt
2531 3569 2584 3629 das
2616 3570 2679 3630 nur
2707 3572 2738 3632 zu
2775 3573 2902 3633 Lesende
2934 3577 3014 3637 nicht
3041 3578 3066 3638 so

2213 3614 2355 3674 schamlos
2387 3614 2439 3674 wie
2466 3616 2513 3676 die
2540 3619 2624 3679 durch
2656 3618 2703 3678 die
2725 3622 2962 3682 Bühnengesten
2994 3625 3062 3685 ver¬

2207 3662 2370 3722 gröberten
2403 3664 2681 3724 Entblößungen.
2704 3667 2785 3727 Auch
2818 3669 2883 3729 hier
2911 3673 2992 3733 liegt
3020 3672 3068 3732 der

2206 3708 2281 3768 Reiz
2303 3707 2329 3767 in
2368 3712 2416 3772 den
2450 3713 2552 3773 feinen
2585 3715 2883 3775 Abschattierungen
2916 3721 2974 3781 und
3008 3721 3066 3781 fast

2202 3757 2424 3817 unmerklichen
2467 3761 2699 3821 Übergängen,
2731 3765 2778 3825 die
2821 3767 2895 3827 alles
2953 3770 3064 3830 zumal

2204 3805 2272 3865 nach
2304 3805 2357 3865 der
2390 3808 2590 3868 moralischen
2628 3812 2739 3872 Seite,
2760 3814 2786 3874 in
2824 3814 2881 3874 der
2909 3817 3056 3877 Schwebe

2200 3853 2312 3913 lassen,
2330 3854 2377 3914 die
2402 3859 2490 3919 selbst
2514 3859 2573 3919 mit
2597 3860 2650 3920 dem
2692 3860 2756 3920 Tod
2787 3865 2958 3925 kokettieren
2994 3868 3053 3928 und

3172 1999 3219 2059 den
3255 1999 3289 2059 Le

3169 2043 3297 2103 skeptisch

3164 2094 3233 2154 eine
3253 2097 3296 2157 sel

3166 2142 3221 2202 der
3249 2142 3263 2202 M

3163 2190 3266 2250 kannt

3168 2238 3257 2298 große

3114 3495 3211 3555 gegen

3118 3541 3212 3601 haber

3116 3587 3165 3647 daß
3211 3589 3222 3649 d

3116 3638 3196 3698 war,
3218 3638 3228 3698 d

3107 3685 3223 3745 Schme

3108 3736 3246 3796 entgang

3107 3782 3166 3842 sind
3198 3779 3258 3839 sein

3109 3832 3251 3892 Traum!
