3392 4256
184 288 209 348 2

2209 249 2430 309 Ausschnitt
2457 252 2544 312 aus:

2568 297 2617 357 Die
2632 290 2752 350 Lühne,
2767 286 2844 346 Wien

323 289 911 349 Schnitzler's
979 296 1210 356 Deatl

1412 294 1547 354 box
1630 301 1871 361 43/15

2210 464 2317 524 vom:

2553 479 2632 539 F3

2027 922 2111 982 Reich
2145 924 2199 984 und
2234 924 2280 984 die
2306 922 2433 982 geliebte
2459 924 2560 984 Stadt,
2581 924 2653 984 diese
2683 924 2793 984 sichere

2031 962 2200 1022 Grundlage
2233 962 2325 1022 seiner
2358 962 2499 1022 Echtheit
2528 962 2584 1022 und
2617 962 2790 1022 Volkstüm¬

2027 1000 2165 1060 lichkeit;
2190 1001 2263 1061 dazu
2301 999 2354 1059 der
2383 998 2456 1058 noch
2490 999 2690 1059 herrschende
2719 1001 2784 1061 Sinn

599 1027 1061 1087 Jedenken
1166 1029 1250 1089 an
1338 1028 1852 1088 Schnitzler

2028 1040 2073 1100 für
2103 1040 2153 1100 das
2183 1040 2401 1100 Menschliche,
2427 1040 2561 1100 Neugier
2595 1038 2645 1098 und
2679 1040 2788 1100 Freude

2032 1079 2120 1139 vieler
2153 1077 2322 1137 angesichts
2351 1076 2403 1136 des
2432 1076 2606 1136 Geistigen;
2630 1078 2792 1138 besonders

2031 1118 2089 1178 aber
2115 1118 2157 1178 die
2182 1118 2300 1178 übliche
2329 1118 2489 1178 Achtung,
2507 1118 2548 1178 die
2574 1118 2712 1178 Achtung
2742 1115 2788 1175 der

944 1148 1025 1208 Von
1064 1150 1249 1210 Heinrich
1295 1150 1428 1210 Mann

2031 1153 2233 1213 Zeitgenossen
2298 1154 2354 1214 vor
2407 1154 2460 1214 dem
2537 1153 2712 1213 Schaffen,
2740 1153 2792 1213 der

2027 1192 2188 1252 Künstler:
2240 1192 2310 1252 alles
2366 1192 2535 1252 zusammen
2579 1192 2681 1252 verlieh
2724 1193 2775 1253 dem

2031 1231 2326 1291 Ausgezeichneten,
2375 1231 2590 1291 Begünstigten
2635 1233 2695 1293 eine
2736 1231 2788 1291 Le-

2027 1270 2172 1330 bensfülle
2199 1272 2438 1332 ohnegleichen.

584 1273 662 1333 Diese
691 1273 765 1333 Rede
795 1271 865 1331 hielt
891 1273 1027 1333 Heinrich
1060 1273 1147 1333 Mann

1215 1276 1336 1336 grüßten
1374 1276 1533 1336 einander.
1558 1276 1604 1336 Sie
1638 1273 1763 1333 grüßten
1802 1273 1873 1333 auch
1915 1276 1981 1336 ihn,

2067 1309 2101 1369 Er
2136 1311 2227 1371 liebte
2266 1312 2318 1372 den
2357 1309 2448 1369 Ruhm
2500 1309 2560 1369 und
2600 1309 2690 1369 genoß
2734 1309 2798 1369 ihn.

543 1309 591 1369 bei
623 1312 670 1372 der
707 1312 969 1372 Schnitzler-Feier
1002 1312 1049 1372 der
1085 1312 1157 1372 Ber¬

1210 1314 1290 1374 seine
1319 1314 1403 1374 Stadt
1428 1312 1537 1372 kannte
1566 1312 1634 1372 ihn.
1659 1312 1755 1372 Durch
1788 1312 1832 1372 die
1865 1312 1970 1372 Maria¬

2028 1348 2088 1408 Man
2126 1347 2190 1407 muß
2228 1347 2276 1407 ihn
2313 1347 2431 1407 gesehen
2465 1347 2578 1407 haben,
2603 1344 2652 1404 wie
2685 1345 2713 1405 er
2742 1346 2795 1406 aus

1211 1350 1397 1410 hilferstraße
1427 1351 1496 1411 fuhr
1531 1350 1578 1410 der
1609 1350 1665 1410 alte
1696 1350 1795 1410 Kaiser
1826 1350 1851 1410 im
1900 1349 1973 1409 offe-

542 1350 614 1410 liner
644 1350 874 1410 Staatstheater.

2031 1384 2121 1444 seiner
2145 1386 2220 1446 Loge
2248 1386 2298 1446 auf
2318 1386 2361 1446 die
2389 1386 2491 1446 Bühne
2515 1386 2640 1446 stürzte,
2665 1386 2696 1446 um
2735 1386 2786 1446 den

1214 1390 1265 1450 nen
1305 1389 1517 1449 Zwcispänner
1556 1389 1611 1449 und
1651 1389 1729 1449 ohne
1777 1389 1831 1449 sich
1883 1389 1973 1449 anzu¬

2029 1425 2135 1485 Beifall
2158 1425 2179 1485 in
2211 1426 2357 1486 Empfang
2389 1425 2420 1485 zu
2451 1425 2593 1485 nehmen.
2616 1425 2678 1485 Sein
2709 1425 2784 1485 Blick

1215 1428 1335 1488 lehnen.
1356 1428 1408 1488 Die
1437 1428 1594 1488 wehenden
1627 1428 1752 1488 Federn,
1773 1428 1817 1488 die
1846 1430 1970 1490 schmale

477 1440 559 1500 ndere
601 1437 679 1497 Tote
721 1439 945 1499 hinterlassen,
968 1440 1020 1500 den
1077 1438 1151 1498 noch

2031 1460 2087 1520 war
2136 1464 2298 1524 entrückt.
2363 1464 2436 1524 „Ein
2505 1461 2569 1521 sehr
2623 1464 2788 1524 bekannter

1211 1467 1406 1527 Rückenlinie
1458 1467 1484 1527 im
1553 1467 1718 1527 hellblauen
1762 1467 1861 1527 Tuch,
1905 1465 1956 1525 dem

485 1477 635 1537 Lebenden
687 1477 738 1537 den
794 1479 939 1539 Eindruck
991 1476 1042 1536 des
1086 1476 1161 1536 Ver-

2027 1502 2126 1562 Autor
2149 1498 2198 1558 —“
2225 1503 2305 1563 sagte
2332 1503 2358 1563 er
2385 1502 2461 1562 einst
2488 1500 2511 1560 in
2542 1500 2655 1560 seinen.
2675 1503 2785 1563 Garten

1220 1506 1288 1566 Volk
1323 1506 1413 1566 waren
1444 1506 1482 1566 sie
1513 1506 1664 1566 vertraut,
1687 1504 1713 1564 es
1740 1504 1850 1564 winkte
1881 1506 1964 1566 ihnen

481 1514 781 1574 chrungswürdigen,
802 1515 852 1575 der
876 1514 995 1574 Größe,
1015 1514 1153 1574 zuweilen

2031 1539 2083 1599 und
2124 1539 2252 1599 wendete
2289 1541 2378 1601 dabei
2406 1541 2450 1601 die
2483 1541 2555 1601 Stirn
2596 1539 2665 1599 nach
2701 1538 2794 1598 oben,

1211 1544 1300 1604 nach.
1325 1544 1406 1604 Aber
1439 1544 1508 1604 auch
1550 1544 1603 1604 den
1640 1544 1770 1604 Dichter
1804 1542 1852 1602 der
1889 1544 1974 1604 Stadt

386 1553 430 1613 des
462 1553 688 1613 Furchtbaren.
736 1553 804 1613 Was
836 1553 955 1613 Arthur
987 1553 1154 1613 Schnitzler

2028 1577 2072 1637 die
2105 1580 2201 1640 Sonne
2234 1580 2367 1640 beschien
2417 1577 2473 1637 sein
2518 1580 2626 1640 ganzes
2667 1577 2792 1637 schönes

1215 1583 1324 1643 kannte
1365 1583 1442 1643 jedes
1475 1583 1560 1643 Blatt
1592 1583 1617 1643 im
1670 1583 1792 1643 Praer.
1841 1583 1970 1643 Dorthin

391 1592 586 1652 zurückläßt,
619 1594 655 1654 ist
692 1592 798 1652 Liebe.
831 1592 892 1652 Sein
937 1592 1026 1652 Werk
1072 1592 1145 1652 kann

2028 1616 2300 1676 Künstlergesicht.
2325 1618 2363 1678 Er
2392 1616 2493 1676 sprach
2527 1616 2597 1676 aber
2628 1616 2715 1676 auch,
2740 1616 2790 1676 auf

1211 1622 1312 1682 führte
1337 1621 1361 1681 er
1390 1620 1467 1680 cines
1492 1622 1614 1682 Abends
1643 1622 1692 1682 den
1725 1622 1884 1682 Fremden,
1909 1622 1957 1682 dem

386 1632 440 1692 nur
471 1631 583 1691 geliebt
618 1631 749 1691 werden.
772 1633 834 1693 Sein
873 1631 1039 1691 Andenken
1078 1632 1154 1692 kann

2031 1655 2077 1715 den
2115 1657 2224 1717 Balkon
2267 1658 2359 1718 seines
2389 1655 2506 1715 Hauses
2536 1655 2675 1715 gelehnt:
2705 1655 2797 1715 „Dies

1210 1661 1241 1721 er
1273 1661 1347 1721 kaum
1391 1661 1449 1721 erst
1481 1664 1626 1724 begegnet
1658 1658 1732 1718 war,
1756 1661 1811 1721 und
1847 1661 1897 1721 dem
1945 1659 1972 1719 er

383 1670 434 1730 nur
471 1670 583 1730 geliebt
620 1670 756 1730 werden.
780 1670 816 1730 Er
849 1670 900 1730 hat
933 1670 1013 1730 zwei
1041 1671 1153 1731 großen

2027 1694 2108 1754 Haus
2141 1694 2177 1754 ist
2210 1697 2279 1757 spät
2313 1694 2512 1754 gekommen.
2541 1694 2664 1754 Genug,
2693 1694 2721 1754 es
2754 1694 2790 1754 ist

1211 1700 1239 1760 50
1294 1700 1495 1760 wohlwollte.
1538 1700 1587 1760 Ein
1642 1700 1856 1760 Zwcispänner
1902 1700 1973 1760 fuhr

390 1708 524 1768 Mächten
559 1708 608 1768 des
636 1708 751 1768 Lebens
778 1708 855 1768 seine
886 1710 1070 1770 Erkenntnis
1097 1709 1150 1769 und

2026 1732 2243 1792 gekommen“,
2264 1729 2275 1789 —
2339 1731 2394 1791 und
2438 1732 2517 1792 darin
2561 1732 2687 1792 meldete
2727 1732 2782 1792 sich

1215 1735 1307 1795 durch
1349 1738 1395 1798 die
1429 1737 1676 1797 Sommernacht.
1723 1735 1785 1795 Der
1819 1738 1894 1798 Gast
1932 1735 1974 1795 saß

387 1745 456 1805 seine
510 1747 612 1807 Kunst
661 1747 882 1807 dargebracht.
928 1748 981 1808 Die
1034 1748 1144 1808 grosen

2028 1771 2136 1831 wieder
2166 1771 2216 1831 das
2250 1771 2387 1831 Dunkel.
2417 1771 2500 1831 Denn
2542 1771 2571 1831 es
2605 1771 2680 1831 naht
2714 1771 2784 1831 doch

1215 1777 1266 1837 dem
1314 1775 1443 1835 Dichter
1478 1775 1576 1835 Wiens
1608 1775 1775 1835 gegenüber
1810 1776 1861 1836 und
1896 1777 1978 1837 hatte

390 1786 508 1846 Machte
537 1786 598 1846 sind
636 1786 680 1846 die
710 1788 796 1848 Liebe
825 1786 878 1846 und
911 1786 964 1846 der
993 1789 1075 1849 Tod,
1100 1787 1157 1847 und

2027 1810 2149 1870 immer,
2176 1810 2232 1870 und
2267 1813 2328 1873 erst
2355 1810 2457 1870 recht,
2485 1810 2564 1870 wenn
2599 1810 2625 1870 so
2664 1810 2721 1870 viel
2748 1807 2793 1867 er¬

1215 1811 1271 1871 vor
1296 1813 1352 1873 sich
1385 1814 1462 1874 cines
1491 1813 1539 1873 der
1568 1814 1722 1874 seltensten
1755 1813 1970 1873 menschlichen

392 1822 424 1882 sie
452 1824 511 1884 sind
539 1825 724 1885 verbündet.
745 1825 847 1885 Davon
879 1825 938 1885 war
963 1828 1009 1888 ihr
1034 1828 1160 1888 Dichter

2026 1847 2117 1907 reicht
2153 1849 2204 1909 ist.
2236 1849 2307 1909 Was
2339 1850 2386 1910 tut
2426 1849 2508 1909 man,
2540 1849 2572 1909 um
2620 1849 2651 1909 es
2683 1849 2789 1909 aufzu-

1215 1852 1423 1912 Erzeugnisse.
1453 1852 1544 1912 Alles,
1573 1852 1631 1912 was
1657 1854 1773 1914 damals
1803 1855 1877 1915 lebte
1915 1852 1969 1912 und

390 1864 639 1924 durchdrungen.
665 1864 717 1924 Die
747 1864 833 1924 Liebe
862 1864 894 1924 ist
924 1865 993 1925 nur,
1018 1865 1087 1925 weil
1108 1867 1161 1927 der

2027 1888 2148 1948 halten?
2203 1891 2366 1951 Arbeiten,
2409 1891 2602 1951 unersättlich
2649 1890 2787 1950 gestalten

1214 1893 1248 1953 da
1290 1892 1362 1952 war,
1397 1891 1499 1951 wirkte
1542 1891 1728 1951 zusammen,
1782 1891 1815 1951 um
1877 1891 1972 1951 diesen

403 1901 458 1961 Tod
490 1902 541 1962 ist,
565 1902 620 1962 und
656 1902 683 1962 er
715 1902 785 1962 wäre
818 1902 900 1962 nicht
924 1903 1003 1963 ohne
1031 1902 1082 1962 sic.

1215 1931 1483 1991 emporzutragen.
1510 1930 1574 1990 Der
1601 1931 1721 1991 Friede,
1748 1932 1799 1992 das
1830 1932 1976 1992 mächtige

2032 1932 2084 1992 und
2111 1932 2306 1992 fortzeugen,
2329 1935 2368 1995 die
2395 1932 2483 1992 große
2506 1932 2581 1992 Zahl
2603 1932 2651 1992 der
2674 1932 2798 1992 Stücke,

432 1941 578 2001 Niemand
621 1943 645 2003 in
688 1941 737 2001 der
775 1941 859 2001 Welt
897 1941 951 2001 und
994 1944 1019 2004 im
1070 1941 1157 2001 Jahr¬

383 1980 517 2040 hundert
547 1980 599 2040 hat
633 1980 677 2040 dic
710 1980 981 2040 Gebrechlichkeit
1014 1980 1071 2040 und
1108 1980 1153 2040 die

390 2019 608 2079 Kostbarkeit,
635 2019 789 2079 unserer,
812 2019 996 2079 wahrhaft,
1019 2019 1149 2079 erlebten

387 2058 509 2118 Stunden
551 2058 677 2118 fühlbar
710 2058 850 2118 gemacht
887 2058 936 2118 wie
973 2058 1161 2118 Schnitzler.

390 2098 437 2158 Bei
462 2096 564 2156 keinem
608 2096 734 2156 anderen
766 2096 805 2156 ist
829 2096 880 2156 das
900 2096 995 2156 Glück
1031 2096 1054 2156 so
1086 2096 1153 2156 sehr

387 2135 496 2195 Glück,
547 2135 598 2195 das
645 2135 733 2195 heißt
768 2138 953 2198 vergänglich
1001 2135 1055 2195 und
1098 2134 1157 2194 un¬

382 2174 553 2234 schätzbar.
609 2174 756 2234 Während
820 2174 847 2234 s
895 2174 931 2234 am
1003 2174 1150 2234 höchsten

386 2213 508 2273 strahlt,
536 2213 627 2273 rückt
658 2213 769 2273 immer
801 2213 889 2273 schon
927 2213 977 2273 der
1012 2213 1149 2273 Schatten

387 2252 489 2312 heran.
542 2252 599 2312 Die
649 2252 771 2312 langen,
813 2252 915 2312 langen
957 2252 1055 2312 Zeiten
1100 2252 1153 2312 der

387 2290 488 2350 Leere,
509 2290 561 2350 der
590 2290 790 2350 Einsamkeit,
815 2290 864 2350 der
893 2290 1145 2350 Todesgedanken

387 2329 439 2389 vor
464 2329 521 2389 und
550 2329 618 2389 nach
652 2329 700 2389 dem
741 2330 925 2390 Augenblick
958 2329 1006 2389 des
1031 2329 1157 2389 Glücks,

389 2368 420 2428 sie
448 2368 602 2428 umstehen
634 2368 728 2428 diesen
756 2368 962 2428 Augenblick,
982 2368 1017 2428 sie
1045 2368 1151 2428 spähen

390 2404 505 2464 hinein,
545 2407 603 2467 und
651 2407 757 2467 gerade
790 2407 880 2467 darum
932 2407 1070 2467 erglänzt
1106 2407 1157 2467 der

387 2446 566 2506 Augenblick
608 2446 632 2506 so
669 2446 866 2506 zauberhaft,
895 2446 985 2506 darum
1039 2446 1075 2506 ist
1104 2446 1157 2506 das

392 2484 484 2544 Glück
520 2484 564 2544 ein
600 2484 626 2544 so
666 2484 807 2544 rinziger,
829 2484 988 2544 gefährlich
1028 2484 1156 2544 schöner

387 2521 607 2581 Aufschwung.
637 2523 763 2583 Bezahlt
793 2523 865 2583 wird
899 2523 958 2583 mit
988 2523 1038 2583 dem
1090 2523 1152 2583 Tod

399 2556 406 2616 —
450 2558 519 2618 oder
546 2560 604 2620 mit
626 2562 673 2622 dem
714 2562 831 2622 Altern,
854 2562 901 2622 das
927 2562 967 2622 ein
997 2562 1158 2622 verzöger-

456 2592 647 2652 Serbene

426 2637 486 2697 Das
511 2637 666 2697 grausame
704 2637 809 2697 Wissen
843 2637 879 2697 um
924 2637 969 2697 die
1002 2637 1157 2697 Vergäng-

386 2675 509 2735 lichkeit
557 2675 617 2735 war
665 2675 716 2735 für
764 2675 935 2735 Schnitzler
987 2675 1158 2735 verschärft

386 2714 473 2774 durch
514 2714 561 2774 die
597 2714 804 2774 Erfahrungen
852 2714 899 2774 des
936 2714 1062 2774 Arztes.
1099 2714 1138 2774 Um

386 2753 501 2813 wieviel
527 2753 844 2813 bewundernswerter
878 2753 945 2813 wird
982 2753 1057 2813 noch
1094 2752 1157 2812 hie-

391 2792 477 2852 durch
512 2792 590 2852 seine
621 2792 734 2852 Freude
765 2792 795 2852 am
839 2792 921 2852 Spiel
948 2790 960 2850 —
1008 2792 1090 2852 Spiel
1117 2792 1138 2852 im

390 2831 520 2891 Grauen.
572 2831 611 2891 Er
648 2831 805 2891 überwand
849 2831 892 2891 die
929 2833 1158 2893 Allgegenwart

390 2871 433 2931 des
462 2869 560 2929 Todes
588 2869 643 2929 und
675 2869 726 2929 gab
758 2869 809 2929 sich
841 2869 896 2929 mit
920 2869 1014 2929 seiner
1043 2869 1149 2929 ganzen

387 2908 474 2968 Kraft
504 2908 554 2968 dem
597 2908 680 2968 Spiel
706 2908 756 2968 des
782 2908 895 2968 Lebens
921 2908 988 2968 hin.
1014 2908 1076 2968 Auf
1102 2908 1152 2968 der

387 2947 484 3007 Bühne
513 2947 570 3007 und
599 2947 623 3007 im
664 2947 741 3007 Buch
770 2944 823 3004 ließ
852 2944 880 3004 er
905 2947 1055 3007 Gestalten
1088 2947 1153 3007 alles

381 2983 585 3043 nachahmen,
617 2986 674 3046 was
706 2984 751 3044 ihn
791 2984 937 3044 beglückt
972 2986 1068 3046 hatte,
1100 2984 1157 3044 was

389 3025 416 3085 er
446 3024 618 3084 fürchtete.
661 3022 695 3082 So
748 3022 966 3082 vervielfachte
1016 3022 1047 3082 er
1093 3022 1149 3082 sein

389 3060 503 3120 eigenes
539 3060 653 3120 Leben.
685 3060 767 3120 Auch
807 3060 901 3120 diesen
950 3060 1036 3120 Wert
1072 3060 1154 3120 hatte

382 3096 426 3156 für
458 3099 505 3159 ihn
541 3099 589 3159 die
621 3099 792 3159 Dichtung.
820 3099 863 3159 Sic
895 3099 1062 3159 erweiterte
1099 3099 1146 3159 den

382 3138 512 3198 Abstand
558 3138 617 3198 vom
673 3138 774 3198 Tode.
804 3139 848 3199 Sic
886 3138 1057 3198 vermehrte
1103 3136 1158 3196 un¬

387 3177 496 3237 endlich
529 3177 578 3237 die
611 3178 680 3238 Lust
713 3178 765 3238 und
803 3177 847 3237 die
881 3177 974 3237 Qual,
1003 3178 1035 3238 zu
1068 3177 1153 3237 emp-

387 3216 512 3276 finden.

425 3254 481 3314 Die
526 3253 628 3313 Kunst
673 3251 713 3311 ist
754 3254 1006 3314 lebenfördernd,
1051 3253 1156 3313 leben-

386 3291 578 3351 vermehrend
609 3293 616 3353 —
663 3293 755 3353 daher
778 3293 824 3353 ihr
848 3293 951 3353 Ernst.
971 3293 1012 3353 Sie
1036 3293 1155 3353 scheint

377 3332 429 3392 nur
463 3332 497 3392 zu
535 3332 665 3392 spielen,
696 3329 819 3389 manche
858 3332 928 3392 aber
962 3332 1071 3392 hielten
1116 3332 1153 3392 sie

378 3370 424 3430 für
459 3368 505 3428 die
544 3368 641 3428 wahre
684 3368 914 3428 Wirklichkeit.
944 3371 991 3431 „Im
1042 3371 1152 3431 Nichts

377 3408 443 3468 aller
470 3407 571 3467 Dinge
602 3407 637 3467 ist
664 3407 695 3467 es
723 3407 796 3467 noch
835 3410 878 3470 die
909 3407 939 3467 am
990 3410 1149 3470 wenigsten

386 3445 516 3505 unnütze
572 3445 821 3505 Beschäftigung,
869 3447 904 3507 zu
964 3448 1137 3508 schreiben.

386 3479 450 3539 Was
478 3484 620 3544 Flaubert
665 3484 767 3544 gesagt
811 3485 882 3545 hat,
919 3487 1026 3547 dachte
1074 3487 1145 3547 auch

387 3523 569 3583 Schnitzler.
602 3523 638 3583 Er
675 3523 735 3583 war
772 3525 986 3585 werkgläubig,
1024 3524 1076 3584 und
1121 3526 1145 3586 so

377 3559 431 3619 war
467 3562 496 3622 er
529 3562 948 3622 verantwortungsbewußt.
977 3562 1038 3622 Sein
1078 3565 1147 3625 Sinn

382 3598 426 3658 für
467 3601 511 3661 die
547 3601 744 3661 Nichtigkeit
785 3601 838 3661 der
883 3601 1008 3661 äußeren
1053 3601 1151 3661 Dinge

386 3637 457 3697 hielt
489 3638 532 3698 ihn
576 3639 662 3699 nicht
694 3639 746 3699 ab,
770 3639 801 3699 zu
841 3639 987 3699 handeln,
1019 3639 1070 3699 vor
1106 3639 1149 3699 die

382 3675 456 3735 Welt
490 3677 520 3737 zu
557 3678 654 3738 treten
695 3678 747 3738 und
782 3676 874 3736 etwas
905 3678 927 3738 in
964 3678 1012 3738 ihr
1046 3678 1154 3738 auszu-

377 3714 509 3774 richten.
541 3717 637 3777 Trotz
677 3717 781 3777 allem,
813 3715 873 3775 was
905 3716 949 3776 die
985 3714 1065 3774 Secle
1101 3715 1153 3775 be-

386 3753 527 3813 schweren
562 3754 657 3814 kann,
676 3753 752 3813 blieb
784 3753 833 3813 der
860 3753 928 3813 reife
952 3753 1039 3813 Mann
1070 3756 1142 3816 noch

386 3792 489 3852 immer
525 3792 625 3852 heiter
665 3792 718 3852 und
761 3792 868 3852 leicht,
900 3792 950 3852 wie
990 3792 1064 3852 einst
1100 3794 1150 3854 der

389 3830 546 3890 glänzende
574 3830 711 3890 Jüngling
742 3830 867 3890 gewesen
899 3830 950 3890 sein
982 3830 1052 3890 soll.
1068 3832 1150 3892 Seine

386 3869 516 3929 geheime
548 3869 663 3929 Trauer
698 3869 789 3929 drang
825 3866 908 3926 wohl
936 3869 1050 3929 durch,
1074 3869 1145 3929 auch

382 3906 460 3966 wenn
490 3908 516 3968 er
546 3908 712 3968 Komödien
746 3908 876 3968 schrieb.
902 3908 980 3968 Aber
1010 3908 1040 3968 er
1063 3908 1144 3968 stand

382 3947 438 4007 test
467 3947 494 4007 im
544 3945 664 4005 Leben.

418 3983 582 4043 Schnitzler
611 3986 660 4046 auf
685 3984 738 4044 der
763 3983 972 4043 Lebenshöhe,
993 3983 1017 4043 im
1063 3985 1140 4045 Wien

387 4023 438 4083 vor
467 4022 513 4082 dem
556 4022 664 4082 Krieg!
688 4022 753 4082 Wer
782 4022 922 4082 hinkam,
942 4024 1011 4084 fand
1040 4024 1152 4084 Glanz,

387 4060 578 4120 Gleichmaß,
602 4060 720 4120 Erfolg.
739 4060 794 4120 Dic
822 4060 940 4120 Straßen
978 4060 1069 4120 waren
1101 4061 1133 4121 be

381 4097 455 4157 wegt
492 4097 547 4157 von
592 4099 748 4159 denselben
793 4099 938 4159 leichten.
976 4099 1142 4159 maßvollen

1672 4114 1744 4174 Frau
1773 4116 1919 4176 Direkter
1942 4114 2036 4174 Poldi
2059 4114 2240 4174 Bachmann

381 4132 551 4192 Rhythmen
585 4135 633 4195 wie
663 4135 707 4195 die
734 4135 819 4195 Prosa
849 4138 1046 4198 Schnitzlers.
1065 4140 1146 4200 Scine

655 4171 904 4231 .

2587 4175 2735 4235 Glog.
