3392 4384
136 384 260 444 12.
309 388 908 448 Schnitzler's
976 387 1206 447 Death

465 1734 1174 1794 „OBSERVER

544 1807 571 1867 1.
590 1800 706 1860 österr.
725 1789 878 1849 behördl.
898 1773 1186 1833 konzessioniertes

520 1851 751 1911 Unternehmen
782 1839 831 1899 für
856 1822 1226 1882 Zeitungs-Ausschnitte

587 1913 728 1973 WIEN,
749 1909 795 1969 I.,
816 1895 1078 1955 WOLLZEILE
1119 1882 1159 1942 11

669 1959 876 2019 TELEPHON
913 1943 1089 2003 R-23-0-43

477 2108 701 2168 Ausschnitt
727 2100 834 2160 ausin

770 2137 886 2197 Neues
917 2131 1053 2191 Flaner
1074 2122 1240 2182 Journal,
1261 2112 1348 2172 Wlan

499 2335 614 2395 vom:

750 2362 822 2422 8.
835 2352 979 2412 OKT.
1004 2330 1125 2390 1932

424 2420 473 2480 In
524 2420 573 2480 der
608 2423 733 2483 Galerie
767 2422 909 2482 Würthle
951 2423 1034 2483 stellt
1078 2425 1260 2485 Alexander
1286 2429 1386 2489 Jaray
1437 2426 1494 2486 das

310 2464 442 2524 Modell
470 2468 547 2528 eines
581 2468 752 2528 Denkmals
786 2471 835 2531 für
863 2471 962 2531 Artur
990 2474 1161 2534 Schnitzler
1189 2475 1266 2535 aus.
1283 2477 1349 2537 Der
1377 2475 1498 2535 Dichter

317 2516 367 2576 ist,
408 2516 469 2576 auf
515 2516 601 2576 einem
652 2519 737 2579 Stein

789 2519 913 2579 sitzend,
949 2522 1144 2582 dargestellt,
1187 2523 1245 2583 wie
1293 2523 1352 2583 auf
1401 2524 1483 2584 einem

319 2563 541 2623 Spaziergang
578 2567 778 2627 ausvuhend.
827 2567 889 2627 Der
922 2569 1059 2629 überaus
1096 2572 1212 2632 ähnlich
1250 2573 1392 2633 geratene
1424 2572 1508 2632 Kopf

313 2610 352 2670 ist
376 2611 499 2671 sinnend
528 2614 663 2674 gesenkt.
681 2614 748 2674 Wer
777 2614 827 2674 den
861 2615 979 2675 Dichter
1008 2618 1137 2678 gekannt
1161 2620 1233 2680 hat,
1251 2619 1324 2679 wird
1353 2618 1397 2678 die
1426 2617 1504 2677 Auf¬

323 2659 431 2719 fassung
464 2661 587 2721 Jarays
620 2662 668 2722 als
696 2665 761 2725 sehr
789 2665 923 2725 glücklich
951 2667 1145 2727 bezeichnen.
1168 2668 1232 2728 Der
1259 2668 1410 2728 Entwurf
1438 2668 1502 2728 ver¬

321 2707 430 2767 spricht
454 2707 476 2767 in
511 2710 604 2770 seiner
633 2711 777 2771 schlichten
813 2713 876 2773 Art
899 2713 962 2773 viel
986 2716 1101 2776 Gutes.
1119 2716 1304 2776 Hoffentlich
1333 2718 1448 2778 kommt
1472 2717 1500 2777 er

321 2758 377 2818 zur
406 2758 632 2818 Ausführung!

1432 381 1555 441 box
1634 384 1819 444 44/3

1853 963 2637 1023 „ORSERVER'

1928 1014 1957 1074 I.
1974 1011 2096 1071 österr.
2113 1014 2265 1074 behördl.
2282 1017 2576 1077 konzessioniertes

1904 1061 2133 1121 Unternehmen
2165 1061 2213 1121 für
2236 1064 2607 1124 Zeitungs-Ausschnitte

1966 1124 2109 1184 WIEN,
2129 1127 2174 1187 I.,
2195 1129 2450 1189 WOLLZEILE
2489 1130 2534 1190 11

2039 1181 2249 1241 TELEPHON
2286 1181 2465 1241 R-23-0-43

1844 1309 2064 1369 Ausschnitt
2092 1312 2154 1372 aus
2176 1315 2186 1375 :

2255 1369 2315 1429 Der
2336 1374 2415 1434 lag,
2427 1374 2506 1434 Mies

2137 1452 2398 1512 21.0K1.
2430 1433 2595 1493 1032.

1893 1575 1989 1635 Das
2034 1578 2253 1638 Denkmal
2289 1578 2376 1638 auf

2208 1653 2281 1713 der
2324 1656 2669 1716 Commerheide

1978 1716 2023 1776 In
2055 1715 2241 1775 Memoriam
2280 1721 2396 1781 Arthur
2420 1718 2605 1778 Schnitzler.

1912 1775 1974 1835 Vor
2007 1778 2216 1838 Jahresfrist,
2243 1778 2274 1838 an
2313 1778 2395 1838 einem
2440 1781 2706 1841 melancholischen

1863 1820 2042 1880 Herbsttag,
2074 1820 2126 1880 hat
2158 1823 2279 1883 Arthur
2317 1823 2485 1883 Schnitzler
2517 1823 2569 1883 den
2612 1823 2707 1883 letzten

1865 1864 2020 1924 einsamen
2051 1864 2121 1924 Weg
2157 1865 2182 1925 in
2217 1865 2267 1925 das
2299 1865 2388 1925 weite
2414 1866 2499 1926 Land
2531 1868 2580 1928 der
2611 1868 2716 1928 Ewig¬

1866 1905 1925 1965 keit
1945 1910 2141 1970 angetreten.
2161 1910 2239 1970 Doch
2269 1910 2387 1970 wenige
2417 1910 2559 1970 Stunden
2594 1910 2721 1970 vorher,

1869 1948 1917 2008 ehe
1940 1952 1971 2012 er
1994 1952 2058 2012 „die
2086 1951 2188 2011 dunkle
2210 1951 2329 2011 Straße
2351 1954 2378 2014 in
2411 1954 2453 2014 ein
2481 1954 2584 2014 lichtes
2611 1952 2708 2012 Land"

1866 1994 1955 2054 ging,
1998 1995 2039 2055 ist
2066 1994 2098 2054 er
2130 1996 2198 2056 noch
2230 1996 2352 2056 einmal
2379 1997 2436 2057 auf
2463 1996 2515 2056 dem
2559 1996 2706 2056 geliebten

1865 2040 2202 2100 Sommerheidenweg
2243 2041 2399 2101 gewesen,
2445 2041 2586 2101 vernahm
2657 2038 2712 2098 von

1866 2080 1928 2140 hier
1963 2082 2019 2142 aus
2054 2083 2104 2143 zum
2156 2083 2332 2143 allerletzten
2372 2083 2451 2143 Mal
2480 2085 2530 2145 den
2565 2086 2633 2146 Ruf
2662 2086 2712 2146 des

1869 2125 2008 2185 Lebens.

1911 2174 1972 2234 Und
2004 2177 2060 2237 auf
2087 2178 2132 2238 dem
2175 2178 2526 2238 Sommerheidenweg,
2552 2178 2598 2238 der
2630 2178 2712 2238 durch

1863 2220 1984 2280 Arthur
2017 2220 2186 2280 Schnitzler
2218 2223 2324 2283 Weihe
2356 2221 2413 2281 und
2446 2223 2636 2283 Bedeutung
2669 2222 2721 2282 er¬

1865 2264 1952 2324 hielt,
1978 2265 2035 2325 soll
2061 2265 2112 2325 dem
2154 2265 2277 2325 Dichter
2308 2265 2370 2325 nun
2406 2265 2447 2325 ein
2484 2265 2643 2325 Denkmal
2669 2262 2715 2322 er¬

1861 2307 1970 2367 richtet
1999 2308 2138 2368 werden.
2160 2310 2238 2370 Fern
2277 2310 2332 2370 und
2366 2310 2426 2370 nah
2460 2308 2604 2368 zugleich,
2627 2307 2721 2367 grüßt

1867 2346 1919 2406 sein
1957 2352 2067 2412 Wien,
2094 2354 2167 2414 „das
2205 2352 2288 2412 Wien
2326 2351 2378 2411 des
2411 2352 2621 2412 Canaletto",
2643 2352 2716 2412 her¬

1862 2392 1940 2452 über
1975 2393 2033 2453 und
2073 2394 2126 2454 der
2161 2394 2313 2454 mitunter
2347 2393 2562 2453 unwirkliche,
2592 2395 2714 2455 traum¬

1863 2438 1929 2498 haft
1957 2436 2078 2496 schöne,
2107 2438 2211 2498 seltsam
2262 2438 2472 2498 verschleierte
2500 2438 2627 2498 Zauber
2666 2436 2715 2496 der

1861 2480 1987 2540 Gegend
2021 2483 2109 2543 wirkt
2131 2483 2170 2543 an
2198 2482 2247 2542 sich
2276 2480 2336 2540 wie
2364 2482 2430 2542 eine
2453 2483 2635 2543 Huldigung
2664 2483 2713 2543 der

1862 2528 2048 2588 Landschaft
2067 2527 2120 2587 für
2145 2525 2229 2585 ihren
2260 2525 2398 2585 Dichter.

1909 2577 1970 2637 Und
2002 2577 2042 2637 sie
2074 2578 2151 2638 alle,
2193 2576 2239 2636 die
2270 2576 2332 2636 wir
2358 2579 2492 2639 liebten,
2539 2579 2631 2639 denen
2668 2576 2714 2636 die

1863 2617 1988 2677 heißen,
2014 2619 2190 2679 heimlichen
2225 2620 2366 2680 Träume
2417 2620 2482 2680 und
2534 2620 2719 2680 schwärme¬

1859 2662 1964 2722 rischen
2007 2663 2229 2723 Huldigungen
2267 2662 2393 2722 unserer
2431 2665 2557 2725 Jugend
2595 2663 2721 2723 galten,

1860 2702 1921 2762 sind
1952 2704 2003 2764 von
2045 2704 2096 2764 der
2128 2704 2214 2764 Luft,
2241 2704 2287 2764 die
2319 2704 2452 2764 zwischen
2494 2705 2540 2765 der
2571 2707 2709 2767 Türken¬

1860 2746 1976 2806 schanze
2030 2747 2093 2807 und
2125 2748 2262 2808 Neustift
2290 2748 2326 2808 am
2375 2748 2464 2808 Wald
2497 2749 2597 2809 weht,
2645 2749 2713 2809 um¬

1864 2791 1980 2851 fächelt;
2002 2791 2058 2851 das
2092 2791 2208 2851 brachte
2236 2793 2263 2853 ja
2297 2791 2340 2851 die
2369 2791 2618 2851 Schnitzlerschen
2652 2791 2718 2851 Ge¬

1860 2835 1962 2895 stalten
1999 2835 2122 2895 unserem
2164 2835 2354 2895 Empfinden
2387 2835 2412 2895 so
2443 2835 2540 2895 nahe:
2562 2835 2597 2895 sie
2629 2835 2716 2895 wur¬

1856 2878 1946 2938 zelten
1988 2879 2014 2939 in
2047 2877 2199 2937 derselben
2232 2877 2316 2937 Erde
2348 2877 2406 2937 wie
2438 2877 2496 2937 wir
2523 2880 2628 2940 selbst,
2671 2879 2712 2939 sie

1853 2921 2029 2981 wandelten
2065 2922 2125 2982 nur
2151 2922 2332 2982 hellhöriger
2358 2922 2418 2982 und
2449 2922 2504 2982 mit
2525 2922 2706 2982 sehenderen

1857 2964 1964 3024 Augen
1996 2966 2103 3026 Wege,
2125 2964 2170 3024 die
2202 2964 2258 3024 wir
2284 2966 2434 3026 kannten,
2460 2967 2495 3027 sie
2522 2967 2619 3027 hatten
2656 2966 2706 3026 das

1860 3009 1956 3069 letzten
1984 3009 2075 3069 große
2103 3009 2210 3069 Wissen
2243 3009 2275 3069 um
2319 3009 2443 3069 Dinge,
2460 3009 2508 3069 die
2530 3009 2589 3069 wir
2611 3008 2708 3068 unbe¬

1862 3050 1947 3110 wußt
1967 3053 2077 3113 ahnten
2108 3051 2118 3111 —
2169 3051 2238 3111 aber
2259 3053 2294 3113 sie
2320 3053 2506 3113 vermochten
2537 3052 2581 3112 es,
2602 3050 2692 3110 diesem

1853 3095 1966 3155 Wissen
2002 3098 2039 3158 um
2091 3095 2199 3155 unsere
2225 3097 2348 3157 eigenen
2386 3096 2530 3156 Wünsche
2562 3095 2623 3155 und
2655 3097 2711 3157 un¬

1857 3140 2012 3200 erweckten
2048 3140 2214 3200 Gedanken
2255 3140 2335 3200 ganz
2366 3140 2517 3200 einmalig
2552 3140 2713 3200 Ausdruck

1859 3188 1885 3248 zu
1923 3185 2033 3245 geben,
2060 3183 2122 3243 mit
2149 3183 2297 3243 Worten,
2324 3184 2408 3244 deren
2445 3185 2635 3245 klangvolle,
2662 3181 2708 3241 be¬

1858 3227 1945 3287 seelte
1966 3227 2141 3287 Schönheit
2162 3227 2213 3287 den
2244 3227 2522 3287 unvergänglichen
2554 3227 2702 3287 Gebilden

1857 3271 1973 3331 Fischer
2000 3271 2058 3331 von
2090 3271 2216 3331 Erlachs
2249 3271 2471 3331 artverwandt
2493 3271 2603 3331 schien.

1897 3319 1944 3379 Es
1976 3322 2044 3382 war
2077 3322 2124 3382 ein
2156 3322 2230 3382 Weg
2262 3322 2309 3382 ins
2341 3322 2452 3382 Freie,
2479 3322 2526 3382 den
2563 3323 2626 3383 uns
2658 3322 2705 3382 der

1851 3368 1979 3428 Dichter
2005 3368 2133 3428 geführt
2165 3367 2257 3427 hatte.
2278 3367 2350 3427 Und
2377 3367 2438 3427 auf
2459 3367 2510 3427 der
2536 3364 2711 3424 Sommer¬

1856 3412 1956 3472 heide,
1986 3412 2072 3472 dort,
2123 3411 2158 3471 an
2199 3409 2249 3469 der
2279 3412 2405 3472 Grenze
2437 3409 2572 3469 zwischen
2613 3409 2713 3469 Stadt

1853 3454 1914 3514 und
1946 3456 2049 3516 Land,
2070 3452 2210 3512 befindet
2237 3454 2283 3514 sich
2314 3454 2397 3514 wohl
2423 3455 2516 3515 auch,
2537 3451 2708 3511 allerdings

1856 3496 1917 3556 nur
1949 3496 2000 3556 dem
2047 3498 2175 3558 Dichter
2207 3498 2268 3558 und
2305 3498 2536 3558 Seelenkenner
2568 3496 2711 3556 sichtbar,

1854 3540 1903 3600 der
1937 3543 2114 3603 imaginäre
2142 3540 2314 3600 Kreuzweg
2347 3540 2480 3600 zwischen
2520 3540 2708 3600 befreiender

1854 3585 2009 3645 Dichtung
2048 3584 2109 3644 und
2143 3585 2315 3645 erlösender
2348 3583 2531 3643 Wahrheit.

1892 3627 1999 3687 Dort,
2023 3627 2067 3687 wo
2107 3629 2152 3689 die
2182 3629 2260 3689 Luft
2289 3627 2346 3687 von
2380 3627 2482 3687 seinen
2522 3626 2698 3686 Geschöpfen

1854 3672 1962 3732 erfüllt
1990 3672 2037 3732 ist,
2060 3672 2113 3732 soll
2141 3671 2200 3731 uns
2227 3669 2281 3729 sein
2319 3669 2475 3729 Denkmal
2498 3669 2638 3729 grüßen;
2660 3669 2708 3729 die

1851 3716 2051 3776 klimatischen
2089 3713 2300 3773 Verhältnisse
2331 3713 2444 3773 machen
2481 3713 2538 3773 auf
2564 3713 2687 3773 unserem

1853 3758 2023 3818 Landstrich
2059 3758 2141 3818 einen
2178 3755 2378 3815 Lorbeerhain
2410 3755 2600 3815 unmöglich.
2621 3755 2703 3815 Aber

1852 3800 1876 3860 im
1921 3800 2073 3860 Sommer
2103 3800 2226 3860 müßten
2256 3800 2290 3860 um
2335 3800 2388 3860 das
2413 3800 2576 3860 Denkmal
2596 3797 2689 3857 herum

1854 3844 1951 3904 Rosen
1989 3845 2123 3905 blühen:
2178 3842 2382 3902 süßduftende
2415 3842 2549 3902 blutrote
2587 3842 2705 3902 Rosen,

1850 3886 1899 3946 die
1924 3889 1977 3949 von
2012 3888 2135 3948 heißer,
2160 3887 2252 3947 matte
2283 3887 2449 3947 Teerosen,
2469 3886 2513 3946 die
2543 3885 2596 3945 von
2631 3884 2704 3944 ster¬

1850 3930 1963 3990 bender
1995 3930 2087 3990 Liebe
2119 3928 2258 3988 künden;
2311 3928 2367 3988 und
2404 3928 2522 3988 später,
2549 3929 2575 3989 so
2606 3928 2693 3988 gegen

1851 3973 2056 4033 Allerseelen,
2106 3973 2230 4033 müßten
2295 3970 2506 4030 krausköpfige
2545 3970 2701 4030 Chrysan¬

1853 4015 1971 4075 themen
2008 4015 2064 4075 und
2095 4016 2198 4076 Astern
2229 4014 2301 4074 dort
2323 4014 2472 4074 wachsen.
2493 4012 2559 4072 Und
2591 4012 2704 4072 natür¬

1854 4060 1902 4120 lich
1937 4063 1984 4123 der
2020 4062 2234 4122 Immergrün
2269 4060 2316 4120 des
2351 4059 2468 4119 ewigen
2504 4057 2703 4117 Gedenkens.

2525 4102 2583 4162 M.
2600 4102 2658 4162 Fr.
