3344 4384
155 434 241 494 2.
300 434 891 494 Schnitzler's
950 434 1182 494 Death

1405 434 1535 494 box
1620 434 1858 494 43/20

869 860 1223 920 DOBSI

1265 859 1585 919 RVER

960 912 985 972 I.
998 912 1119 972 österr.
1133 912 1279 972 behördl.
1293 912 1595 972 konzessioniertes

909 954 1146 1014 Unternehmen
1177 954 1223 1014 für
1250 954 1637 1014 Zeltungs-Ausschnitte

974 1013 1113 1073 WIEN,
1141 1014 1193 1074 I.,
1214 1017 1501 1077 WOLLZEILE
1548 1017 1587 1077 11

1063 1064 1281 1124 TELEPHON
1318 1064 1488 1124 R-23-0-43

863 1205 1085 1265 Ausschnitt
1113 1206 1202 1266 aus:

892 1478 1040 1538 Bladet:

937 1613 1190 1673 Dagens
1228 1611 1471 1671 Nyheder

902 1772 1031 1832 skriver
1062 1772 1122 1832 den
1225 1780 1254 1840 2
1305 1784 1334 1844 2
1375 1786 1506 1846 OKT.
1517 1795 1627 1855 1931

1646 1915 1779 1975 sensitiv
1813 1919 1846 1979 og
1880 1919 2057 1979 raffineret
2086 1922 2215 1982 Nyder,
2239 1925 2315 1985 uden
2354 1928 2387 1988 al

912 1960 1158 2020 Arthur
1209 1968 1568 2028 Schnitzler

1649 1962 1829 2022 Lidenskab
1876 1963 1906 2023 en
1959 1966 2113 2026 Blanding
2166 1969 2196 2029 af
2243 1969 2273 2029 en
2326 1972 2387 2032 let¬

1651 2005 1749 2065 sindig
1790 2011 2034 2071 Melankoliker
2075 2016 2109 2076 og
2157 2017 2191 2077 en
2232 2017 2376 2077 skeptisk

1646 2053 1843 2113 Ræsonnor.

1005 2091 1154 2151 pode
1206 2089 1242 2149 u
1294 2091 1493 2151 Gaar.

1689 2098 1777 2158 Hans
1797 2101 1900 2161 Sprog
1932 2101 1963 2161 er
1983 2102 2079 2162 snart
2099 2104 2181 2164 blidt
2201 2109 2240 2169 og
2266 2110 2380 2170 yndigt

1643 2145 1697 2205 som
1746 2143 1780 2203 en
1820 2146 1992 2206 Erindring
2031 2149 2065 2209 om
2115 2151 2257 2211 Mozart,
2287 2154 2380 2214 snart

888 2184 999 2244 Hans
1024 2184 1263 2244 Aandsform
1312 2188 1503 2248 forwldet
1528 2190 1591 2250 for

1646 2190 1766 2250 slebent
1792 2191 1826 2251 og
1857 2193 1993 2253 smidigt
2014 2193 2069 2253 som
2110 2194 2139 2254 en
2170 2198 2381 2258 Operations¬

1644 2235 1734 2295 kniv.
1755 2237 1840 2297 Hans
1861 2238 1961 2298 Emne
1987 2238 2017 2298 er
2037 2238 2107 2298 frem
2143 2240 2193 2300 for
2219 2241 2259 2301 alt
2285 2244 2385 2304 Kvin¬

1151 2241 1344 2301 Nutiden.

1646 2280 1717 2340 dens
1754 2283 1961 2343 Kærlighed,
1987 2285 2059 2345 hvis
2096 2286 2282 2346 Konflikter
2318 2290 2375 2350 han

1644 2325 1819 2385 vurderede
1845 2328 1910 2388 med
1941 2328 1970 2388 en
2001 2331 2126 2391 erfaren
2157 2334 2267 2394 Læges
2293 2337 2383 2397 Blik.

1641 2372 1705 2432 Han
1757 2372 1817 2432 var
1865 2375 2060 2435 betydeligst
2103 2375 2116 2435 i
2159 2380 2373 2440 Miniaturens

1638 2416 1764 2476 Kunst.
1783 2417 1867 2477 Hvis
1891 2419 1992 2479 noget
2017 2423 2095 2483 skal
2119 2423 2264 2483 overleve
2292 2427 2385 2487 ham,

1640 2462 1740 2522 bliver
1774 2463 1831 2523 det
1860 2465 2046 2525 formentlig
2085 2468 2167 2528 hans
2201 2471 2382 2531 Marionet¬

1641 2508 1707 2568 spil
1734 2507 1779 2567 fra
1821 2510 1893 2570 1906
1930 2510 2006 2570 eller
2039 2512 2095 2572 den
2132 2512 2193 2572 lille
2224 2519 2373 2579 Legende

1644 2557 1714 2617 „Die
1744 2555 1910 2615 dreifache
1940 2559 2122 2619 Warnung“
2153 2558 2194 2618 fra
2230 2561 2317 2621 1911.

1680 2629 1733 2689 En
1773 2629 1818 2689 af
1850 2631 1896 2691 de
1935 2634 2322 2694 allerbetydeligste

1842 2679 2173 2739 Dramatikere.

1683 2728 1845 2788 Redakter
1876 2731 1953 2791 Carl
1979 2731 2123 2791 Behrens
2148 2734 2255 2794 siger:

1740 2785 1932 2845 Schnitzler
1967 2785 2026 2845 var
2062 2786 2095 2846 en
2136 2788 2170 2848 af
2205 2790 2244 2850 de
2279 2791 2377 2851 aller¬

1640 2829 1852 2889 betydeligste
1893 2832 2120 2892 Dramatikere
2162 2833 2198 2893 og
2240 2834 2379 2894 Forfat¬

1635 2874 1703 2934 tere
1729 2876 1816 2936 inden
1851 2877 1900 2937 for
1925 2877 2077 2937 moderne
2102 2880 2170 2940 tysk
2205 2881 2372 2941 Litteraur

1636 2919 1668 2979 og
1702 2919 1734 2979 en
1768 2920 1801 2980 af
1829 2920 1862 2980 de
1890 2923 2094 2983 Skribenter,
2117 2927 2160 2987 jeg
2194 2927 2260 2987 med
2294 2928 2370 2988 For¬

1633 2967 1810 3027 kærlighed
1850 2968 1909 3028 har
1944 2972 2023 3032 læst
2058 2975 2092 3035 og
2132 2976 2270 3036 dyrket.
2300 2979 2369 3039 Han

1631 3012 1734 3072 havde
1775 3013 1828 3073 det
1858 3017 2085 3077 dybtgaaende
2125 3021 2298 3081 Kendskab
2338 3026 2377 3086 til

1633 3058 1933 3118 Menneskeheden,
1953 3063 2002 3123 som
2051 3065 2110 3125 kun
2140 3066 2174 3126 de
2204 3068 2370 3128 allerstor¬

1635 3103 1680 3163 ste
1711 3104 1843 3164 Digtere
1879 3104 1960 3164 ejer.

1683 3146 1727 3206 Da
1758 3150 1940 3210 Schnitzler
1966 3152 2021 3212 var
2047 3154 2062 3214 i
2087 3158 2269 3218 Danmark,
2290 3159 2370 3219 hav¬

1045 3173 1181 3233 Arthur
1206 3176 1425 3236 Schnitzler.

1629 3194 1667 3254 de
1701 3196 1748 3256 jeg
1787 3196 1844 3256 den
1882 3197 1987 3257 Glade
2026 3200 2184 3260 personlig
2223 3203 2255 3263 at
2290 3205 2361 3265 lare

1631 3240 1710 3300 hans
1742 3242 1805 3302 rige
1837 3245 2117 3305 Menneskelighed
2149 3248 2186 3308 at
2213 3250 2328 3310 kende.

1147 3248 1265 3308 Wien,
1281 3251 1436 3311 Onsdag.
1452 3253 1496 3313 R.
1512 3256 1555 3316 B.

910 3299 973 3359 Den
1002 3301 1158 3361 beremte
1182 3304 1355 3364 ostrigske
1384 3309 1598 3369 dramatiske

857 3354 1060 3414 Forfatter,
1078 3358 1194 3418 Lægen
1230 3361 1363 3421 Arthur
1393 3367 1607 3427 Schnitzler,

1871 3381 2135 3441 Noter.

859 3409 898 3469 er
925 3411 985 3471 Kl.
1005 3412 1038 3472 19
1065 3412 1085 3472 i
1105 3413 1204 3473 Aften
1245 3418 1304 3478 ded
1332 3418 1371 3478 af
1398 3418 1431 3478 et
1452 3421 1598 3481 Slagtil¬

1671 3451 1851 3511 Schnitzler
1888 3454 1945 3514 var
1982 3457 2054 3517 født
2091 3457 2163 3517 1862
2205 3460 2240 3520 og
2282 3463 2365 3523 vilde

858 3467 986 3527 fælde.

1628 3496 1772 3556 saaledes
1804 3498 1885 3558 være
1917 3501 2003 3561 fyldt
2031 3501 2062 3561 70
2090 3501 2130 3561 til
2153 3504 2252 3564 næste
2284 3507 2365 3567 Aar.

1625 3540 1691 3600 Der
1718 3543 1774 3603 var
1801 3543 1815 3603 i
1837 3543 1888 3603 den
1924 3546 2099 3606 Anledning
2131 3549 2295 3609 forberedt
2327 3552 2352 3612 en

1629 3586 1747 3646 Række
1794 3591 2053 3651 Festopforelser
2095 3596 2131 3656 af
2173 3596 2255 3656 hans
2298 3597 2364 3657 Ho¬

1055 3606 1416 3666 Mindeord.

1628 3635 1814 3695 vedværker
1849 3637 1907 3697 paa
1947 3639 1981 3699 de
2017 3640 2119 3700 storre
2154 3642 2247 3702 tyske
2286 3643 2359 3703 Sce¬

1627 3680 1707 3740 ner.

890 3686 986 3746 Prof.
1022 3689 1195 3749 Valdemar
1236 3692 1337 3752 Vodel
1374 3695 1500 3755 udtaler
1542 3696 1577 3756 om

855 3740 979 3800 Arthur
1007 3743 1209 3803 Schnitzler:

1664 3770 1844 3830 Schnitzler
1871 3773 1964 3833 holdt
1990 3776 2098 3836 meget
2125 3779 2161 3839 af
2188 3780 2352 3840 Danmark

966 3796 1148 3856 Schnitzler
1182 3796 1240 3856 var
1279 3799 1306 3859 jo
1344 3801 1376 3861 en
1420 3803 1586 3863 udpræget
1625 3812 1663 3872 og
1696 3816 1754 3876 har
1787 3818 1900 3878 besøgt
1928 3819 2057 3879 Landet
2085 3821 2138 3881 ved
2171 3823 2251 3883 flere
2284 3827 2359 3887 Lej-

859 3847 998 3907 Wiener-
1045 3850 1077 3910 og
1133 3852 1369 3912 Jodeforfatter
1416 3855 1485 3915 med
1532 3857 1592 3917 Jo-
1625 3861 1787 3921 ligheder.
1811 3861 1824 3921 I
1862 3863 1936 3923 1924
1973 3866 2061 3926 holdt
2094 3869 2154 3929 han
2191 3871 2349 3931 Foredrag

846 3901 925 3961 dens
953 3902 1001 3962 Vid
1033 3902 1068 3962 og
1096 3905 1287 3965 Folsomhed
1323 3907 1434 3967 (Peter
1457 3910 1586 3970 Nansen

1661 3907 2050 3967 Studentersamfundet.

1662 3951 1749 4011 Naar
1777 3952 1834 4012 han
1870 3952 1927 4012 var
1954 3957 2011 4017 her
2038 3958 2091 4018 som
2136 3961 2362 4021 Privatmand,

844 3955 921 4015 folte
959 3955 1004 4015 sig
1042 3955 1161 4015 stærkt
1198 3958 1317 4018 draget
1350 3961 1391 4021 til
1419 3963 1515 4023 ham)
1552 3967 1584 4027 og

1622 3997 1710 4057 segte
1742 3997 1799 4057 han
1835 4000 1931 4060 gerne
1967 4000 2002 4060 ud
2038 4003 2077 4063 til
2105 4006 2361 4066 Nordsjælland.

851 4007 920 4067 med
950 4009 1135 4069 Wienerens
1165 4012 1333 4072 skeptiske
1363 4015 1526 4075 Livsironi
1548 4020 1582 4080 og

1622 4042 1633 4102 I
1659 4042 1689 4102 et
1708 4042 1738 4102 af
1763 4042 1842 4102 hans
1862 4047 2015 4107 Skuespil
2034 4050 2187 4110 foregaar
2206 4052 2353 4112 saaledes

855 4062 1040 4122 bledagtige
1081 4065 1316 4125 Livsnydelse,
1350 4068 1446 4128 dertil
1479 4069 1584 4129 havde
1626 4085 1658 4145 en
1683 4088 1747 4148 Akt
1764 4090 1779 4150 1
1796 4092 1957 4152 Gilleleje.

850 4114 913 4174 han
960 4118 1059 4178 ogsaa
1111 4119 1250 4179 Lægens
1298 4120 1408 4180 triste,
1449 4123 1587 4183 kyniske

854 4169 1030 4229 Kendskab
1055 4172 1101 4232 til
1126 4171 1142 4231 —
1191 4175 1222 4235 og
1255 4176 1358 4236 nogen
1391 4176 1591 4236 Lakseover.

1664 4196 1756 4256 Flere
1792 4197 1831 4257 af
1865 4203 2067 4263 Schnitzlers
2101 4204 2263 4264 Skuespil
2290 4209 2350 4269 haf

852 4224 1016 4284 bæerenhed
1055 4226 1124 4286 med
1156 4226 1174 4286 —
1232 4230 1561 4290 Altformenneskelig

1622 4241 1721 4301 været
1754 4245 1860 4305 opfert
1892 4247 1954 4307 paa
1986 4250 2237 4310 kebenhavnske
2276 4253 2356 4313 Ted¬

840 4278 967 4338 heden.
990 4281 1034 4341 En
1065 4281 1222 4341 Blanding
1253 4284 1289 4344 af
1313 4287 1432 4347 ironisk
1463 4290 1582 4350 Kynis-
1605 4290 1687 4350 tre.
1710 4293 1792 4353 Corl
1823 4293 1987 4353 Mantzius
2010 4296 2145 4356 spillede
2175 4299 2235 4359 ham
2288 4295 2347 4355 pas
