3344 4256
277 207 343 267 Der
396 207 483 267 letzte
515 207 618 267 große
649 204 898 264 österreichische
934 201 1058 261 Dichter

191 255 230 315 ist
260 255 328 315 tot.
353 255 484 315 Arthur
538 254 738 314 Schnitzlers
798 249 1056 309 weltberühmte

191 306 349 366 „Wiener
383 303 489 363 Note“
528 301 600 361 war
635 300 807 360 eigentlich
861 300 967 360 mmer
1001 297 1068 357 nur

190 353 260 413 eine
296 351 539 411 Marktetikette
576 350 681 410 seiner
713 350 834 410 Kunst.
860 347 905 407 In
946 347 1067 407 Wahr¬

187 402 257 462 heit
278 401 339 461 hat
360 401 390 461 er
416 401 471 461 den
502 398 772 458 österreichischen
808 398 975 458 Menschen
1012 395 1062 455 der

195 449 436 509 Uebergangs=
507 448 593 508 oder
644 448 754 508 besser
805 447 941 507 gesagt,
1008 440 1067 500 der

192 499 489 559 Untergangszeil
520 494 732 554 geschildert,
763 494 818 554 den
864 491 1065 551 wehmütig¬

190 547 364 607 blasierten
407 544 570 604 Zweifler
624 544 666 604 an
725 541 777 601 sich
841 541 952 601 selbst,
1000 539 1057 599 den

185 597 370 657 tragischen
407 594 577 654 Elegant,
625 591 686 651 das
723 589 954 649 liebesselige,
986 586 1063 646 aber

190 644 254 704 von
295 643 465 703 geheimer
521 640 817 700 Todessehnsucht
873 637 1063 697 beschattete

199 695 293 755 junge
326 693 485 753 Mädchen
522 689 585 749 aus
618 688 670 748 dem
718 687 824 747 Volk.
851 685 893 745 Es
925 685 988 745 sind
1021 680 1068 740 er¬

191 741 382 801 greifende,
409 739 606 799 manchmol
638 735 778 795 wirklich
841 735 944 795 graße
1002 732 1069 792 Ge¬

194 790 304 850 stalten
342 789 437 849 einer
464 788 559 848 Zeit,
580 785 633 845 die
660 783 749 843 nicht
776 783 866 843 mehr
920 783 957 843 an
1015 780 1062 840 sich

194 840 349 900 glaubte,
371 837 464 897 deren
501 834 687 894 Schönheit
714 831 844 891 bereits
876 831 901 891 im
949 829 1078 889 letzten,

195 887 385 947 allerdings
426 884 637 944 bezaubernd
678 882 894 942 vergoldeten
935 877 1070 937 Abend¬

196 938 293 998 glanz
326 934 401 994 lag.
429 932 564 992 Arthur
591 929 797 989 Schnitzlers
857 927 1046 987 Dichtertum

196 986 268 1046 war
289 985 346 1045 es,
362 983 419 1043 daß
456 981 487 1041 er
508 979 612 1039 dieses
649 979 768 1039 Milieu
800 977 872 1037 hoch
904 977 966 1037 und
993 974 1075 1034 weit

199 1031 247 1091 ins
286 1033 497 1093 Menschliche
546 1028 633 1088 hob,
671 1028 735 1088 daß
769 1028 801 1088 er
829 1026 914 1086 schon
948 1023 975 1083 in
1013 1022 1061 1082 den

198 1083 325 1143 Jahren
362 1082 468 1142 seines
506 1078 712 1138 blendenden
755 1076 940 1136 Aufstieges
972 1073 1072 1133 nicht,

196 1131 262 1191 wie
299 1129 370 1189 man
418 1128 468 1188 ihm
521 1126 660 1186 vielfach
722 1126 872 1186 boshaft
903 1122 1078 1182 vorwarf,

199 1180 262 1240 nur
289 1180 347 1240 für
374 1177 426 1237 die
453 1176 739 1236 Kärntnerstraße
771 1174 835 1234 und
867 1171 919 1231 die
946 1171 1067 1231 kleinen

196 1231 338 1291 intimen
370 1228 507 1288 Salons
539 1225 591 1285 bei
618 1225 760 1285 Sacher,
782 1222 919 1282 sondern
956 1219 982 1279 in
1014 1219 1072 1279 der

203 1281 266 1341 Tat
296 1278 347 1338 für
377 1276 429 1336 die
452 1276 544 1336 Welt
568 1275 631 1335 und
667 1273 718 1333 für
748 1273 799 1333 den
835 1270 1066 1330 europäischen

207 1328 299 1388 Geist
324 1326 460 1386 schrieb.

293 1385 448 1445 Diaußen
513 1383 541 1443 in
605 1383 749 1443 Europa
807 1382 887 1442 galt
940 1377 1072 1437 Arthur

203 1436 385 1496 Schnitzler
413 1434 484 1494 auch
518 1431 595 1491 noch
624 1431 656 1491 in
707 1430 767 1490 den
823 1429 955 1489 Jahren
1011 1425 1077 1485 seit

205 1487 256 1547 dem
308 1485 405 1545 Krieg
442 1482 493 1542 als
530 1482 586 1542 der
623 1479 881 1539 Repräsentant
907 1476 963 1536 des
1000 1473 1077 1533 lite¬

203 1535 363 1595 rarischen
397 1529 618 1589 Oesterreich,
647 1529 719 1589 auch
758 1526 785 1586 im
836 1526 946 1586 Sinne
980 1523 1074 1583 jenes

205 1583 349 1643 überaus
412 1579 618 1639 vornehmen
655 1577 888 1637 Lebensstils,
935 1573 991 1633 dem
1043 1570 1074 1630 er

209 1631 387 1691 persönlich
415 1628 589 1688 huldigte.
612 1626 700 1686 Denn
741 1623 869 1683 Arthur
897 1622 1081 1682 Schnitzler

203 1681 264 1741 hat
287 1679 336 1739 als
365 1679 587 1739 künstlerische
616 1676 676 1736 wie
705 1673 760 1733 als
783 1673 994 1733 menschliche
1017 1666 1078 1726 Er¬

208 1729 379 1789 scheinung
413 1726 440 1786 in
485 1726 574 1786 einer
624 1724 691 1784 fast
741 1720 953 1780 verklärten,
998 1714 1080 1774 aber

206 1780 349 1840 dennoch
382 1777 625 1837 schmerzlichen
686 1770 901 1830 Einsamkeit
957 1767 1084 1827 gelebt.

211 1828 292 1888 Auch
325 1825 384 1885 das
422 1825 520 1885 Leben
558 1822 617 1882 des
672 1819 954 1879 Privatmannes
1008 1816 1078 1876 war

208 1879 266 1939 von
305 1876 396 1936 jener
424 1873 509 1933 nicht
532 1870 655 1930 immer
683 1870 780 1930 füßen
818 1868 882 1928 und
910 1865 963 1925 oft
991 1864 1077 1924 sinn¬

206 1926 292 1986 losen
351 1923 576 1983 Traurigkeit
624 1917 763 1977 erfüllt,
804 1917 873 1977 mit
920 1914 978 1974 der
1030 1914 1082 1974 die

209 1974 344 2034 Stirnen
408 1971 515 2031 seiner
572 1968 697 2028 Helden
761 1963 947 2023 gezeichnet
999 1962 1084 2022 sind.

215 2023 420 2083 Namentlich
454 2019 481 2079 in
520 2019 575 2079 den
615 2016 726 2076 letzten
760 2013 893 2073 Jahren
932 2013 993 2073 hat
1021 2010 1070 2070 ihn

209 2072 434 2132 persönliches
463 2067 558 2127 Leid,
581 2067 637 2127 vor
667 2065 745 2125 allem
791 2061 847 2121 der
876 2061 943 2121 Tod
977 2059 1078 2119 seiner

218 2120 455 2180 heingeliebten
490 2116 631 2176 Tochter
660 2115 687 2175 so
722 2112 784 2172 tief
807 2109 994 2169 getroffen,
1023 2108 1078 2168 daß

209 2168 242 2228 er
271 2170 321 2230 sich
356 2168 417 2228 von
452 2166 508 2226 der
553 2164 649 2224 Welt
700 2162 762 2222 und
813 2159 909 2219 ihrer
955 2156 1061 2216 seinem

213 2219 377 2279 innersten
417 2216 524 2276 Wesen
587 2211 829 2271 entfremdeten
870 2207 1084 2267 Wirklichkeit

215 2267 275 2327 von
308 2267 408 2327 beute
458 2264 574 2324 längst
619 2261 774 2321 entfernt
819 2258 929 2318 hatte.
974 2255 1084 2315 Seine

220 2315 420 2375 Dichtungen
453 2311 600 2371 sprachen
659 2308 780 2368 immer
828 2305 992 2365 häufiger
1024 2302 1081 2362 nur

216 2367 245 2427 zu
282 2365 336 2425 dem
385 2362 572 2422 gewählten
610 2359 706 2419 Kreis
737 2357 852 2417 jener,
877 2353 924 2413 die
955 2354 1004 2414 sich
1034 2353 1088 2413 die

214 2413 419 2473 Erinneung
446 2410 600 2470 bewahrt
626 2407 734 2467 hatten
766 2406 827 2466 und
859 2404 920 2464 das
946 2401 1075 2461 Nächeln

215 2464 271 2524 der
328 2461 616 2521 frühlingshellen
674 2458 786 2518 Tige,
856 2455 894 2515 da
952 2452 1087 2512 Arthur

215 2511 401 2571 Schnitzler
452 2508 679 2568 geschrieben,
725 2502 798 2562 was
839 2502 883 2562 ihn
923 2499 985 2559 und
1025 2498 1081 2558 das

215 2562 344 2622 „junge
374 2557 521 2617 Wien",
550 2556 612 2616 von
653 2552 737 2612 einst
766 2550 1010 2610 weitberühmt
1039 2546 1090 2606 ge¬

220 2610 322 2670 macht
373 2608 457 2668 hat:
503 2607 559 2667 den
622 2598 1079 2658 geistoll-mnelancholischen

225 2659 371 2719 Anatol,
396 2655 457 2715 das
488 2654 672 2714 bittersüße
710 2650 985 2710 Vorstadtmädel
1016 2646 1083 2706 und

218 2709 291 2769 jene
337 2705 483 2765 kleinen,
524 2701 795 2761 unnachahmlich
846 2698 959 2758 zarten
1016 2695 1083 2755 und

215 2756 307 2816 leisen
349 2753 581 2813 dromatischen
622 2750 668 2810 El
686 2749 761 2809 gien
815 2750 878 2810 auf
907 2747 959 2807 die
989 2745 1087 2805 selige

962 2794 991 2854 1.
1016 2793 1050 2853 u.

224 2804 481 2864 Liebestorheit
502 2801 596 2861 jener
624 2798 704 2858 Zeit

316 2932 739 2992 Schnitzlers
804 2922 996 2982 letzte

433 3022 862 3082 Lebenszeit

309 3093 381 3153 Der
412 3089 561 3149 weiteren
604 3084 877 3144 Oeffentlichkeit
904 3081 1094 3141 unbekannt

228 3146 281 3206 ist,
306 3143 366 3203 daß
415 3139 608 3199 Arthur
633 3135 898 3195 Schnitzler
947 3132 976 3192 in
1032 3129 1085 3189 den

226 3192 328 3252 letzten
388 3187 636 3247 Lebensjahren
696 3183 814 3243 nicht
869 3180 954 3240 nur
1004 3177 1095 3237 mit

226 3240 446 3300 schweren
518 3237 772 3297 seelischen
855 3228 1092 3288 Kümmer¬

221 3290 408 3350 nissen,
448 3284 658 3344 sondern
692 3280 792 3340 auch
820 3278 909 3338 mit
959 3276 1097 3336 mate¬

221 3338 405 3398 riellen
440 3335 630 3395 Sorgen
666 3332 712 3392 zu
747 3329 960 3389 kämpfen
995 3326 1081 3386 hatte

316 3395 443 3455 Arthur
471 3392 671 3452 Schnitzler,
694 3387 749 3447 der
777 3386 827 3446 nie
856 3386 910 3446 für
933 3385 988 3445 den
1022 3383 1093 3443 Tag

229 3444 425 3504 geschrieben
462 3442 568 3502 hatte,
590 3439 727 3499 sondern
765 3436 887 3496 immer
914 3434 1099 3494 Probleme

229 3495 285 3555 von
332 3493 502 3553 allgemein
544 3487 771 3547 menschlicher
803 3482 1009 3542 Bedeutung
1046 3478 1102 3538 ge¬

233 3541 341 3601 staltet
368 3541 476 3601 hatte,
499 3539 612 3599 verlor
645 3536 705 3596 seit
732 3533 786 3593 dem
836 3532 954 3592 Kriege
988 3529 1100 3589 erheb¬

226 3592 280 3652 lich
318 3592 355 3652 an
394 3591 594 3651 „Zugkraft“
633 3585 692 3645 und
731 3582 898 3642 außerdem
948 3580 1034 3640 setzte
1062 3580 1088 3640 in

231 3639 284 3699 der
316 3639 421 3699 letzten
465 3637 554 3697 Zeit,
597 3634 798 3694 namentlich
857 3631 883 3691 in
942 3628 1095 3688 manchen

230 3687 506 3747 reichsdeutschen
563 3684 717 3744 Kreisen,
784 3679 862 3739 eine
907 3678 1100 3738 heftige

230 3735 311 3795 von
369 3735 456 3795 den
538 3729 1090 3789 Nationalsozialisten

230 3783 518 3843 betriebene
592 3780 863 3840 Agitation
948 3779 1089 3839 gegen

233 3833 476 3893 sämtliche
506 3829 715 3889 deutsche
745 3825 1103 3885 Schriftsteller

229 3883 467 3943 jüdischer
500 3876 797 3936 Abstammung
825 3875 921 3935 ein,
944 3872 997 3932 die
1025 3869 1095 3929 auch

229 3935 288 3995 zur
316 3931 430 3991 Folge
453 3927 560 3987 hatte,
605 3925 664 3985 daß
698 3923 839 3983 deutsche
872 3920 1105 3980 Sortimenter

234 3980 420 4040 erklärten,
439 3979 468 4039 es
500 3977 541 4037 sei
560 3976 614 4036 für
639 3974 674 4034 sie
699 3974 741 4034 ein
772 3977 802 4037 zu
832 3974 953 4034 großes
984 3971 1110 4031 Risiko,

1106 32 1360 92 haufigere
1431 28 1787 88 e

1147 87 1221 147 Auch
1272 88 1343 148 rein
1379 86 1601 146 menschliches
1637 88 1849 148 Mißgeschick
1869 85 1929 145 hat

1151 136 1343 196 Schnitzlers
1379 136 1462 196 letzte
1492 135 1724 195 Lebensjahre
1754 133 1823 193 sehr
1858 132 1931 192 ver¬

1146 184 1281 244 düstert.
1327 183 1458 243 Zuletzt
1510 183 1580 243 war
1611 182 1646 242 es
1682 180 1737 240 der
1768 181 1929 241 tragische

1145 232 1209 292 Tod
1245 233 1349 293 seiner
1385 233 1559 293 einzigen,
1579 231 1639 291 von
1679 230 1729 290 ihm
1779 228 1928 288 überaus

1148 282 1305 342 geliebten
1345 279 1502 339 Tochter,
1547 279 1600 339 die
1655 277 1851 337 bekanntlich
1891 279 1920 339 in

1151 330 1317 390 Benedig,
1344 330 1394 390 wo
1425 329 1470 389 sie
1501 327 1552 387 als
1588 327 1709 387 Gattin
1745 327 1836 387 eines
1867 326 1937 386 ita¬

1149 377 1313 437 lienischen
1350 377 1515 437 Offiziers
1573 374 1676 434 lebte,
1723 374 1810 434 einem
1862 371 1934 431 Un¬

1154 425 1324 485 glücksfall
1346 425 1403 485 zum
1450 425 1559 485 Opfer
1580 424 1662 484 fiel,
1679 423 1782 483 dessen
1819 422 1938 482 nähere

1151 473 1324 533 Umstände
1349 474 1403 534 nie
1433 473 1625 533 aufgeklärt
1651 472 1779 532 werden
1809 470 1946 530 konnte.

1104 533 1284 593 Schnitzler
1315 530 1410 590 erlitt
1441 530 1577 590 damals
1607 530 1697 590 einen
1743 527 1974 587 vollstät¬

1104 582 1244 642 digen
1290 577 1718 637 Zusammenbruch
1789 577 1855 637 und
1911 573 1975 633 nur

1112 629 1161 689 dem
1206 628 1447 688 aufopfernden
1487 625 1659 685 Bemühen
1695 625 1797 685 seiner
1827 625 1965 685 nächsten

1116 677 1307 737 Umgebung
1333 677 1374 737 ist
1396 676 1426 736 es
1458 676 1488 736 zu
1520 676 1659 736 danken,
1701 673 1758 733 daß
1805 673 1840 733 er
1867 673 1970 733 diesen

1113 727 1226 787 Schlag
1259 725 1475 785 überstanden
1514 724 1583 784 hat.
1606 722 1665 782 In
1698 722 1773 782 den
1807 721 1968 781 letzten

1113 774 1339 834 Monaten
1381 773 1561 833 begann
1608 770 1680 830 die
1717 768 1980 828 Gesund¬

1113 823 1210 883 heit
1243 822 1432 882 Arthur
1465 821 1757 881 Schnitzlers
1806 816 1973 876 immer

1108 870 1236 930 mehr
1273 871 1319 931 zu
1360 869 1644 929 schwinden,
1686 867 1774 927 ohne
1826 864 1887 924 daß
1924 863 1975 923 der

1117 919 1260 979 überaus
1324 916 1600 976 zurückhaltende
1664 915 1728 975 und
1793 912 1979 972 vornehme

1118 969 1218 1029 Mann
1274 965 1384 1025 davon
1440 965 1540 1025 selbst
1587 965 1657 1025 auch
1692 962 1798 1022 seinen
1834 962 1974 1022 nächsten

1124 1085 1764 1145 Neueinfürung
1837 1091 1881 1151 der
1909 1088 1980 1148 best-

1117 1135 1278 1195 bekannten
1302 1135 1498 1195 vorzuglichen
1518 1132 1611 1192 Küche
1632 1130 1678 1190 des
1698 1130 1882 1190 Restaurants
1898 1129 1992 1189 Kohn.

1172 1177 1251 1237 XX.
1266 1177 1686 1237 Heinzelmanngasse
1719 1171 1798 1231 1-3,
1817 1168 1891 1228 Ecke
1915 1165 1989 1225 Wal¬

1177 1214 1398 1274 lensteinstrabe
1415 1213 1462 1273 22.
1479 1213 1491 1273 -
1524 1212 1987 1272 Wochenabonnement

1178 1255 1226 1315 mit
1253 1254 1439 1314 zehntägiger
1466 1252 1599 1312 Gültigke
1618 1249 1644 1309 t.
1667 1249 1675 1309 -
1711 1252 1853 1312 Menils
1884 1249 1977 1309 nach

1179 1298 1342 1358 elgener
1364 1296 1470 1356 Wahl
1492 1294 1498 1354 à
1520 1294 1833 1354 S1.20,1.40,4.90
1855 1291 1883 1351 u.
1891 1289 1989 1349 2.40.

1178 1359 1314 1419 Abends:
1337 1359 1438 1419 Braton
1465 1359 1517 1419 mit
1540 1356 1659 1416 Beilage
1681 1355 1747 1415 nach
1778 1354 1862 1414 Wahl
1884 1353 1897 1413 S
1924 1351 1985 1411 1.40

1177 1401 1228 1461 und
1259 1399 1345 1459 große
1367 1398 1504 1458 Auswahl
1526 1395 1547 1455 in
1577 1395 1590 1455 1
1612 1393 1904 1453 Schilling-Speisen.
1922 1391 1986 1451 Ken

1182 1437 1451 1497 Tinkgeldzwang.
1479 1437 1879 1497 Elnkellnersystem.
1903 1431 1989 1491 Keine

1575 1473 1773 1533 Individuelle
1807 1473 1997 1533 Bedienung.

1177 1479 1518 1539 Massenausspeisung.

2100 74 2149 134 Die
2196 73 2442 133 interessanteste
2470 73 2748 133 Schnitzler=Feier
2795 73 2881 133 sollte

2023 118 2045 178 im
2089 118 2222 178 Theater
2254 116 2276 176 in
2312 115 2360 175 der
2387 115 2561 175 Josesstadt
2588 115 2784 175 stattfinden.
2806 115 2886 175 Dort

2023 159 2104 219 sollte
2132 159 2374 219 „Liebelei“
2406 158 2466 218 mit
2493 157 2607 217 Gustav
2644 156 2776 216 Waldau
2831 159 2881 219 als

2015 204 2134 264 alten
2192 201 2395 261 Weiring
2448 202 2580 262 gegeben
2639 201 2757 261 werden
2820 201 2876 261 und

2022 248 2160 308 Paula
2195 246 2381 306 Wessely
2416 244 2463 304 die
2487 246 2646 306 Christine
2670 246 2804 306 spielen.

2096 289 2161 349 Zur
2189 288 2357 348 „Liebelei“
2385 287 2469 347 sollte
2493 285 2529 345 am
2572 286 2669 346 selben
2703 288 2805 348 Abend
2838 285 2889 345 ur¬

2020 333 2188 393 sprünglich
2226 331 2544 391 „Abschiedssouper“
2582 330 2707 390 gegeben
2750 330 2890 390 werden,

2019 377 2084 437 doch
2117 377 2305 437 äußerte
2338 374 2511 434 Arthur
2545 374 2780 434 Schnitzler
2818 374 2883 434 den

2020 420 2203 480 Wunsch,
2227 419 2348 479 einen
2391 419 2625 479 Einakter,
2649 416 2700 476 der
2733 416 2784 476 nie
2818 416 2888 476 aus¬

2022 464 2147 524 geführt
2176 464 2283 524 wurde
2312 462 2372 522 und
2405 463 2437 523 an
2475 461 2526 521 dem
2573 461 2601 521 er
2630 461 2700 521 sehr
2728 461 2816 521 hing,
2840 461 2891 521 bei

2023 507 2117 567 dieser
2141 507 2352 567 Gelegenheit
2371 506 2428 566 auf
2452 506 2503 566 der
2527 505 2644 565 Bühne
2668 506 2701 566 zu
2730 503 2842 563 sehen:
2862 501 2889 561 es

2028 550 2057 610 ist
2082 552 2180 612 „Der
2200 550 2333 610 große
2358 549 2574 609 Wurstel",
2595 547 2658 607 eine
2678 547 2890 607 parodistische

2026 593 2128 653 Szene
2152 594 2212 654 mit
2236 592 2516 652 Schlüsselfiguren
2568 590 2628 650 aus
2675 589 2726 649 der
2755 589 2894 649 literari¬

2028 640 2101 700 schen
2136 639 2332 699 Jugendzeit
2357 636 2563 696 Schnitzlers,
2593 634 2637 694 die
2667 634 2828 694 seinerzeit
2858 634 2882 694 in

2028 682 2112 742 einer
2136 679 2262 739 Wiener
2286 679 2521 739 Tageszeitung
2549 679 2694 739 erschien.

2103 728 2167 788 Das
2202 727 2334 787 Theater
2364 724 2393 784 in
2428 724 2477 784 der
2507 724 2679 784 Josefstadt
2709 724 2782 784 wird
2817 724 2890 784 aller

2036 774 2232 834 Voraussicht
2276 771 2343 831 nach
2392 770 2444 830 den
2478 768 2602 828 Wunsch
2632 768 2818 828 Schnitzlers
2852 765 2895 825 re¬

2033 819 2185 879 spektieren
2235 815 2298 875 und
2333 815 2431 875 diesen
2471 812 2888 872 Schnitzler=Abend

2029 861 2053 921 so
2099 861 2129 921 in
2165 862 2266 922 Szene
2313 862 2403 922 gehen
2439 861 2556 921 lassen,
2597 858 2656 918 wie
2683 858 2713 918 er
2744 858 2799 918 mit
2830 857 2875 917 dem

2031 909 2154 969 Dichter
2182 907 2369 967 verabredet
2397 906 2520 966 wurde.

2134 992 2233 1052 Das
2275 989 2767 1049 Leichenbegängnis

2119 1044 2192 1104 Erst
2220 1046 2248 1106 im
2294 1046 2400 1106 Laufe
2446 1046 2508 1106 des
2566 1046 2717 1106 heutigen
2775 1044 2887 1104 Tages

2033 1098 2159 1158 werden
2196 1096 2249 1156 die
2281 1094 2555 1154 Bestimmungen
2593 1094 2671 1154 über
2725 1092 2777 1152 die
2830 1091 2898 1151 Art

2038 1147 2098 1207 und
2132 1146 2242 1206 Weise
2270 1144 2325 1204 der
2375 1141 2574 1201 Beisetzung
2608 1141 2812 1201 Schnitzlers
2846 1139 2900 1199 ge¬

2035 1195 2151 1255 troffen
2212 1194 2367 1254 werden.
2413 1192 2595 1252 Professor
2646 1189 2718 1249 Dr.
2768 1189 2895 1249 Jutius

2035 1243 2233 1303 Schnitzler,
2262 1243 2317 1303 der
2351 1240 2489 1300 Bruder
2546 1238 2600 1298 des
2662 1237 2889 1297 verstorbenen

2042 1293 2185 1353 Dichters
2219 1292 2279 1352 und
2313 1291 2379 1351 Dr.
2402 1291 2496 1351 Hans
2530 1288 2729 1348 Schnitzler,
2746 1288 2896 1348 Arthurs

2039 1342 2154 1402 Sohn,
2199 1338 2315 1398 wollen
2354 1338 2404 1398 die
2438 1336 2587 1396 Ankunft
2616 1335 2815 1395 Heinrichs,
2843 1332 2898 1392 des

2038 1389 2175 1449 anderen
2213 1386 2355 1446 Sohnes
2387 1386 2519 1446 Arthur
2567 1386 2794 1446 Schnitzlers,
2842 1383 2900 1443 der

2034 1437 2088 1497 als
2126 1437 2304 1497 Regisseur
2338 1434 2402 1494 und
2435 1434 2673 1494 Schauspieler
2711 1431 2737 1491 in
2776 1431 2894 1491 Berlin

2038 1488 2213 1548 engagiert
2239 1488 2295 1548 ist,
2337 1483 2533 1543 abwarten,
2554 1483 2590 1543 um
2642 1482 2724 1542 dann
2761 1479 2822 1539 erst
2848 1478 2899 1538 die

2035 1535 2302 1595 entsprechenden
2342 1535 2586 1595 Verfügungen
2626 1534 2659 1594 zu
2694 1531 2835 1591 treffen.
