<?xml version="1.0" encoding="UTF-8" standalone="yes"?>
<PcGts xmlns="http://schema.primaresearch.org/PAGE/gts/pagecontent/2013-07-15" xmlns:xsi="http://www.w3.org/2001/XMLSchema-instance" xsi:schemaLocation="http://schema.primaresearch.org/PAGE/gts/pagecontent/2013-07-15 http://schema.primaresearch.org/PAGE/gts/pagecontent/2013-07-15/pagecontent.xsd">
    <Metadata>
        <Creator>prov=READ-COOP:name=PyLaia@TranskribusPlatform:version=2.12.1:model_id=39995:lm=none:date=09_04_2024_22:50</Creator>
        <Created>2019-10-07T20:38:46.584+02:00</Created>
        <LastChange>2024-04-09T22:50:26.546+02:00</LastChange>
        <TranskribusMetadata docId="224459" pageId="9581966" pageNr="333" tsid="157630251" status="IN_PROGRESS" userId="64420" imgUrl="https://files.transkribus.eu/Get?id=XGPZEJNKJYHVDGRCWXHNGNVV&amp;fileType=view" xmlUrl="https://files.transkribus.eu/Get?id=NORVZKZLFZLGSOHGIEULCTIB" imageId="6209084"/>
    </Metadata>
    <Page imageFilename="224459_0333.jpeg" imageWidth="3248" imageHeight="4384">
        <ReadingOrder>
            <OrderedGroup id="ro_1712938135573" caption="Regions reading order">
                <RegionRefIndexed index="0" regionRef="tr_1"/>
                <RegionRefIndexed index="1" regionRef="tr_2"/>
                <RegionRefIndexed index="2" regionRef="tr_3"/>
            </OrderedGroup>
        </ReadingOrder>
        <TextRegion orientation="0.0" id="tr_1" custom="readingOrder {index:0;}">
            <Coords points="173,295 173,3762 1266,3762 1266,295"/>
            <TextLine id="tr_1_tl_1" custom="readingOrder {index:0;}">
                <Coords points="186,315 397,362 1263,350 1262,259 186,262"/>
                <Baseline points="194,319 247,320 301,322 354,322 408,322 462,322 515,326 569,328 622,326 676,325 730,328 783,328 837,327 890,331 944,331 998,331 1051,331 1105,333 1158,333 1212,334 1266,331"/>
                <Word id="tr_1_tl_1_w1" custom="readingOrder {index:0;}">
                    <Coords points="195,279 195,339 282,339 282,279"/>
                    <TextEquiv>
                        <Unicode>2.</Unicode>
                    </TextEquiv>
                </Word>
                <Word id="tr_1_tl_1_w2" custom="readingOrder {index:1;}">
                    <Coords points="342,285 342,345 935,345 935,285"/>
                    <TextEquiv>
                        <Unicode>Schnitzlers</Unicode>
                    </TextEquiv>
                </Word>
                <Word id="tr_1_tl_1_w3" custom="readingOrder {index:2;}">
                    <Coords points="995,293 995,353 1231,353 1231,293"/>
                    <TextEquiv>
                        <Unicode>Deatl</Unicode>
                    </TextEquiv>
                </Word>
                <TextEquiv>
                    <Unicode>2. Schnitzlers Deatl</Unicode>
                </TextEquiv>
            </TextLine>
            <TextLine id="tr_1_tl_2" custom="readingOrder {index:1;}">
                <Coords points="323,1353 814,1379 1113,1357 1112,1296 995,1262 322,1277"/>
                <Baseline points="331,1349 370,1346 409,1346 448,1346 488,1341 527,1345 566,1342 605,1337 645,1338 684,1344 723,1346 762,1348 802,1352 841,1352 880,1355 919,1355 959,1355 998,1355 1037,1354 1076,1352 1116,1352"/>
                <Word id="tr_1_tl_2_w1" custom="readingOrder {index:0;}">
                    <Coords points="323,1300 323,1360 999,1360 999,1300"/>
                    <TextEquiv>
                        <Unicode>OBSERVER</Unicode>
                    </TextEquiv>
                </Word>
                <TextEquiv>
                    <Unicode>OBSERVER</Unicode>
                </TextEquiv>
            </TextLine>
            <TextLine id="tr_1_tl_3" custom="readingOrder {index:2;}">
                <Coords points="369,1411 1009,1416 1009,1383 913,1365 369,1369"/>
                <Baseline points="376,1403 407,1401 439,1401 471,1403 503,1403 535,1403 566,1404 598,1406 630,1406 662,1406 694,1406 725,1406 757,1406 789,1407 821,1409 853,1409 884,1409 916,1409 948,1409 980,1410 1012,1409"/>
                <Word id="tr_1_tl_3_w1" custom="readingOrder {index:0;}">
                    <Coords points="367,1362 367,1422 389,1422 389,1362"/>
                    <TextEquiv>
                        <Unicode>l.</Unicode>
                    </TextEquiv>
                </Word>
                <Word id="tr_1_tl_3_w2" custom="readingOrder {index:1;}">
                    <Coords points="403,1362 403,1422 527,1422 527,1362"/>
                    <TextEquiv>
                        <Unicode>österr.</Unicode>
                    </TextEquiv>
                </Word>
                <Word id="tr_1_tl_3_w3" custom="readingOrder {index:2;}">
                    <Coords points="541,1366 541,1426 688,1426 688,1366"/>
                    <TextEquiv>
                        <Unicode>behördl.</Unicode>
                    </TextEquiv>
                </Word>
                <Word id="tr_1_tl_3_w4" custom="readingOrder {index:3;}">
                    <Coords points="702,1369 702,1429 995,1429 995,1369"/>
                    <TextEquiv>
                        <Unicode>konzessioniertes</Unicode>
                    </TextEquiv>
                </Word>
                <TextEquiv>
                    <Unicode>l. österr. behördl. konzessioniertes</Unicode>
                </TextEquiv>
            </TextLine>
            <TextLine id="tr_1_tl_4" custom="readingOrder {index:3;}">
                <Coords points="315,1454 1060,1457 1034,1406 315,1407"/>
                <Baseline points="322,1445 359,1443 396,1442 433,1442 470,1443 507,1445 544,1445 581,1447 618,1446 655,1446 692,1448 729,1448 766,1451 803,1451 840,1451 877,1451 914,1451 951,1451 988,1451 1025,1451 1063,1454"/>
                <Word id="tr_1_tl_4_w1" custom="readingOrder {index:0;}">
                    <Coords points="318,1402 318,1462 554,1462 554,1402"/>
                    <TextEquiv>
                        <Unicode>Unternehmen</Unicode>
                    </TextEquiv>
                </Word>
                <Word id="tr_1_tl_4_w2" custom="readingOrder {index:1;}">
                    <Coords points="586,1406 586,1466 631,1466 631,1406"/>
                    <TextEquiv>
                        <Unicode>für</Unicode>
                    </TextEquiv>
                </Word>
                <Word id="tr_1_tl_4_w3" custom="readingOrder {index:2;}">
                    <Coords points="659,1411 659,1471 1041,1471 1041,1411"/>
                    <TextEquiv>
                        <Unicode>Zeitungs-Ausschnitte</Unicode>
                    </TextEquiv>
                </Word>
                <TextEquiv>
                    <Unicode>Unternehmen für Zeitungs-Ausschnitte</Unicode>
                </TextEquiv>
            </TextLine>
            <TextLine id="tr_1_tl_5" custom="readingOrder {index:4;}">
                <Coords points="372,1517 997,1521 995,1470 856,1471 829,1451 609,1475 370,1451"/>
                <Baseline points="379,1505 410,1505 441,1505 472,1505 503,1507 534,1508 565,1508 596,1508 627,1508 658,1508 689,1508 720,1510 751,1511 782,1511 813,1511 844,1511 875,1511 906,1513 937,1515 968,1517 1000,1517"/>
                <Word id="tr_1_tl_5_w1" custom="readingOrder {index:0;}">
                    <Coords points="373,1465 373,1525 518,1525 518,1465"/>
                    <TextEquiv>
                        <Unicode>WIEN,</Unicode>
                    </TextEquiv>
                </Word>
                <Word id="tr_1_tl_5_w2" custom="readingOrder {index:1;}">
                    <Coords points="546,1468 546,1528 592,1528 592,1468"/>
                    <TextEquiv>
                        <Unicode>I.,</Unicode>
                    </TextEquiv>
                </Word>
                <Word id="tr_1_tl_5_w3" custom="readingOrder {index:2;}">
                    <Coords points="619,1471 619,1531 898,1531 898,1471"/>
                    <TextEquiv>
                        <Unicode>WOLLZEILE</Unicode>
                    </TextEquiv>
                </Word>
                <Word id="tr_1_tl_5_w4" custom="readingOrder {index:3;}">
                    <Coords points="952,1477 952,1537 992,1537 992,1477"/>
                    <TextEquiv>
                        <Unicode>11</Unicode>
                    </TextEquiv>
                </Word>
                <TextEquiv>
                    <Unicode>WIEN, I., WOLLZEILE 11</Unicode>
                </TextEquiv>
            </TextLine>
            <TextLine id="tr_1_tl_6" custom="readingOrder {index:5;}">
                <Coords points="472,1565 636,1576 718,1561 739,1576 814,1565 872,1581 909,1576 909,1525 471,1516"/>
                <Baseline points="480,1558 505,1558 530,1558 556,1558 581,1558 607,1558 632,1558 658,1558 683,1560 709,1561 734,1561 760,1561 785,1561 811,1561 836,1561 862,1561 887,1562 913,1567"/>
                <Word id="tr_1_tl_6_w1" custom="readingOrder {index:0;}">
                    <Coords points="471,1518 471,1578 683,1578 683,1518"/>
                    <TextEquiv>
                        <Unicode>TELEPHON</Unicode>
                    </TextEquiv>
                </Word>
                <Word id="tr_1_tl_6_w2" custom="readingOrder {index:1;}">
                    <Coords points="716,1521 716,1581 891,1581 891,1521"/>
                    <TextEquiv>
                        <Unicode>R-23-0-43</Unicode>
                    </TextEquiv>
                </Word>
                <TextEquiv>
                    <Unicode>TELEPHON R-23-0-43</Unicode>
                </TextEquiv>
            </TextLine>
            <TextLine id="tr_1_tl_7" custom="readingOrder {index:6;}">
                <Coords points="258,1697 392,1707 413,1722 492,1702 594,1714 609,1711 608,1639 527,1667 455,1652 437,1666 393,1648 345,1663 256,1639"/>
                <Baseline points="265,1696 291,1696 318,1696 345,1696 371,1696 398,1696 425,1698 451,1699 478,1697 505,1697 531,1699 558,1701 585,1703 612,1705"/>
                <Word id="tr_1_tl_7_w1" custom="readingOrder {index:0;}">
                    <Coords points="262,1656 262,1716 484,1716 484,1656"/>
                    <TextEquiv>
                        <Unicode>Ausschnitt</Unicode>
                    </TextEquiv>
                </Word>
                <Word id="tr_1_tl_7_w2" custom="readingOrder {index:1;}">
                    <Coords points="507,1660 507,1720 601,1720 601,1660"/>
                    <TextEquiv>
                        <Unicode>aus:</Unicode>
                    </TextEquiv>
                </Word>
                <TextEquiv>
                    <Unicode>Ausschnitt aus:</Unicode>
                </TextEquiv>
            </TextLine>
            <TextLine id="tr_1_tl_8" custom="readingOrder {index:7;}">
                <Coords points="476,1831 547,1828 606,1836 633,1854 684,1846 712,1859 723,1854 715,1769 620,1784 554,1780 511,1756 469,1761"/>
                <Baseline points="483,1821 509,1824 536,1827 563,1827 590,1829 617,1833 644,1837 671,1840 698,1844 725,1845"/>
                <Word id="tr_1_tl_8_w1" custom="readingOrder {index:0;}">
                    <Coords points="475,1788 475,1848 698,1848 698,1788"/>
                    <TextEquiv>
                        <Unicode>UDEMAOC</Unicode>
                    </TextEquiv>
                </Word>
                <TextEquiv>
                    <Unicode>UDEMAOC</Unicode>
                </TextEquiv>
            </TextLine>
            <TextLine id="tr_1_tl_9" custom="readingOrder {index:8;}">
                <Coords points="292,1883 406,1868 591,1922 708,1902 805,1946 919,1907 911,1801 820,1783 719,1870 384,1808 288,1828"/>
                <Baseline points="298,1872 329,1866 360,1863 391,1864 422,1870 454,1875 485,1879 516,1882 547,1884 578,1888 610,1890 641,1894 672,1900 703,1901 734,1899 766,1899 797,1900 828,1902 859,1904 890,1905 922,1908"/>
                <Word id="tr_1_tl_9_w1" custom="readingOrder {index:0;}">
                    <Coords points="301,1824 301,1884 382,1884 382,1824"/>
                    <TextEquiv>
                        <Unicode>80</Unicode>
                    </TextEquiv>
                </Word>
                <Word id="tr_1_tl_9_w2" custom="readingOrder {index:1;}">
                    <Coords points="514,1844 514,1904 583,1904 583,1844"/>
                    <TextEquiv>
                        <Unicode>10</Unicode>
                    </TextEquiv>
                </Word>
                <Word id="tr_1_tl_9_w3" custom="readingOrder {index:2;}">
                    <Coords points="714,1859 714,1919 878,1919 878,1859"/>
                    <TextEquiv>
                        <Unicode>1821</Unicode>
                    </TextEquiv>
                </Word>
                <TextEquiv>
                    <Unicode>80 10 1821</Unicode>
                </TextEquiv>
            </TextLine>
            <TextLine id="tr_1_tl_10" custom="readingOrder {index:9;}">
                <Coords points="321,2198 993,2218 991,2142 905,2116 807,2108 752,2134 719,2108 593,2133 393,2116 321,2137"/>
                <Baseline points="328,2186 361,2186 394,2187 427,2189 461,2189 494,2187 527,2187 561,2189 594,2189 627,2189 661,2189 694,2189 727,2189 760,2191 794,2192 827,2192 860,2192 894,2192 927,2192 960,2192 994,2192"/>
                <Word id="tr_1_tl_10_w1" custom="readingOrder {index:0;}">
                    <Coords points="332,2149 332,2209 550,2209 550,2149"/>
                    <TextEquiv>
                        <Unicode>Arthur</Unicode>
                    </TextEquiv>
                </Word>
                <Word id="tr_1_tl_10_w2" custom="readingOrder {index:1;}">
                    <Coords points="606,2151 606,2211 978,2211 978,2151"/>
                    <TextEquiv>
                        <Unicode>Schnitzler.</Unicode>
                    </TextEquiv>
                </Word>
                <TextEquiv>
                    <Unicode>Arthur Schnitzler.</Unicode>
                </TextEquiv>
            </TextLine>
            <TextLine id="tr_1_tl_11" custom="readingOrder {index:10;}">
                <Coords points="224,2268 1135,2280 1135,2225 998,2214 224,2226"/>
                <Baseline points="232,2254 277,2254 322,2254 367,2254 413,2257 458,2257 503,2257 548,2260 594,2260 639,2260 684,2260 729,2260 775,2260 820,2260 865,2260 910,2263 956,2263 1001,2263 1046,2263 1091,2266 1137,2266"/>
                <Word id="tr_1_tl_11_w1" custom="readingOrder {index:0;}">
                    <Coords points="230,2214 230,2274 348,2274 348,2214"/>
                    <TextEquiv>
                        <Unicode>Arthur</Unicode>
                    </TextEquiv>
                </Word>
                <Word id="tr_1_tl_11_w2" custom="readingOrder {index:1;}">
                    <Coords points="381,2217 381,2277 565,2277 565,2217"/>
                    <TextEquiv>
                        <Unicode>Schnitzler,</Unicode>
                    </TextEquiv>
                </Word>
                <Word id="tr_1_tl_11_w3" custom="readingOrder {index:2;}">
                    <Coords points="592,2220 592,2280 646,2280 646,2220"/>
                    <TextEquiv>
                        <Unicode>der</Unicode>
                    </TextEquiv>
                </Word>
                <Word id="tr_1_tl_11_w4" custom="readingOrder {index:3;}">
                    <Coords points="679,2220 679,2280 868,2280 868,2220"/>
                    <TextEquiv>
                        <Unicode>feinsinnige</Unicode>
                    </TextEquiv>
                </Word>
                <Word id="tr_1_tl_11_w5" custom="readingOrder {index:4;}">
                    <Coords points="906,2223 906,2283 1030,2283 1030,2223"/>
                    <TextEquiv>
                        <Unicode>Dichter</Unicode>
                    </TextEquiv>
                </Word>
                <Word id="tr_1_tl_11_w6" custom="readingOrder {index:5;}">
                    <Coords points="1068,2226 1068,2286 1127,2286 1127,2226"/>
                    <TextEquiv>
                        <Unicode>und</Unicode>
                    </TextEquiv>
                </Word>
                <TextEquiv>
                    <Unicode>Arthur Schnitzler, der feinsinnige Dichter und</Unicode>
                </TextEquiv>
            </TextLine>
            <TextLine id="tr_1_tl_12" custom="readingOrder {index:11;}">
                <Coords points="186,2312 1139,2316 1112,2271 186,2268"/>
                <Baseline points="194,2305 241,2305 288,2305 335,2305 383,2305 430,2305 477,2305 525,2306 572,2308 619,2308 667,2308 714,2310 761,2311 808,2311 856,2311 903,2311 950,2311 998,2314 1045,2314 1092,2314 1140,2308"/>
                <Word id="tr_1_tl_12_w1" custom="readingOrder {index:0;}">
                    <Coords points="186,2265 186,2325 479,2325 479,2265"/>
                    <TextEquiv>
                        <Unicode>charakteristischste</Unicode>
                    </TextEquiv>
                </Word>
                <Word id="tr_1_tl_12_w2" custom="readingOrder {index:1;}">
                    <Coords points="512,2268 512,2328 680,2328 680,2268"/>
                    <TextEquiv>
                        <Unicode>Vertreter</Unicode>
                    </TextEquiv>
                </Word>
                <Word id="tr_1_tl_12_w3" custom="readingOrder {index:2;}">
                    <Coords points="708,2271 708,2331 968,2331 968,2271"/>
                    <TextEquiv>
                        <Unicode>österreichischen</Unicode>
                    </TextEquiv>
                </Word>
                <Word id="tr_1_tl_12_w4" custom="readingOrder {index:3;}">
                    <Coords points="1007,2274 1007,2334 1136,2334 1136,2274"/>
                    <TextEquiv>
                        <Unicode>Schrift¬</Unicode>
                    </TextEquiv>
                </Word>
                <TextEquiv>
                    <Unicode>charakteristischste Vertreter österreichischen Schrift¬</Unicode>
                </TextEquiv>
            </TextLine>
            <TextLine id="tr_1_tl_13" custom="readingOrder {index:12;}">
                <Coords points="181,2362 1136,2371 1135,2324 1078,2319 181,2310"/>
                <Baseline points="188,2350 235,2353 283,2356 330,2356 378,2356 426,2356 473,2356 521,2357 568,2359 616,2359 664,2359 711,2359 759,2359 806,2361 854,2362 902,2362 949,2362 997,2365 1044,2365 1092,2365 1140,2365"/>
                <Word id="tr_1_tl_13_w1" custom="readingOrder {index:0;}">
                    <Coords points="181,2313 181,2373 291,2373 291,2313"/>
                    <TextEquiv>
                        <Unicode>tums,</Unicode>
                    </TextEquiv>
                </Word>
                <Word id="tr_1_tl_13_w2" custom="readingOrder {index:1;}">
                    <Coords points="313,2316 313,2376 376,2376 376,2316"/>
                    <TextEquiv>
                        <Unicode>lebt</Unicode>
                    </TextEquiv>
                </Word>
                <Word id="tr_1_tl_13_w3" custom="readingOrder {index:2;}">
                    <Coords points="403,2316 403,2376 487,2376 487,2316"/>
                    <TextEquiv>
                        <Unicode>nicht</Unicode>
                    </TextEquiv>
                </Word>
                <Word id="tr_1_tl_13_w4" custom="readingOrder {index:3;}">
                    <Coords points="515,2318 515,2378 620,2378 620,2318"/>
                    <TextEquiv>
                        <Unicode>mehr.</Unicode>
                    </TextEquiv>
                </Word>
                <Word id="tr_1_tl_13_w5" custom="readingOrder {index:4;}">
                    <Coords points="642,2319 642,2379 705,2379 705,2319"/>
                    <TextEquiv>
                        <Unicode>Dor</Unicode>
                    </TextEquiv>
                </Word>
                <Word id="tr_1_tl_13_w6" custom="readingOrder {index:5;}">
                    <Coords points="732,2319 732,2379 810,2379 810,2319"/>
                    <TextEquiv>
                        <Unicode>nicht</Unicode>
                    </TextEquiv>
                </Word>
                <Word id="tr_1_tl_13_w7" custom="readingOrder {index:6;}">
                    <Coords points="838,2322 838,2382 1033,2382 1033,2322"/>
                    <TextEquiv>
                        <Unicode>allzulanger</Unicode>
                    </TextEquiv>
                </Word>
                <Word id="tr_1_tl_13_w8" custom="readingOrder {index:7;}">
                    <Coords points="1066,2325 1066,2385 1134,2385 1134,2325"/>
                    <TextEquiv>
                        <Unicode>Zeit</Unicode>
                    </TextEquiv>
                </Word>
                <TextEquiv>
                    <Unicode>tums, lebt nicht mehr. Dor nicht allzulanger Zeit</Unicode>
                </TextEquiv>
            </TextLine>
            <TextLine id="tr_1_tl_14" custom="readingOrder {index:13;}">
                <Coords points="186,2413 1140,2425 1140,2383 1097,2370 186,2373"/>
                <Baseline points="194,2404 241,2404 288,2404 336,2405 383,2407 431,2407 478,2407 526,2407 573,2407 621,2407 668,2407 715,2409 763,2410 810,2410 858,2410 905,2410 953,2412 1000,2412 1048,2412 1095,2412 1143,2412"/>
                <Word id="tr_1_tl_14_w1" custom="readingOrder {index:0;}">
                    <Coords points="186,2364 186,2424 292,2424 292,2364"/>
                    <TextEquiv>
                        <Unicode>wurde</Unicode>
                    </TextEquiv>
                </Word>
                <Word id="tr_1_tl_14_w2" custom="readingOrder {index:1;}">
                    <Coords points="319,2367 319,2427 467,2427 467,2367"/>
                    <TextEquiv>
                        <Unicode>anläßlich</Unicode>
                    </TextEquiv>
                </Word>
                <Word id="tr_1_tl_14_w3" custom="readingOrder {index:2;}">
                    <Coords points="500,2367 500,2427 600,2427 600,2367"/>
                    <TextEquiv>
                        <Unicode>seines</Unicode>
                    </TextEquiv>
                </Word>
                <Word id="tr_1_tl_14_w4" custom="readingOrder {index:3;}">
                    <Coords points="627,2369 627,2429 866,2429 866,2369"/>
                    <TextEquiv>
                        <Unicode>Geburtstages</Unicode>
                    </TextEquiv>
                </Word>
                <Word id="tr_1_tl_14_w5" custom="readingOrder {index:4;}">
                    <Coords points="893,2370 893,2430 957,2430 957,2370"/>
                    <TextEquiv>
                        <Unicode>viel</Unicode>
                    </TextEquiv>
                </Word>
                <Word id="tr_1_tl_14_w6" custom="readingOrder {index:5;}">
                    <Coords points="979,2372 979,2432 1053,2432 1053,2372"/>
                    <TextEquiv>
                        <Unicode>über</Unicode>
                    </TextEquiv>
                </Word>
                <Word id="tr_1_tl_14_w7" custom="readingOrder {index:6;}">
                    <Coords points="1080,2372 1080,2432 1122,2432 1122,2372"/>
                    <TextEquiv>
                        <Unicode>ihn</Unicode>
                    </TextEquiv>
                </Word>
                <TextEquiv>
                    <Unicode>wurde anläßlich seines Geburtstages viel über ihn</Unicode>
                </TextEquiv>
            </TextLine>
            <TextLine id="tr_1_tl_15" custom="readingOrder {index:14;}">
                <Coords points="181,2464 1136,2477 1116,2422 181,2416"/>
                <Baseline points="188,2454 235,2451 283,2454 330,2454 378,2454 426,2455 473,2457 521,2457 568,2457 616,2457 664,2457 711,2457 759,2459 806,2460 854,2460 902,2460 949,2460 997,2460 1044,2463 1092,2462 1140,2460"/>
                <Word id="tr_1_tl_15_w1" custom="readingOrder {index:0;}">
                    <Coords points="181,2413 181,2473 206,2473 206,2413"/>
                    <TextEquiv>
                        <Unicode>in</Unicode>
                    </TextEquiv>
                </Word>
                <Word id="tr_1_tl_15_w2" custom="readingOrder {index:1;}">
                    <Coords points="238,2413 238,2473 310,2473 310,2413"/>
                    <TextEquiv>
                        <Unicode>allen</Unicode>
                    </TextEquiv>
                </Word>
                <Word id="tr_1_tl_15_w3" custom="readingOrder {index:2;}">
                    <Coords points="341,2414 341,2474 502,2474 502,2414"/>
                    <TextEquiv>
                        <Unicode>deutschen</Unicode>
                    </TextEquiv>
                </Word>
                <Word id="tr_1_tl_15_w4" custom="readingOrder {index:3;}">
                    <Coords points="533,2417 533,2477 703,2477 703,2417"/>
                    <TextEquiv>
                        <Unicode>Zeitungen</Unicode>
                    </TextEquiv>
                </Word>
                <Word id="tr_1_tl_15_w5" custom="readingOrder {index:4;}">
                    <Coords points="736,2420 736,2480 927,2480 927,2420"/>
                    <TextEquiv>
                        <Unicode>geschrieben</Unicode>
                    </TextEquiv>
                </Word>
                <Word id="tr_1_tl_15_w6" custom="readingOrder {index:5;}">
                    <Coords points="953,2420 953,2480 968,2480 968,2420"/>
                    <TextEquiv>
                        <Unicode>—</Unicode>
                    </TextEquiv>
                </Word>
                <Word id="tr_1_tl_15_w7" custom="readingOrder {index:6;}">
                    <Coords points="1016,2422 1016,2482 1134,2482 1134,2422"/>
                    <TextEquiv>
                        <Unicode>trauri¬</Unicode>
                    </TextEquiv>
                </Word>
                <TextEquiv>
                    <Unicode>in allen deutschen Zeitungen geschrieben — trauri¬</Unicode>
                </TextEquiv>
            </TextLine>
            <TextLine id="tr_1_tl_16" custom="readingOrder {index:15;}">
                <Coords points="177,2516 1135,2526 1133,2479 1058,2469 176,2464"/>
                <Baseline points="185,2505 232,2505 280,2505 327,2505 375,2505 423,2505 470,2505 518,2506 565,2507 613,2507 661,2508 708,2508 756,2508 803,2508 851,2511 899,2511 946,2508 994,2508 1041,2511 1089,2510 1137,2508"/>
                <Word id="tr_1_tl_16_w1" custom="readingOrder {index:0;}">
                    <Coords points="176,2465 176,2525 214,2525 214,2465"/>
                    <TextEquiv>
                        <Unicode>ge</Unicode>
                    </TextEquiv>
                </Word>
                <Word id="tr_1_tl_16_w2" custom="readingOrder {index:1;}">
                    <Coords points="247,2465 247,2525 366,2525 366,2465"/>
                    <TextEquiv>
                        <Unicode>Pflicht</Unicode>
                    </TextEquiv>
                </Word>
                <Word id="tr_1_tl_16_w3" custom="readingOrder {index:2;}">
                    <Coords points="394,2465 394,2525 431,2525 431,2465"/>
                    <TextEquiv>
                        <Unicode>ist</Unicode>
                    </TextEquiv>
                </Word>
                <Word id="tr_1_tl_16_w4" custom="readingOrder {index:3;}">
                    <Coords points="459,2465 459,2525 491,2525 491,2465"/>
                    <TextEquiv>
                        <Unicode>es</Unicode>
                    </TextEquiv>
                </Word>
                <Word id="tr_1_tl_16_w5" custom="readingOrder {index:4;}">
                    <Coords points="524,2467 524,2527 632,2527 632,2467"/>
                    <TextEquiv>
                        <Unicode>heute,</Unicode>
                    </TextEquiv>
                </Word>
                <Word id="tr_1_tl_16_w6" custom="readingOrder {index:5;}">
                    <Coords points="660,2468 660,2528 714,2528 714,2468"/>
                    <TextEquiv>
                        <Unicode>dem</Unicode>
                    </TextEquiv>
                </Word>
                <Word id="tr_1_tl_16_w7" custom="readingOrder {index:6;}">
                    <Coords points="764,2470 764,2530 931,2530 931,2470"/>
                    <TextEquiv>
                        <Unicode>Andenken</Unicode>
                    </TextEquiv>
                </Word>
                <Word id="tr_1_tl_16_w8" custom="readingOrder {index:7;}">
                    <Coords points="970,2468 970,2528 1024,2528 1024,2468"/>
                    <TextEquiv>
                        <Unicode>des</Unicode>
                    </TextEquiv>
                </Word>
                <Word id="tr_1_tl_16_w9" custom="readingOrder {index:8;}">
                    <Coords points="1052,2469 1052,2529 1132,2529 1132,2469"/>
                    <TextEquiv>
                        <Unicode>Ver¬</Unicode>
                    </TextEquiv>
                </Word>
                <TextEquiv>
                    <Unicode>ge Pflicht ist es heute, dem Andenken des Ver¬</Unicode>
                </TextEquiv>
            </TextLine>
            <TextLine id="tr_1_tl_17" custom="readingOrder {index:16;}">
                <Coords points="189,2566 853,2567 852,2534 751,2509 621,2538 522,2511 189,2516"/>
                <Baseline points="197,2556 229,2552 262,2551 295,2553 328,2553 361,2553 394,2553 426,2553 459,2553 492,2555 525,2556 558,2556 591,2556 624,2556 656,2556 689,2556 722,2556 755,2556 788,2557 821,2559 854,2562"/>
                <Word id="tr_1_tl_17_w1" custom="readingOrder {index:0;}">
                    <Coords points="184,2511 184,2571 344,2571 344,2511"/>
                    <TextEquiv>
                        <Unicode>storbenen</Unicode>
                    </TextEquiv>
                </Word>
                <Word id="tr_1_tl_17_w2" custom="readingOrder {index:1;}">
                    <Coords points="376,2513 376,2573 476,2573 476,2513"/>
                    <TextEquiv>
                        <Unicode>einige</Unicode>
                    </TextEquiv>
                </Word>
                <Word id="tr_1_tl_17_w3" custom="readingOrder {index:2;}">
                    <Coords points="502,2516 502,2576 598,2576 598,2516"/>
                    <TextEquiv>
                        <Unicode>Zellen</Unicode>
                    </TextEquiv>
                </Word>
                <Word id="tr_1_tl_17_w4" custom="readingOrder {index:3;}">
                    <Coords points="629,2516 629,2576 659,2576 659,2516"/>
                    <TextEquiv>
                        <Unicode>zu</Unicode>
                    </TextEquiv>
                </Word>
                <Word id="tr_1_tl_17_w5" custom="readingOrder {index:4;}">
                    <Coords points="685,2516 685,2576 841,2576 841,2516"/>
                    <TextEquiv>
                        <Unicode>widmen.</Unicode>
                    </TextEquiv>
                </Word>
                <TextEquiv>
                    <Unicode>storbenen einige Zellen zu widmen.</Unicode>
                </TextEquiv>
            </TextLine>
            <TextLine id="tr_1_tl_18" custom="readingOrder {index:17;}">
                <Coords points="225,2610 1140,2628 1139,2564 224,2558"/>
                <Baseline points="232,2601 277,2601 323,2601 368,2604 414,2601 459,2604 505,2601 550,2604 596,2607 641,2607 687,2607 733,2607 778,2607 824,2608 869,2610 915,2609 960,2608 1006,2610 1051,2610 1097,2610 1143,2613"/>
                <Word id="tr_1_tl_18_w1" custom="readingOrder {index:0;}">
                    <Coords points="224,2561 224,2621 391,2621 391,2561"/>
                    <TextEquiv>
                        <Unicode>Schnitzler</Unicode>
                    </TextEquiv>
                </Word>
                <Word id="tr_1_tl_18_w2" custom="readingOrder {index:1;}">
                    <Coords points="424,2564 424,2624 494,2624 494,2564"/>
                    <TextEquiv>
                        <Unicode>war</Unicode>
                    </TextEquiv>
                </Word>
                <Word id="tr_1_tl_18_w3" custom="readingOrder {index:2;}">
                    <Coords points="527,2563 527,2623 569,2623 569,2563"/>
                    <TextEquiv>
                        <Unicode>ein</Unicode>
                    </TextEquiv>
                </Word>
                <Word id="tr_1_tl_18_w4" custom="readingOrder {index:3;}">
                    <Coords points="608,2567 608,2627 748,2627 748,2567"/>
                    <TextEquiv>
                        <Unicode>Dichter,</Unicode>
                    </TextEquiv>
                </Word>
                <Word id="tr_1_tl_18_w5" custom="readingOrder {index:4;}">
                    <Coords points="776,2567 776,2627 829,2627 829,2567"/>
                    <TextEquiv>
                        <Unicode>dem</Unicode>
                    </TextEquiv>
                </Word>
                <Word id="tr_1_tl_18_w6" custom="readingOrder {index:5;}">
                    <Coords points="879,2568 879,2628 964,2628 964,2568"/>
                    <TextEquiv>
                        <Unicode>jedes</Unicode>
                    </TextEquiv>
                </Word>
                <Word id="tr_1_tl_18_w7" custom="readingOrder {index:6;}">
                    <Coords points="1003,2570 1003,2630 1127,2630 1127,2570"/>
                    <TextEquiv>
                        <Unicode>Pathos</Unicode>
                    </TextEquiv>
                </Word>
                <TextEquiv>
                    <Unicode>Schnitzler war ein Dichter, dem jedes Pathos</Unicode>
                </TextEquiv>
            </TextLine>
            <TextLine id="tr_1_tl_19" custom="readingOrder {index:18;}">
                <Coords points="177,2670 1141,2685 1120,2623 177,2618"/>
                <Baseline points="185,2654 232,2651 280,2651 328,2651 376,2651 424,2651 472,2652 520,2654 568,2654 616,2654 664,2654 711,2654 759,2656 807,2657 855,2657 903,2657 951,2657 999,2658 1047,2660 1095,2660 1143,2663"/>
                <Word id="tr_1_tl_19_w1" custom="readingOrder {index:0;}">
                    <Coords points="182,2611 182,2671 281,2671 281,2611"/>
                    <TextEquiv>
                        <Unicode>fremd</Unicode>
                    </TextEquiv>
                </Word>
                <Word id="tr_1_tl_19_w2" custom="readingOrder {index:1;}">
                    <Coords points="307,2611 307,2671 393,2671 393,2611"/>
                    <TextEquiv>
                        <Unicode>war,</Unicode>
                    </TextEquiv>
                </Word>
                <Word id="tr_1_tl_19_w3" custom="readingOrder {index:2;}">
                    <Coords points="408,2611 408,2671 458,2671 458,2611"/>
                    <TextEquiv>
                        <Unicode>der</Unicode>
                    </TextEquiv>
                </Word>
                <Word id="tr_1_tl_19_w4" custom="readingOrder {index:3;}">
                    <Coords points="479,2614 479,2674 564,2674 564,2614"/>
                    <TextEquiv>
                        <Unicode>keine</Unicode>
                    </TextEquiv>
                </Word>
                <Word id="tr_1_tl_19_w5" custom="readingOrder {index:4;}">
                    <Coords points="585,2614 585,2674 680,2674 680,2614"/>
                    <TextEquiv>
                        <Unicode>Sache</Unicode>
                    </TextEquiv>
                </Word>
                <Word id="tr_1_tl_19_w6" custom="readingOrder {index:5;}">
                    <Coords points="701,2614 701,2674 731,2674 731,2614"/>
                    <TextEquiv>
                        <Unicode>zu</Unicode>
                    </TextEquiv>
                </Word>
                <Word id="tr_1_tl_19_w7" custom="readingOrder {index:6;}">
                    <Coords points="757,2617 757,2677 862,2677 862,2617"/>
                    <TextEquiv>
                        <Unicode>gering</Unicode>
                    </TextEquiv>
                </Word>
                <Word id="tr_1_tl_19_w8" custom="readingOrder {index:7;}">
                    <Coords points="888,2617 888,2677 1059,2677 1059,2617"/>
                    <TextEquiv>
                        <Unicode>erachtete,</Unicode>
                    </TextEquiv>
                </Word>
                <Word id="tr_1_tl_19_w9" custom="readingOrder {index:8;}">
                    <Coords points="1074,2620 1074,2680 1114,2680 1114,2620"/>
                    <TextEquiv>
                        <Unicode>um</Unicode>
                    </TextEquiv>
                </Word>
                <TextEquiv>
                    <Unicode>fremd war, der keine Sache zu gering erachtete, um</Unicode>
                </TextEquiv>
            </TextLine>
            <TextLine id="tr_1_tl_20" custom="readingOrder {index:19;}">
                <Coords points="177,2716 1141,2727 1141,2681 1073,2664 177,2672"/>
                <Baseline points="185,2699 232,2699 280,2699 328,2699 376,2700 424,2701 472,2700 520,2702 568,2702 616,2702 664,2704 711,2705 759,2705 807,2705 855,2705 903,2708 951,2708 999,2708 1047,2708 1095,2708 1143,2711"/>
                <Word id="tr_1_tl_20_w1" custom="readingOrder {index:0;}">
                    <Coords points="183,2659 183,2719 260,2719 260,2659"/>
                    <TextEquiv>
                        <Unicode>nicht</Unicode>
                    </TextEquiv>
                </Word>
                <Word id="tr_1_tl_20_w2" custom="readingOrder {index:1;}">
                    <Coords points="288,2659 288,2719 309,2719 309,2659"/>
                    <TextEquiv>
                        <Unicode>in</Unicode>
                    </TextEquiv>
                </Word>
                <Word id="tr_1_tl_20_w3" custom="readingOrder {index:2;}">
                    <Coords points="343,2660 343,2720 442,2720 442,2660"/>
                    <TextEquiv>
                        <Unicode>seinen</Unicode>
                    </TextEquiv>
                </Word>
                <Word id="tr_1_tl_20_w4" custom="readingOrder {index:3;}">
                    <Coords points="476,2662 476,2722 608,2722 608,2662"/>
                    <TextEquiv>
                        <Unicode>Werken</Unicode>
                    </TextEquiv>
                </Word>
                <Word id="tr_1_tl_20_w5" custom="readingOrder {index:4;}">
                    <Coords points="642,2664 642,2724 729,2724 729,2664"/>
                    <TextEquiv>
                        <Unicode>dafür</Unicode>
                    </TextEquiv>
                </Word>
                <Word id="tr_1_tl_20_w6" custom="readingOrder {index:5;}">
                    <Coords points="758,2665 758,2725 873,2725 873,2665"/>
                    <TextEquiv>
                        <Unicode>Partei</Unicode>
                    </TextEquiv>
                </Word>
                <Word id="tr_1_tl_20_w7" custom="readingOrder {index:6;}">
                    <Coords points="896,2668 896,2728 923,2728 923,2668"/>
                    <TextEquiv>
                        <Unicode>zu</Unicode>
                    </TextEquiv>
                </Word>
                <Word id="tr_1_tl_20_w8" custom="readingOrder {index:7;}">
                    <Coords points="956,2668 956,2728 1133,2728 1133,2668"/>
                    <TextEquiv>
                        <Unicode>ergreifen.</Unicode>
                    </TextEquiv>
                </Word>
                <TextEquiv>
                    <Unicode>nicht in seinen Werken dafür Partei zu ergreifen.</Unicode>
                </TextEquiv>
            </TextLine>
            <TextLine id="tr_1_tl_21" custom="readingOrder {index:20;}">
                <Coords points="181,2756 1133,2764 1133,2715 181,2716"/>
                <Baseline points="188,2750 235,2750 282,2750 330,2750 377,2750 425,2751 472,2753 520,2753 567,2753 615,2753 662,2753 709,2753 757,2755 804,2756 852,2756 899,2756 947,2756 994,2756 1042,2759 1089,2759 1137,2759"/>
                <Word id="tr_1_tl_21_w1" custom="readingOrder {index:0;}">
                    <Coords points="181,2710 181,2770 211,2770 211,2710"/>
                    <TextEquiv>
                        <Unicode>Es</Unicode>
                    </TextEquiv>
                </Word>
                <Word id="tr_1_tl_21_w2" custom="readingOrder {index:1;}">
                    <Coords points="238,2710 238,2770 351,2770 351,2710"/>
                    <TextEquiv>
                        <Unicode>spielen</Unicode>
                    </TextEquiv>
                </Word>
                <Word id="tr_1_tl_21_w3" custom="readingOrder {index:2;}">
                    <Coords points="383,2711 383,2771 471,2771 471,2711"/>
                    <TextEquiv>
                        <Unicode>wol!</Unicode>
                    </TextEquiv>
                </Word>
                <Word id="tr_1_tl_21_w4" custom="readingOrder {index:3;}">
                    <Coords points="493,2713 493,2773 570,2773 570,2713"/>
                    <TextEquiv>
                        <Unicode>viele</Unicode>
                    </TextEquiv>
                </Word>
                <Word id="tr_1_tl_21_w5" custom="readingOrder {index:4;}">
                    <Coords points="596,2713 596,2773 695,2773 695,2713"/>
                    <TextEquiv>
                        <Unicode>seiner</Unicode>
                    </TextEquiv>
                </Word>
                <Word id="tr_1_tl_21_w6" custom="readingOrder {index:5;}">
                    <Coords points="716,2715 716,2775 876,2775 876,2715"/>
                    <TextEquiv>
                        <Unicode>Dramen,</Unicode>
                    </TextEquiv>
                </Word>
                <Word id="tr_1_tl_21_w7" custom="readingOrder {index:6;}">
                    <Coords points="892,2716 892,2776 1038,2776 1038,2716"/>
                    <TextEquiv>
                        <Unicode>Romane</Unicode>
                    </TextEquiv>
                </Word>
                <Word id="tr_1_tl_21_w8" custom="readingOrder {index:7;}">
                    <Coords points="1064,2719 1064,2779 1126,2779 1126,2719"/>
                    <TextEquiv>
                        <Unicode>und</Unicode>
                    </TextEquiv>
                </Word>
                <TextEquiv>
                    <Unicode>Es spielen wol! viele seiner Dramen, Romane und</Unicode>
                </TextEquiv>
            </TextLine>
            <TextLine id="tr_1_tl_22" custom="readingOrder {index:21;}">
                <Coords points="181,2810 1141,2823 1140,2778 1058,2760 181,2762"/>
                <Baseline points="188,2801 235,2798 283,2798 331,2798 379,2798 426,2799 474,2802 522,2804 570,2804 617,2804 665,2802 713,2801 761,2803 808,2804 856,2807 904,2804 952,2807 999,2807 1047,2807 1095,2808 1143,2807"/>
                <Word id="tr_1_tl_22_w1" custom="readingOrder {index:0;}">
                    <Coords points="181,2758 181,2818 328,2818 328,2758"/>
                    <TextEquiv>
                        <Unicode>Novellen</Unicode>
                    </TextEquiv>
                </Word>
                <Word id="tr_1_tl_22_w2" custom="readingOrder {index:1;}">
                    <Coords points="372,2758 372,2818 397,2818 397,2758"/>
                    <TextEquiv>
                        <Unicode>in</Unicode>
                    </TextEquiv>
                </Word>
                <Word id="tr_1_tl_22_w3" custom="readingOrder {index:2;}">
                    <Coords points="435,2764 435,2824 699,2824 699,2764"/>
                    <TextEquiv>
                        <Unicode>aristokratischen</Unicode>
                    </TextEquiv>
                </Word>
                <Word id="tr_1_tl_22_w4" custom="readingOrder {index:3;}">
                    <Coords points="737,2764 737,2824 885,2824 885,2764"/>
                    <TextEquiv>
                        <Unicode>Kreisen,</Unicode>
                    </TextEquiv>
                </Word>
                <Word id="tr_1_tl_22_w5" custom="readingOrder {index:4;}">
                    <Coords points="917,2767 917,2827 991,2827 991,2767"/>
                    <TextEquiv>
                        <Unicode>aber</Unicode>
                    </TextEquiv>
                </Word>
                <Word id="tr_1_tl_22_w6" custom="readingOrder {index:5;}">
                    <Coords points="1023,2767 1023,2827 1123,2827 1123,2767"/>
                    <TextEquiv>
                        <Unicode>diesen</Unicode>
                    </TextEquiv>
                </Word>
                <TextEquiv>
                    <Unicode>Novellen in aristokratischen Kreisen, aber diesen</Unicode>
                </TextEquiv>
            </TextLine>
            <TextLine id="tr_1_tl_23" custom="readingOrder {index:22;}">
                <Coords points="181,2856 1136,2872 1136,2822 1018,2807 927,2835 561,2807 504,2841 414,2807 181,2810"/>
                <Baseline points="188,2849 235,2849 283,2849 330,2849 378,2849 426,2850 473,2851 521,2851 568,2851 616,2851 664,2851 711,2851 759,2851 806,2851 854,2854 902,2854 949,2854 997,2854 1044,2857 1092,2857 1140,2860"/>
                <Word id="tr_1_tl_23_w1" custom="readingOrder {index:0;}">
                    <Coords points="181,2809 181,2869 478,2869 478,2809"/>
                    <TextEquiv>
                        <Unicode>überkultivierten,</Unicode>
                    </TextEquiv>
                </Word>
                <Word id="tr_1_tl_23_w2" custom="readingOrder {index:1;}">
                    <Coords points="516,2811 516,2871 612,2871 612,2811"/>
                    <TextEquiv>
                        <Unicode>leicht</Unicode>
                    </TextEquiv>
                </Word>
                <Word id="tr_1_tl_23_w3" custom="readingOrder {index:2;}">
                    <Coords points="655,2811 655,2871 899,2871 899,2811"/>
                    <TextEquiv>
                        <Unicode>degenerierten</Unicode>
                    </TextEquiv>
                </Word>
                <Word id="tr_1_tl_23_w4" custom="readingOrder {index:3;}">
                    <Coords points="954,2816 954,2876 1118,2876 1118,2816"/>
                    <TextEquiv>
                        <Unicode>Menschen</Unicode>
                    </TextEquiv>
                </Word>
                <TextEquiv>
                    <Unicode>überkultivierten, leicht degenerierten Menschen</Unicode>
                </TextEquiv>
            </TextLine>
            <TextLine id="tr_1_tl_24" custom="readingOrder {index:23;}">
                <Coords points="177,2915 1136,2925 1136,2872 950,2854 660,2880 177,2851"/>
                <Baseline points="185,2899 232,2896 280,2896 328,2899 376,2899 423,2899 471,2899 519,2899 567,2899 614,2899 662,2901 710,2900 758,2899 805,2902 853,2902 901,2902 949,2902 996,2905 1044,2905 1092,2906 1140,2908"/>
                <Word id="tr_1_tl_24_w1" custom="readingOrder {index:0;}">
                    <Coords points="177,2857 177,2917 253,2917 253,2857"/>
                    <TextEquiv>
                        <Unicode>stellt</Unicode>
                    </TextEquiv>
                </Word>
                <Word id="tr_1_tl_24_w2" custom="readingOrder {index:1;}">
                    <Coords points="285,2857 285,2917 315,2917 315,2857"/>
                    <TextEquiv>
                        <Unicode>er</Unicode>
                    </TextEquiv>
                </Word>
                <Word id="tr_1_tl_24_w3" custom="readingOrder {index:2;}">
                    <Coords points="342,2859 342,2919 439,2919 439,2859"/>
                    <TextEquiv>
                        <Unicode>gerne</Unicode>
                    </TextEquiv>
                </Word>
                <Word id="tr_1_tl_24_w4" custom="readingOrder {index:3;}">
                    <Coords points="471,2859 471,2919 630,2919 630,2859"/>
                    <TextEquiv>
                        <Unicode>Gestalten</Unicode>
                    </TextEquiv>
                </Word>
                <Word id="tr_1_tl_24_w5" custom="readingOrder {index:4;}">
                    <Coords points="666,2860 666,2920 722,2920 722,2860"/>
                    <TextEquiv>
                        <Unicode>aus</Unicode>
                    </TextEquiv>
                </Word>
                <Word id="tr_1_tl_24_w6" custom="readingOrder {index:5;}">
                    <Coords points="754,2860 754,2920 805,2920 805,2860"/>
                    <TextEquiv>
                        <Unicode>dem</Unicode>
                    </TextEquiv>
                </Word>
                <Word id="tr_1_tl_24_w7" custom="readingOrder {index:6;}">
                    <Coords points="857,2862 857,2922 949,2922 949,2862"/>
                    <TextEquiv>
                        <Unicode>Volke</Unicode>
                    </TextEquiv>
                </Word>
                <Word id="tr_1_tl_24_w8" custom="readingOrder {index:7;}">
                    <Coords points="981,2864 981,2924 1006,2924 1006,2864"/>
                    <TextEquiv>
                        <Unicode>in</Unicode>
                    </TextEquiv>
                </Word>
                <Word id="tr_1_tl_24_w9" custom="readingOrder {index:8;}">
                    <Coords points="1037,2865 1037,2925 1119,2925 1119,2865"/>
                    <TextEquiv>
                        <Unicode>ihrer</Unicode>
                    </TextEquiv>
                </Word>
                <TextEquiv>
                    <Unicode>stellt er gerne Gestalten aus dem Volke in ihrer</Unicode>
                </TextEquiv>
            </TextLine>
            <TextLine id="tr_1_tl_25" custom="readingOrder {index:24;}">
                <Coords points="181,2961 1129,2961 1128,2920 1084,2913 181,2916"/>
                <Baseline points="188,2947 235,2947 282,2947 329,2947 376,2947 423,2947 470,2948 518,2950 565,2950 612,2951 659,2951 706,2950 753,2950 800,2952 848,2953 895,2953 942,2953 989,2956 1036,2956 1083,2956 1131,2956"/>
                <Word id="tr_1_tl_25_w1" custom="readingOrder {index:0;}">
                    <Coords points="176,2907 176,2967 308,2967 308,2907"/>
                    <TextEquiv>
                        <Unicode>gänzlich</Unicode>
                    </TextEquiv>
                </Word>
                <Word id="tr_1_tl_25_w2" custom="readingOrder {index:1;}">
                    <Coords points="346,2909 346,2969 648,2969 648,2909"/>
                    <TextEquiv>
                        <Unicode>unverbrauchten,</Unicode>
                    </TextEquiv>
                </Word>
                <Word id="tr_1_tl_25_w3" custom="readingOrder {index:2;}">
                    <Coords points="675,2912 675,2972 935,2972 935,2912"/>
                    <TextEquiv>
                        <Unicode>ursprünglichen</Unicode>
                    </TextEquiv>
                </Word>
                <Word id="tr_1_tl_25_w4" custom="readingOrder {index:3;}">
                    <Coords points="973,2916 973,2976 1127,2976 1127,2916"/>
                    <TextEquiv>
                        <Unicode>Empfin¬</Unicode>
                    </TextEquiv>
                </Word>
                <TextEquiv>
                    <Unicode>gänzlich unverbrauchten, ursprünglichen Empfin¬</Unicode>
                </TextEquiv>
            </TextLine>
            <TextLine id="tr_1_tl_26" custom="readingOrder {index:25;}">
                <Coords points="173,3003 1125,3029 1124,2966 172,2961"/>
                <Baseline points="179,2995 226,2995 273,2995 321,2998 368,2998 416,2998 463,2998 511,2998 558,2999 606,3001 653,3001 700,3001 748,3001 795,3001 843,3001 890,3004 938,3004 985,3007 1033,3007 1080,3008 1128,3013"/>
                <Word id="tr_1_tl_26_w1" custom="readingOrder {index:0;}">
                    <Coords points="172,2955 172,3015 371,3015 371,2955"/>
                    <TextEquiv>
                        <Unicode>dungskraft</Unicode>
                    </TextEquiv>
                </Word>
                <Word id="tr_1_tl_26_w2" custom="readingOrder {index:1;}">
                    <Coords points="399,2958 399,3018 604,3018 604,2958"/>
                    <TextEquiv>
                        <Unicode>gegenüber.</Unicode>
                    </TextEquiv>
                </Word>
                <Word id="tr_1_tl_26_w3" custom="readingOrder {index:2;}">
                    <Coords points="626,2961 626,3021 793,3021 793,2961"/>
                    <TextEquiv>
                        <Unicode>Schnitzler</Unicode>
                    </TextEquiv>
                </Word>
                <Word id="tr_1_tl_26_w4" custom="readingOrder {index:3;}">
                    <Coords points="826,2962 826,3022 895,3022 895,2962"/>
                    <TextEquiv>
                        <Unicode>galt</Unicode>
                    </TextEquiv>
                </Word>
                <Word id="tr_1_tl_26_w5" custom="readingOrder {index:4;}">
                    <Coords points="923,2964 923,3024 971,3024 971,2964"/>
                    <TextEquiv>
                        <Unicode>als</Unicode>
                    </TextEquiv>
                </Word>
                <Word id="tr_1_tl_26_w6" custom="readingOrder {index:5;}">
                    <Coords points="1010,2967 1010,3027 1122,3027 1122,2967"/>
                    <TextEquiv>
                        <Unicode>„frei",</Unicode>
                    </TextEquiv>
                </Word>
                <TextEquiv>
                    <Unicode>dungskraft gegenüber. Schnitzler galt als „frei",</Unicode>
                </TextEquiv>
            </TextLine>
            <TextLine id="tr_1_tl_27" custom="readingOrder {index:26;}">
                <Coords points="172,3059 1123,3055 1123,3026 966,3011 172,3008"/>
                <Baseline points="179,3043 226,3046 273,3046 320,3046 368,3046 415,3046 462,3047 510,3048 557,3047 604,3049 652,3049 699,3049 746,3049 793,3051 841,3052 888,3052 935,3052 983,3052 1030,3055 1077,3055 1125,3052"/>
                <Word id="tr_1_tl_27_w1" custom="readingOrder {index:0;}">
                    <Coords points="177,3006 177,3066 284,3066 284,3006"/>
                    <TextEquiv>
                        <Unicode>wurde</Unicode>
                    </TextEquiv>
                </Word>
                <Word id="tr_1_tl_27_w2" custom="readingOrder {index:1;}">
                    <Coords points="316,3006 316,3066 362,3066 362,3006"/>
                    <TextEquiv>
                        <Unicode>als</Unicode>
                    </TextEquiv>
                </Word>
                <Word id="tr_1_tl_27_w3" custom="readingOrder {index:2;}">
                    <Coords points="394,3006 394,3066 522,3066 522,3006"/>
                    <TextEquiv>
                        <Unicode>Lektüre</Unicode>
                    </TextEquiv>
                </Word>
                <Word id="tr_1_tl_27_w4" custom="readingOrder {index:3;}">
                    <Coords points="554,3007 554,3067 605,3067 605,3007"/>
                    <TextEquiv>
                        <Unicode>für</Unicode>
                    </TextEquiv>
                </Word>
                <Word id="tr_1_tl_27_w5" custom="readingOrder {index:4;}">
                    <Coords points="631,3009 631,3069 728,3069 728,3009"/>
                    <TextEquiv>
                        <Unicode>junge</Unicode>
                    </TextEquiv>
                </Word>
                <Word id="tr_1_tl_27_w6" custom="readingOrder {index:5;}">
                    <Coords points="755,3011 755,3071 909,3071 909,3011"/>
                    <TextEquiv>
                        <Unicode>Mädchen</Unicode>
                    </TextEquiv>
                </Word>
                <Word id="tr_1_tl_27_w7" custom="readingOrder {index:6;}">
                    <Coords points="947,3012 947,3072 992,3072 992,3012"/>
                    <TextEquiv>
                        <Unicode>als</Unicode>
                    </TextEquiv>
                </Word>
                <Word id="tr_1_tl_27_w8" custom="readingOrder {index:7;}">
                    <Coords points="1019,3015 1019,3075 1121,3075 1121,3015"/>
                    <TextEquiv>
                        <Unicode>unge¬</Unicode>
                    </TextEquiv>
                </Word>
                <TextEquiv>
                    <Unicode>wurde als Lektüre für junge Mädchen als unge¬</Unicode>
                </TextEquiv>
            </TextLine>
            <TextLine id="tr_1_tl_28" custom="readingOrder {index:27;}">
                <Coords points="172,3105 1123,3124 1109,3062 172,3065"/>
                <Baseline points="179,3096 226,3096 273,3093 320,3096 368,3096 415,3096 462,3096 510,3096 557,3096 604,3096 652,3096 699,3098 746,3099 793,3101 841,3100 888,3102 935,3102 983,3102 1030,3102 1077,3102 1125,3105"/>
                <Word id="tr_1_tl_28_w1" custom="readingOrder {index:0;}">
                    <Coords points="177,3055 177,3115 279,3115 279,3055"/>
                    <TextEquiv>
                        <Unicode>eignet</Unicode>
                    </TextEquiv>
                </Word>
                <Word id="tr_1_tl_28_w2" custom="readingOrder {index:1;}">
                    <Coords points="306,3056 306,3116 460,3116 460,3056"/>
                    <TextEquiv>
                        <Unicode>erachtet,</Unicode>
                    </TextEquiv>
                </Word>
                <Word id="tr_1_tl_28_w3" custom="readingOrder {index:2;}">
                    <Coords points="482,3056 482,3116 558,3116 558,3056"/>
                    <TextEquiv>
                        <Unicode>weil</Unicode>
                    </TextEquiv>
                </Word>
                <Word id="tr_1_tl_28_w4" custom="readingOrder {index:3;}">
                    <Coords points="579,3056 579,3116 610,3116 610,3056"/>
                    <TextEquiv>
                        <Unicode>er</Unicode>
                    </TextEquiv>
                </Word>
                <Word id="tr_1_tl_28_w5" custom="readingOrder {index:4;}">
                    <Coords points="631,3056 631,3116 667,3116 667,3056"/>
                    <TextEquiv>
                        <Unicode>es</Unicode>
                    </TextEquiv>
                </Word>
                <Word id="tr_1_tl_28_w6" custom="readingOrder {index:5;}">
                    <Coords points="693,3059 693,3119 811,3119 811,3059"/>
                    <TextEquiv>
                        <Unicode>wagte,</Unicode>
                    </TextEquiv>
                </Word>
                <Word id="tr_1_tl_28_w7" custom="readingOrder {index:6;}">
                    <Coords points="838,3061 838,3121 915,3121 915,3061"/>
                    <TextEquiv>
                        <Unicode>über</Unicode>
                    </TextEquiv>
                </Word>
                <Word id="tr_1_tl_28_w8" custom="readingOrder {index:7;}">
                    <Coords points="941,3062 941,3122 1038,3122 1038,3062"/>
                    <TextEquiv>
                        <Unicode>Dinge</Unicode>
                    </TextEquiv>
                </Word>
                <Word id="tr_1_tl_28_w9" custom="readingOrder {index:8;}">
                    <Coords points="1065,3062 1065,3122 1116,3122 1116,3062"/>
                    <TextEquiv>
                        <Unicode>der</Unicode>
                    </TextEquiv>
                </Word>
                <TextEquiv>
                    <Unicode>eignet erachtet, weil er es wagte, über Dinge der</Unicode>
                </TextEquiv>
            </TextLine>
            <TextLine id="tr_1_tl_29" custom="readingOrder {index:28;}">
                <Coords points="172,3155 1076,3173 1129,3160 1129,3122 170,3106"/>
                <Baseline points="179,3147 226,3144 274,3144 321,3147 369,3147 417,3147 464,3147 512,3147 559,3147 607,3147 655,3147 702,3147 750,3147 797,3149 845,3150 893,3150 940,3150 988,3150 1035,3153 1083,3153 1131,3156"/>
                <Word id="tr_1_tl_29_w1" custom="readingOrder {index:0;}">
                    <Coords points="175,3104 175,3164 264,3164 264,3104"/>
                    <TextEquiv>
                        <Unicode>Liebe</Unicode>
                    </TextEquiv>
                </Word>
                <Word id="tr_1_tl_29_w2" custom="readingOrder {index:1;}">
                    <Coords points="286,3105 286,3165 317,3165 317,3105"/>
                    <TextEquiv>
                        <Unicode>zu</Unicode>
                    </TextEquiv>
                </Word>
                <Word id="tr_1_tl_29_w3" custom="readingOrder {index:2;}">
                    <Coords points="344,3107 344,3167 508,3167 508,3107"/>
                    <TextEquiv>
                        <Unicode>sprechen,</Unicode>
                    </TextEquiv>
                </Word>
                <Word id="tr_1_tl_29_w4" custom="readingOrder {index:3;}">
                    <Coords points="524,3107 524,3167 582,3167 582,3107"/>
                    <TextEquiv>
                        <Unicode>wie</Unicode>
                    </TextEquiv>
                </Word>
                <Word id="tr_1_tl_29_w5" custom="readingOrder {index:4;}">
                    <Coords points="603,3107 603,3167 634,3167 634,3107"/>
                    <TextEquiv>
                        <Unicode>es</Unicode>
                    </TextEquiv>
                </Word>
                <Word id="tr_1_tl_29_w6" custom="readingOrder {index:5;}">
                    <Coords points="657,3107 657,3167 757,3167 757,3107"/>
                    <TextEquiv>
                        <Unicode>andre</Unicode>
                    </TextEquiv>
                </Word>
                <Word id="tr_1_tl_29_w7" custom="readingOrder {index:6;}">
                    <Coords points="778,3110 778,3170 995,3170 995,3110"/>
                    <TextEquiv>
                        <Unicode>Schriftsteller</Unicode>
                    </TextEquiv>
                </Word>
                <Word id="tr_1_tl_29_w8" custom="readingOrder {index:7;}">
                    <Coords points="1016,3113 1016,3173 1116,3173 1116,3113"/>
                    <TextEquiv>
                        <Unicode>bisher</Unicode>
                    </TextEquiv>
                </Word>
                <TextEquiv>
                    <Unicode>Liebe zu sprechen, wie es andre Schriftsteller bisher</Unicode>
                </TextEquiv>
            </TextLine>
            <TextLine id="tr_1_tl_30" custom="readingOrder {index:29;}">
                <Coords points="166,3203 1073,3218 1128,3214 1127,3165 165,3159"/>
                <Baseline points="173,3195 220,3195 268,3195 316,3195 364,3195 412,3196 460,3198 508,3198 556,3198 604,3198 652,3198 699,3198 747,3198 795,3198 843,3201 891,3201 939,3201 987,3202 1035,3204 1083,3204 1131,3204"/>
                <Word id="tr_1_tl_30_w1" custom="readingOrder {index:0;}">
                    <Coords points="170,3155 170,3215 249,3215 249,3155"/>
                    <TextEquiv>
                        <Unicode>nicht</Unicode>
                    </TextEquiv>
                </Word>
                <Word id="tr_1_tl_30_w2" custom="readingOrder {index:1;}">
                    <Coords points="271,3155 271,3215 403,3215 403,3155"/>
                    <TextEquiv>
                        <Unicode>gewagt</Unicode>
                    </TextEquiv>
                </Word>
                <Word id="tr_1_tl_30_w3" custom="readingOrder {index:2;}">
                    <Coords points="425,3158 425,3218 525,3218 525,3158"/>
                    <TextEquiv>
                        <Unicode>hatten</Unicode>
                    </TextEquiv>
                </Word>
                <Word id="tr_1_tl_30_w4" custom="readingOrder {index:3;}">
                    <Coords points="558,3158 558,3218 568,3218 568,3158"/>
                    <TextEquiv>
                        <Unicode>—</Unicode>
                    </TextEquiv>
                </Word>
                <Word id="tr_1_tl_30_w5" custom="readingOrder {index:4;}">
                    <Coords points="617,3158 617,3218 690,3218 690,3158"/>
                    <TextEquiv>
                        <Unicode>offen</Unicode>
                    </TextEquiv>
                </Word>
                <Word id="tr_1_tl_30_w6" custom="readingOrder {index:5;}">
                    <Coords points="723,3158 723,3218 781,3218 781,3158"/>
                    <TextEquiv>
                        <Unicode>und</Unicode>
                    </TextEquiv>
                </Word>
                <Word id="tr_1_tl_30_w7" custom="readingOrder {index:6;}">
                    <Coords points="802,3161 802,3221 935,3221 935,3161"/>
                    <TextEquiv>
                        <Unicode>ehrlich,</Unicode>
                    </TextEquiv>
                </Word>
                <Word id="tr_1_tl_30_w8" custom="readingOrder {index:7;}">
                    <Coords points="951,3162 951,3222 1030,3222 1030,3162"/>
                    <TextEquiv>
                        <Unicode>ohne</Unicode>
                    </TextEquiv>
                </Word>
                <Word id="tr_1_tl_30_w9" custom="readingOrder {index:8;}">
                    <Coords points="1052,3164 1052,3224 1115,3224 1115,3164"/>
                    <TextEquiv>
                        <Unicode>jede</Unicode>
                    </TextEquiv>
                </Word>
                <TextEquiv>
                    <Unicode>nicht gewagt hatten — offen und ehrlich, ohne jede</Unicode>
                </TextEquiv>
            </TextLine>
            <TextLine id="tr_1_tl_31" custom="readingOrder {index:30;}">
                <Coords points="172,3253 1123,3259 1098,3208 172,3203"/>
                <Baseline points="179,3243 226,3243 273,3243 320,3246 368,3246 415,3246 462,3246 510,3246 557,3246 604,3246 652,3248 699,3249 746,3249 793,3249 841,3249 888,3249 935,3252 983,3252 1030,3252 1077,3252 1125,3249"/>
                <Word id="tr_1_tl_31_w1" custom="readingOrder {index:0;}">
                    <Coords points="172,3204 172,3264 428,3264 428,3204"/>
                    <TextEquiv>
                        <Unicode>Beschönigung.</Unicode>
                    </TextEquiv>
                </Word>
                <Word id="tr_1_tl_31_w2" custom="readingOrder {index:1;}">
                    <Coords points="445,3206 445,3266 499,3266 499,3206"/>
                    <TextEquiv>
                        <Unicode>Die</Unicode>
                    </TextEquiv>
                </Word>
                <Word id="tr_1_tl_31_w3" custom="readingOrder {index:2;}">
                    <Coords points="522,3206 522,3266 614,3266 614,3206"/>
                    <TextEquiv>
                        <Unicode>Seele</Unicode>
                    </TextEquiv>
                </Word>
                <Word id="tr_1_tl_31_w4" custom="readingOrder {index:3;}">
                    <Coords points="631,3207 631,3267 668,3267 668,3207"/>
                    <TextEquiv>
                        <Unicode>ist</Unicode>
                    </TextEquiv>
                </Word>
                <Word id="tr_1_tl_31_w5" custom="readingOrder {index:4;}">
                    <Coords points="685,3209 685,3269 734,3269 734,3209"/>
                    <TextEquiv>
                        <Unicode>für</Unicode>
                    </TextEquiv>
                </Word>
                <Word id="tr_1_tl_31_w6" custom="readingOrder {index:5;}">
                    <Coords points="751,3209 751,3269 794,3269 794,3209"/>
                    <TextEquiv>
                        <Unicode>ihn</Unicode>
                    </TextEquiv>
                </Word>
                <Word id="tr_1_tl_31_w7" custom="readingOrder {index:6;}">
                    <Coords points="827,3209 827,3269 865,3269 865,3209"/>
                    <TextEquiv>
                        <Unicode>ein</Unicode>
                    </TextEquiv>
                </Word>
                <Word id="tr_1_tl_31_w8" custom="readingOrder {index:7;}">
                    <Coords points="898,3212 898,3272 1006,3272 1006,3212"/>
                    <TextEquiv>
                        <Unicode>weites</Unicode>
                    </TextEquiv>
                </Word>
                <Word id="tr_1_tl_31_w9" custom="readingOrder {index:8;}">
                    <Coords points="1029,3212 1029,3272 1110,3272 1110,3212"/>
                    <TextEquiv>
                        <Unicode>Land</Unicode>
                    </TextEquiv>
                </Word>
                <TextEquiv>
                    <Unicode>Beschönigung. Die Seele ist für ihn ein weites Land</Unicode>
                </TextEquiv>
            </TextLine>
            <TextLine id="tr_1_tl_32" custom="readingOrder {index:31;}">
                <Coords points="172,3305 1125,3314 1098,3259 172,3262"/>
                <Baseline points="179,3293 226,3293 273,3293 321,3293 368,3293 416,3294 463,3296 511,3296 558,3296 606,3296 653,3296 700,3296 748,3296 795,3296 843,3296 890,3296 938,3299 985,3299 1033,3299 1080,3299 1128,3302"/>
                <Word id="tr_1_tl_32_w1" custom="readingOrder {index:0;}">
                    <Coords points="172,3253 172,3313 231,3313 231,3253"/>
                    <TextEquiv>
                        <Unicode>und</Unicode>
                    </TextEquiv>
                </Word>
                <Word id="tr_1_tl_32_w2" custom="readingOrder {index:1;}">
                    <Coords points="262,3253 262,3313 292,3313 292,3253"/>
                    <TextEquiv>
                        <Unicode>er</Unicode>
                    </TextEquiv>
                </Word>
                <Word id="tr_1_tl_32_w3" custom="readingOrder {index:2;}">
                    <Coords points="319,3253 319,3313 353,3313 353,3253"/>
                    <TextEquiv>
                        <Unicode>ist</Unicode>
                    </TextEquiv>
                </Word>
                <Word id="tr_1_tl_32_w4" custom="readingOrder {index:3;}">
                    <Coords points="379,3253 379,3313 424,3313 424,3253"/>
                    <TextEquiv>
                        <Unicode>ein</Unicode>
                    </TextEquiv>
                </Word>
                <Word id="tr_1_tl_32_w5" custom="readingOrder {index:4;}">
                    <Coords points="455,3256 455,3316 602,3316 602,3256"/>
                    <TextEquiv>
                        <Unicode>genauer</Unicode>
                    </TextEquiv>
                </Word>
                <Word id="tr_1_tl_32_w6" custom="readingOrder {index:5;}">
                    <Coords points="628,3256 628,3316 759,3316 759,3256"/>
                    <TextEquiv>
                        <Unicode>Kenner</Unicode>
                    </TextEquiv>
                </Word>
                <Word id="tr_1_tl_32_w7" custom="readingOrder {index:6;}">
                    <Coords points="785,3256 785,3316 880,3316 880,3256"/>
                    <TextEquiv>
                        <Unicode>dieses</Unicode>
                    </TextEquiv>
                </Word>
                <Word id="tr_1_tl_32_w8" custom="readingOrder {index:7;}">
                    <Coords points="911,3259 911,3319 1053,3319 1053,3259"/>
                    <TextEquiv>
                        <Unicode>Landes.</Unicode>
                    </TextEquiv>
                </Word>
                <Word id="tr_1_tl_32_w9" custom="readingOrder {index:8;}">
                    <Coords points="1078,3260 1078,3320 1118,3320 1118,3260"/>
                    <TextEquiv>
                        <Unicode>Er</Unicode>
                    </TextEquiv>
                </Word>
                <TextEquiv>
                    <Unicode>und er ist ein genauer Kenner dieses Landes. Er</Unicode>
                </TextEquiv>
            </TextLine>
            <TextLine id="tr_1_tl_33" custom="readingOrder {index:32;}">
                <Coords points="172,3353 1117,3365 1125,3314 170,3305"/>
                <Baseline points="179,3341 226,3341 273,3341 321,3341 368,3341 416,3342 463,3344 511,3344 558,3345 606,3347 653,3345 700,3346 748,3347 795,3347 843,3347 890,3347 938,3347 985,3347 1033,3347 1080,3350 1128,3350"/>
                <Word id="tr_1_tl_33_w1" custom="readingOrder {index:0;}">
                    <Coords points="164,3301 164,3361 258,3361 258,3301"/>
                    <TextEquiv>
                        <Unicode>kennt</Unicode>
                    </TextEquiv>
                </Word>
                <Word id="tr_1_tl_33_w2" custom="readingOrder {index:1;}">
                    <Coords points="278,3301 278,3361 371,3361 371,3301"/>
                    <TextEquiv>
                        <Unicode>Seele</Unicode>
                    </TextEquiv>
                </Word>
                <Word id="tr_1_tl_33_w3" custom="readingOrder {index:2;}">
                    <Coords points="402,3302 402,3362 460,3362 460,3302"/>
                    <TextEquiv>
                        <Unicode>und</Unicode>
                    </TextEquiv>
                </Word>
                <Word id="tr_1_tl_33_w4" custom="readingOrder {index:3;}">
                    <Coords points="491,3305 491,3365 658,3365 658,3305"/>
                    <TextEquiv>
                        <Unicode>Gedanken</Unicode>
                    </TextEquiv>
                </Word>
                <Word id="tr_1_tl_33_w5" custom="readingOrder {index:4;}">
                    <Coords points="694,3306 694,3366 747,3366 747,3306"/>
                    <TextEquiv>
                        <Unicode>der</Unicode>
                    </TextEquiv>
                </Word>
                <Word id="tr_1_tl_33_w6" custom="readingOrder {index:5;}">
                    <Coords points="773,3307 773,3367 886,3367 886,3307"/>
                    <TextEquiv>
                        <Unicode>großen</Unicode>
                    </TextEquiv>
                </Word>
                <Word id="tr_1_tl_33_w7" custom="readingOrder {index:6;}">
                    <Coords points="921,3307 921,3367 1020,3367 1020,3307"/>
                    <TextEquiv>
                        <Unicode>Dame</Unicode>
                    </TextEquiv>
                </Word>
                <Word id="tr_1_tl_33_w8" custom="readingOrder {index:7;}">
                    <Coords points="1050,3309 1050,3369 1104,3369 1104,3309"/>
                    <TextEquiv>
                        <Unicode>von</Unicode>
                    </TextEquiv>
                </Word>
                <TextEquiv>
                    <Unicode>kennt Seele und Gedanken der großen Dame von</Unicode>
                </TextEquiv>
            </TextLine>
            <TextLine id="tr_1_tl_34" custom="readingOrder {index:33;}">
                <Coords points="174,3403 1070,3420 1116,3415 1115,3363 173,3352"/>
                <Baseline points="182,3395 228,3392 275,3392 322,3392 369,3392 416,3392 463,3393 509,3395 556,3395 603,3395 650,3395 697,3395 744,3395 791,3395 837,3397 884,3398 931,3398 978,3398 1025,3398 1072,3398 1119,3401"/>
                <Word id="tr_1_tl_34_w1" custom="readingOrder {index:0;}">
                    <Coords points="173,3352 173,3412 253,3412 253,3352"/>
                    <TextEquiv>
                        <Unicode>Welt</Unicode>
                    </TextEquiv>
                </Word>
                <Word id="tr_1_tl_34_w2" custom="readingOrder {index:1;}">
                    <Coords points="274,3352 274,3412 334,3412 334,3352"/>
                    <TextEquiv>
                        <Unicode>und</Unicode>
                    </TextEquiv>
                </Word>
                <Word id="tr_1_tl_34_w3" custom="readingOrder {index:2;}">
                    <Coords points="360,3352 360,3412 410,3412 410,3352"/>
                    <TextEquiv>
                        <Unicode>des</Unicode>
                    </TextEquiv>
                </Word>
                <Word id="tr_1_tl_34_w4" custom="readingOrder {index:3;}">
                    <Coords points="436,3354 436,3414 547,3414 547,3354"/>
                    <TextEquiv>
                        <Unicode>kleinen</Unicode>
                    </TextEquiv>
                </Word>
                <Word id="tr_1_tl_34_w5" custom="readingOrder {index:4;}">
                    <Coords points="578,3355 578,3415 881,3415 881,3355"/>
                    <TextEquiv>
                        <Unicode>Ladenmädchens;</Unicode>
                    </TextEquiv>
                </Word>
                <Word id="tr_1_tl_34_w6" custom="readingOrder {index:5;}">
                    <Coords points="902,3358 902,3418 932,3418 932,3358"/>
                    <TextEquiv>
                        <Unicode>er</Unicode>
                    </TextEquiv>
                </Word>
                <Word id="tr_1_tl_34_w7" custom="readingOrder {index:6;}">
                    <Coords points="953,3358 953,3418 1048,3418 1048,3358"/>
                    <TextEquiv>
                        <Unicode>kennt</Unicode>
                    </TextEquiv>
                </Word>
                <Word id="tr_1_tl_34_w8" custom="readingOrder {index:7;}">
                    <Coords points="1069,3359 1069,3419 1109,3419 1109,3359"/>
                    <TextEquiv>
                        <Unicode>die</Unicode>
                    </TextEquiv>
                </Word>
                <TextEquiv>
                    <Unicode>Welt und des kleinen Ladenmädchens; er kennt die</Unicode>
                </TextEquiv>
            </TextLine>
            <TextLine id="tr_1_tl_35" custom="readingOrder {index:34;}">
                <Coords points="174,3448 1113,3462 1113,3419 1010,3408 174,3404"/>
                <Baseline points="182,3443 228,3440 275,3443 322,3440 368,3443 415,3443 462,3443 508,3443 555,3444 602,3446 649,3446 695,3446 742,3446 789,3446 835,3448 882,3449 929,3447 975,3446 1022,3446 1069,3448 1116,3452"/>
                <Word id="tr_1_tl_35_w1" custom="readingOrder {index:0;}">
                    <Coords points="174,3401 174,3461 316,3461 316,3401"/>
                    <TextEquiv>
                        <Unicode>Wünsche</Unicode>
                    </TextEquiv>
                </Word>
                <Word id="tr_1_tl_35_w2" custom="readingOrder {index:1;}">
                    <Coords points="338,3402 338,3462 396,3462 396,3402"/>
                    <TextEquiv>
                        <Unicode>und</Unicode>
                    </TextEquiv>
                </Word>
                <Word id="tr_1_tl_35_w3" custom="readingOrder {index:2;}">
                    <Coords points="423,3403 423,3463 523,3463 523,3403"/>
                    <TextEquiv>
                        <Unicode>Pläne</Unicode>
                    </TextEquiv>
                </Word>
                <Word id="tr_1_tl_35_w4" custom="readingOrder {index:3;}">
                    <Coords points="540,3404 540,3464 592,3464 592,3404"/>
                    <TextEquiv>
                        <Unicode>des</Unicode>
                    </TextEquiv>
                </Word>
                <Word id="tr_1_tl_35_w5" custom="readingOrder {index:4;}">
                    <Coords points="614,3406 614,3466 825,3466 825,3406"/>
                    <TextEquiv>
                        <Unicode>allmächtigen</Unicode>
                    </TextEquiv>
                </Word>
                <Word id="tr_1_tl_35_w6" custom="readingOrder {index:5;}">
                    <Coords points="852,3406 852,3466 1106,3466 1106,3406"/>
                    <TextEquiv>
                        <Unicode>Staatsmannes</Unicode>
                    </TextEquiv>
                </Word>
                <TextEquiv>
                    <Unicode>Wünsche und Pläne des allmächtigen Staatsmannes</Unicode>
                </TextEquiv>
            </TextLine>
            <TextLine id="tr_1_tl_36" custom="readingOrder {index:35;}">
                <Coords points="172,3499 1116,3517 1116,3470 1023,3455 172,3448"/>
                <Baseline points="179,3494 226,3491 273,3491 320,3491 367,3491 414,3492 461,3494 508,3494 555,3494 602,3494 649,3494 696,3494 743,3494 790,3494 837,3496 884,3497 931,3497 978,3500 1025,3500 1072,3500 1119,3500"/>
                <Word id="tr_1_tl_36_w1" custom="readingOrder {index:0;}">
                    <Coords points="172,3452 172,3512 228,3512 228,3452"/>
                    <TextEquiv>
                        <Unicode>und</Unicode>
                    </TextEquiv>
                </Word>
                <Word id="tr_1_tl_36_w2" custom="readingOrder {index:1;}">
                    <Coords points="270,3451 270,3511 327,3511 327,3451"/>
                    <TextEquiv>
                        <Unicode>des</Unicode>
                    </TextEquiv>
                </Word>
                <Word id="tr_1_tl_36_w3" custom="readingOrder {index:2;}">
                    <Coords points="368,3453 368,3513 539,3513 539,3453"/>
                    <TextEquiv>
                        <Unicode>gedrückten</Unicode>
                    </TextEquiv>
                </Word>
                <Word id="tr_1_tl_36_w4" custom="readingOrder {index:3;}">
                    <Coords points="586,3454 586,3514 834,3514 834,3454"/>
                    <TextEquiv>
                        <Unicode>Kleinbürgers.</Unicode>
                    </TextEquiv>
                </Word>
                <Word id="tr_1_tl_36_w5" custom="readingOrder {index:4;}">
                    <Coords points="871,3457 871,3517 928,3517 928,3457"/>
                    <TextEquiv>
                        <Unicode>Die</Unicode>
                    </TextEquiv>
                </Word>
                <Word id="tr_1_tl_36_w6" custom="readingOrder {index:5;}">
                    <Coords points="969,3460 969,3520 1114,3520 1114,3460"/>
                    <TextEquiv>
                        <Unicode>meistenz</Unicode>
                    </TextEquiv>
                </Word>
                <TextEquiv>
                    <Unicode>und des gedrückten Kleinbürgers. Die meistenz</Unicode>
                </TextEquiv>
            </TextLine>
            <TextLine id="tr_1_tl_37" custom="readingOrder {index:36;}">
                <Coords points="172,3557 1113,3565 1097,3507 172,3497"/>
                <Baseline points="179,3544 225,3538 272,3538 319,3541 366,3541 413,3541 460,3542 506,3544 553,3544 600,3544 647,3544 694,3544 741,3544 788,3544 834,3544 881,3544 928,3544 975,3546 1022,3547 1069,3547 1116,3553"/>
                <Word id="tr_1_tl_37_w1" custom="readingOrder {index:0;}">
                    <Coords points="172,3498 172,3558 269,3558 269,3498"/>
                    <TextEquiv>
                        <Unicode>seiner</Unicode>
                    </TextEquiv>
                </Word>
                <Word id="tr_1_tl_37_w2" custom="readingOrder {index:1;}">
                    <Coords points="302,3501 302,3561 416,3561 416,3501"/>
                    <TextEquiv>
                        <Unicode>Helden</Unicode>
                    </TextEquiv>
                </Word>
                <Word id="tr_1_tl_37_w3" custom="readingOrder {index:2;}">
                    <Coords points="454,3503 454,3563 530,3563 530,3503"/>
                    <TextEquiv>
                        <Unicode>aber</Unicode>
                    </TextEquiv>
                </Word>
                <Word id="tr_1_tl_37_w4" custom="readingOrder {index:3;}">
                    <Coords points="558,3504 558,3564 616,3564 616,3504"/>
                    <TextEquiv>
                        <Unicode>sind</Unicode>
                    </TextEquiv>
                </Word>
                <Word id="tr_1_tl_37_w5" custom="readingOrder {index:4;}">
                    <Coords points="656,3504 656,3564 839,3564 839,3504"/>
                    <TextEquiv>
                        <Unicode>Menschen,</Unicode>
                    </TextEquiv>
                </Word>
                <Word id="tr_1_tl_37_w6" custom="readingOrder {index:5;}">
                    <Coords points="867,3504 867,3564 915,3564 915,3504"/>
                    <TextEquiv>
                        <Unicode>die</Unicode>
                    </TextEquiv>
                </Word>
                <Word id="tr_1_tl_37_w7" custom="readingOrder {index:6;}">
                    <Coords points="948,3507 948,3567 1105,3567 1105,3507"/>
                    <TextEquiv>
                        <Unicode>eigentlich</Unicode>
                    </TextEquiv>
                </Word>
                <TextEquiv>
                    <Unicode>seiner Helden aber sind Menschen, die eigentlich</Unicode>
                </TextEquiv>
            </TextLine>
            <TextLine id="tr_1_tl_38" custom="readingOrder {index:37;}">
                <Coords points="165,3603 1109,3601 1109,3562 1048,3554 165,3558"/>
                <Baseline points="173,3592 220,3589 267,3589 314,3589 361,3592 408,3592 455,3592 502,3593 549,3594 596,3593 643,3594 690,3594 737,3595 784,3595 831,3595 878,3595 925,3595 972,3598 1019,3598 1066,3598 1113,3598"/>
                <Word id="tr_1_tl_38_w1" custom="readingOrder {index:0;}">
                    <Coords points="170,3549 170,3609 267,3609 267,3549"/>
                    <TextEquiv>
                        <Unicode>neben</Unicode>
                    </TextEquiv>
                </Word>
                <Word id="tr_1_tl_38_w2" custom="readingOrder {index:1;}">
                    <Coords points="299,3550 299,3610 386,3610 386,3550"/>
                    <TextEquiv>
                        <Unicode>ihrem</Unicode>
                    </TextEquiv>
                </Word>
                <Word id="tr_1_tl_38_w3" custom="readingOrder {index:2;}">
                    <Coords points="427,3552 427,3612 555,3612 555,3552"/>
                    <TextEquiv>
                        <Unicode>wahren</Unicode>
                    </TextEquiv>
                </Word>
                <Word id="tr_1_tl_38_w4" custom="readingOrder {index:3;}">
                    <Coords points="592,3553 592,3613 690,3613 690,3553"/>
                    <TextEquiv>
                        <Unicode>Leben</Unicode>
                    </TextEquiv>
                </Word>
                <Word id="tr_1_tl_38_w5" custom="readingOrder {index:4;}">
                    <Coords points="721,3555 721,3615 839,3615 839,3555"/>
                    <TextEquiv>
                        <Unicode>stehen,</Unicode>
                    </TextEquiv>
                </Word>
                <Word id="tr_1_tl_38_w6" custom="readingOrder {index:5;}">
                    <Coords points="866,3555 866,3615 911,3615 911,3555"/>
                    <TextEquiv>
                        <Unicode>die</Unicode>
                    </TextEquiv>
                </Word>
                <Word id="tr_1_tl_38_w7" custom="readingOrder {index:6;}">
                    <Coords points="938,3556 938,3616 973,3616 973,3556"/>
                    <TextEquiv>
                        <Unicode>an</Unicode>
                    </TextEquiv>
                </Word>
                <Word id="tr_1_tl_38_w8" custom="readingOrder {index:7;}">
                    <Coords points="1005,3558 1005,3618 1091,3618 1091,3558"/>
                    <TextEquiv>
                        <Unicode>ihrem</Unicode>
                    </TextEquiv>
                </Word>
                <TextEquiv>
                    <Unicode>neben ihrem wahren Leben stehen, die an ihrem</Unicode>
                </TextEquiv>
            </TextLine>
            <TextLine id="tr_1_tl_39" custom="readingOrder {index:38;}">
                <Coords points="165,3641 1113,3659 1113,3616 1015,3604 165,3603"/>
                <Baseline points="173,3640 220,3637 267,3640 314,3640 361,3640 408,3641 455,3643 503,3643 550,3643 597,3643 644,3645 691,3644 738,3643 785,3645 833,3646 880,3646 927,3646 974,3646 1021,3646 1068,3646 1116,3649"/>
                <Word id="tr_1_tl_39_w1" custom="readingOrder {index:0;}">
                    <Coords points="170,3597 170,3657 259,3657 259,3597"/>
                    <TextEquiv>
                        <Unicode>Glück</Unicode>
                    </TextEquiv>
                </Word>
                <Word id="tr_1_tl_39_w2" custom="readingOrder {index:1;}">
                    <Coords points="285,3600 285,3660 496,3660 496,3600"/>
                    <TextEquiv>
                        <Unicode>vorbeigehen</Unicode>
                    </TextEquiv>
                </Word>
                <Word id="tr_1_tl_39_w3" custom="readingOrder {index:2;}">
                    <Coords points="532,3603 532,3663 607,3663 607,3603"/>
                    <TextEquiv>
                        <Unicode>oder</Unicode>
                    </TextEquiv>
                </Word>
                <Word id="tr_1_tl_39_w4" custom="readingOrder {index:3;}">
                    <Coords points="633,3604 633,3664 668,3664 668,3604"/>
                    <TextEquiv>
                        <Unicode>an</Unicode>
                    </TextEquiv>
                </Word>
                <Word id="tr_1_tl_39_w5" custom="readingOrder {index:4;}">
                    <Coords points="703,3603 703,3663 799,3663 799,3603"/>
                    <TextEquiv>
                        <Unicode>denen</Unicode>
                    </TextEquiv>
                </Word>
                <Word id="tr_1_tl_39_w6" custom="readingOrder {index:5;}">
                    <Coords points="840,3606 840,3666 895,3666 895,3606"/>
                    <TextEquiv>
                        <Unicode>das</Unicode>
                    </TextEquiv>
                </Word>
                <Word id="tr_1_tl_39_w7" custom="readingOrder {index:6;}">
                    <Coords points="926,3606 926,3666 1016,3666 1016,3606"/>
                    <TextEquiv>
                        <Unicode>Glück</Unicode>
                    </TextEquiv>
                </Word>
                <Word id="tr_1_tl_39_w8" custom="readingOrder {index:7;}">
                    <Coords points="1042,3606 1042,3666 1111,3666 1111,3606"/>
                    <TextEquiv>
                        <Unicode>vor¬</Unicode>
                    </TextEquiv>
                </Word>
                <TextEquiv>
                    <Unicode>Glück vorbeigehen oder an denen das Glück vor¬</Unicode>
                </TextEquiv>
            </TextLine>
            <TextLine id="tr_1_tl_40" custom="readingOrder {index:39;}">
                <Coords points="165,3719 390,3695 1109,3723 1109,3659 1061,3652 165,3641"/>
                <Baseline points="173,3691 220,3691 267,3691 314,3691 361,3691 408,3692 455,3694 502,3694 549,3694 596,3694 643,3694 690,3694 737,3696 784,3697 831,3697 878,3697 925,3697 972,3700 1019,3700 1066,3700 1113,3703"/>
                <Word id="tr_1_tl_40_w1" custom="readingOrder {index:0;}">
                    <Coords points="171,3651 171,3711 342,3711 342,3651"/>
                    <TextEquiv>
                        <Unicode>übergeht,</Unicode>
                    </TextEquiv>
                </Word>
                <Word id="tr_1_tl_40_w2" custom="readingOrder {index:1;}">
                    <Coords points="364,3651 364,3711 420,3711 420,3651"/>
                    <TextEquiv>
                        <Unicode>vom</Unicode>
                    </TextEquiv>
                </Word>
                <Word id="tr_1_tl_40_w3" custom="readingOrder {index:2;}">
                    <Coords points="470,3654 470,3714 569,3714 569,3654"/>
                    <TextEquiv>
                        <Unicode>Leben</Unicode>
                    </TextEquiv>
                </Word>
                <Word id="tr_1_tl_40_w4" custom="readingOrder {index:3;}">
                    <Coords points="608,3655 608,3715 824,3715 824,3655"/>
                    <TextEquiv>
                        <Unicode>Enttäuschte,</Unicode>
                    </TextEquiv>
                </Word>
                <Word id="tr_1_tl_40_w5" custom="readingOrder {index:4;}">
                    <Coords points="846,3657 846,3717 924,3717 924,3657"/>
                    <TextEquiv>
                        <Unicode>stille</Unicode>
                    </TextEquiv>
                </Word>
                <Word id="tr_1_tl_40_w6" custom="readingOrder {index:5;}">
                    <Coords points="952,3660 952,3720 1112,3720 1112,3660"/>
                    <TextEquiv>
                        <Unicode>Ironiker,</Unicode>
                    </TextEquiv>
                </Word>
                <TextEquiv>
                    <Unicode>übergeht, vom Leben Enttäuschte, stille Ironiker,</Unicode>
                </TextEquiv>
            </TextLine>
            <TextLine id="tr_1_tl_41" custom="readingOrder {index:40;}">
                <Coords points="220,3764 262,3769 282,3750 290,3756 304,3751 354,3751 351,3709 335,3714 325,3705 307,3707 296,3698 286,3709 255,3702 232,3709 216,3701"/>
                <Baseline points="226,3741 252,3743 278,3744 305,3746 331,3748 358,3750"/>
                <Word id="tr_1_tl_41_w1" custom="readingOrder {index:0;}">
                    <Coords points="220,3702 220,3762 276,3762 276,3702"/>
                    <TextEquiv>
                        <Unicode>Nr.</Unicode>
                    </TextEquiv>
                </Word>
                <Word id="tr_1_tl_41_w2" custom="readingOrder {index:1;}">
                    <Coords points="292,3706 292,3766 342,3766 342,3706"/>
                    <TextEquiv>
                        <Unicode>904</Unicode>
                    </TextEquiv>
                </Word>
                <TextEquiv>
                    <Unicode>Nr. 904</Unicode>
                </TextEquiv>
            </TextLine>
            <TextEquiv>
                <Unicode></Unicode>
            </TextEquiv>
        </TextRegion>
        <TextRegion orientation="0.0" id="tr_2" custom="readingOrder {index:1;}">
            <Coords points="1194,305 1194,3723 2144,3723 2144,305"/>
            <TextLine id="tr_2_tl_1" custom="readingOrder {index:0;}">
                <Coords points="1447,366 1664,326 1725,372 1789,347 1917,354 1915,260 1804,256 1721,284 1683,272 1632,307 1597,283 1553,291 1446,263"/>
                <Baseline points="1454,331 1479,329 1505,328 1531,330 1557,331 1583,331 1609,332 1635,334 1661,332 1687,332 1712,333 1738,334 1764,334 1790,336 1816,337 1842,335 1868,334 1894,334 1920,334"/>
                <Word id="tr_2_tl_1_w1" custom="readingOrder {index:0;}">
                    <Coords points="1451,288 1451,348 1579,348 1579,288"/>
                    <TextEquiv>
                        <Unicode>box</Unicode>
                    </TextEquiv>
                </Word>
                <Word id="tr_2_tl_1_w2" custom="readingOrder {index:1;}">
                    <Coords points="1653,295 1653,355 1901,355 1901,295"/>
                    <TextEquiv>
                        <Unicode>43/11</Unicode>
                    </TextEquiv>
                </Word>
                <TextEquiv>
                    <Unicode>box 43/11</Unicode>
                </TextEquiv>
            </TextLine>
            <TextLine id="tr_2_tl_2" custom="readingOrder {index:1;}">
                <Coords points="1187,2184 2005,2198 2121,2189 2141,2145 1186,2121"/>
                <Baseline points="1194,2171 1241,2168 1289,2171 1336,2170 1384,2169 1431,2171 1479,2171 1526,2171 1574,2171 1621,2173 1669,2174 1716,2174 1764,2176 1811,2175 1859,2177 1906,2177 1954,2177 2001,2177 2049,2177 2096,2177 2144,2177"/>
                <Word id="tr_2_tl_2_w1" custom="readingOrder {index:0;}">
                    <Coords points="1192,2129 1192,2189 1549,2189 1549,2129"/>
                    <TextEquiv>
                        <Unicode>schönheitsberauschte</Unicode>
                    </TextEquiv>
                </Word>
                <Word id="tr_2_tl_2_w2" custom="readingOrder {index:1;}">
                    <Coords points="1589,2134 1589,2194 1753,2194 1753,2134"/>
                    <TextEquiv>
                        <Unicode>Egoisten,</Unicode>
                    </TextEquiv>
                </Word>
                <Word id="tr_2_tl_2_w3" custom="readingOrder {index:2;}">
                    <Coords points="1787,2137 1787,2197 2019,2197 2019,2137"/>
                    <TextEquiv>
                        <Unicode>„leichtsinnige</Unicode>
                    </TextEquiv>
                </Word>
                <Word id="tr_2_tl_2_w4" custom="readingOrder {index:3;}">
                    <Coords points="2059,2137 2059,2197 2138,2197 2138,2137"/>
                    <TextEquiv>
                        <Unicode>Me¬</Unicode>
                    </TextEquiv>
                </Word>
                <TextEquiv>
                    <Unicode>schönheitsberauschte Egoisten, „leichtsinnige Me¬</Unicode>
                </TextEquiv>
            </TextLine>
            <TextLine id="tr_2_tl_3" custom="readingOrder {index:2;}">
                <Coords points="1187,2228 2141,2237 2141,2196 2062,2180 1187,2185"/>
                <Baseline points="1194,2218 1241,2218 1289,2218 1336,2218 1384,2219 1431,2220 1479,2219 1526,2221 1574,2221 1621,2221 1669,2223 1716,2224 1764,2224 1811,2224 1859,2224 1906,2224 1954,2224 2001,2224 2049,2227 2096,2227 2144,2230"/>
                <Word id="tr_2_tl_3_w1" custom="readingOrder {index:0;}">
                    <Coords points="1187,2178 1187,2238 1408,2238 1408,2178"/>
                    <TextEquiv>
                        <Unicode>lancholiker",</Unicode>
                    </TextEquiv>
                </Word>
                <Word id="tr_2_tl_3_w2" custom="readingOrder {index:1;}">
                    <Coords points="1430,2179 1430,2239 1487,2239 1487,2179"/>
                    <TextEquiv>
                        <Unicode>wie</Unicode>
                    </TextEquiv>
                </Word>
                <Word id="tr_2_tl_3_w3" custom="readingOrder {index:2;}">
                    <Coords points="1508,2180 1508,2240 1538,2240 1538,2180"/>
                    <TextEquiv>
                        <Unicode>z.</Unicode>
                    </TextEquiv>
                </Word>
                <Word id="tr_2_tl_3_w4" custom="readingOrder {index:3;}">
                    <Coords points="1554,2181 1554,2241 1595,2241 1595,2181"/>
                    <TextEquiv>
                        <Unicode>B.</Unicode>
                    </TextEquiv>
                </Word>
                <Word id="tr_2_tl_3_w5" custom="readingOrder {index:4;}">
                    <Coords points="1616,2181 1616,2241 1673,2241 1673,2181"/>
                    <TextEquiv>
                        <Unicode>sein</Unicode>
                    </TextEquiv>
                </Word>
                <Word id="tr_2_tl_3_w6" custom="readingOrder {index:5;}">
                    <Coords points="1700,2184 1700,2244 1833,2244 1833,2184"/>
                    <TextEquiv>
                        <Unicode>Anatol,</Unicode>
                    </TextEquiv>
                </Word>
                <Word id="tr_2_tl_3_w7" custom="readingOrder {index:6;}">
                    <Coords points="1850,2184 1850,2244 1989,2244 1989,2184"/>
                    <TextEquiv>
                        <Unicode>daneben</Unicode>
                    </TextEquiv>
                </Word>
                <Word id="tr_2_tl_3_w8" custom="readingOrder {index:7;}">
                    <Coords points="2021,2187 2021,2247 2134,2247 2134,2187"/>
                    <TextEquiv>
                        <Unicode>wieder</Unicode>
                    </TextEquiv>
                </Word>
                <TextEquiv>
                    <Unicode>lancholiker", wie z. B. sein Anatol, daneben wieder</Unicode>
                </TextEquiv>
            </TextLine>
            <TextLine id="tr_2_tl_4" custom="readingOrder {index:3;}">
                <Coords points="1194,2295 2141,2298 2131,2235 1192,2224"/>
                <Baseline points="1200,2269 1247,2269 1294,2269 1341,2269 1388,2269 1436,2269 1483,2269 1530,2269 1577,2269 1624,2270 1672,2272 1719,2274 1766,2275 1813,2275 1860,2277 1908,2276 1955,2275 2002,2278 2049,2278 2096,2278 2144,2281"/>
                <Word id="tr_2_tl_4_w1" custom="readingOrder {index:0;}">
                    <Coords points="1193,2229 1193,2289 1343,2289 1343,2229"/>
                    <TextEquiv>
                        <Unicode>einfache,</Unicode>
                    </TextEquiv>
                </Word>
                <Word id="tr_2_tl_4_w2" custom="readingOrder {index:1;}">
                    <Coords points="1361,2229 1361,2289 1453,2289 1453,2229"/>
                    <TextEquiv>
                        <Unicode>junge</Unicode>
                    </TextEquiv>
                </Word>
                <Word id="tr_2_tl_4_w3" custom="readingOrder {index:2;}">
                    <Coords points="1489,2229 1489,2289 1674,2289 1674,2229"/>
                    <TextEquiv>
                        <Unicode>Menschen,</Unicode>
                    </TextEquiv>
                </Word>
                <Word id="tr_2_tl_4_w4" custom="readingOrder {index:3;}">
                    <Coords points="1703,2234 1703,2294 1749,2294 1749,2234"/>
                    <TextEquiv>
                        <Unicode>die</Unicode>
                    </TextEquiv>
                </Word>
                <Word id="tr_2_tl_4_w5" custom="readingOrder {index:4;}">
                    <Coords points="1779,2235 1779,2295 1853,2295 1853,2235"/>
                    <TextEquiv>
                        <Unicode>ganz</Unicode>
                    </TextEquiv>
                </Word>
                <Word id="tr_2_tl_4_w6" custom="readingOrder {index:5;}">
                    <Coords points="1884,2235 1884,2295 1969,2295 1969,2235"/>
                    <TextEquiv>
                        <Unicode>ihrem</Unicode>
                    </TextEquiv>
                </Word>
                <Word id="tr_2_tl_4_w7" custom="readingOrder {index:6;}">
                    <Coords points="2017,2238 2017,2298 2138,2298 2138,2238"/>
                    <TextEquiv>
                        <Unicode>Gefühl</Unicode>
                    </TextEquiv>
                </Word>
                <TextEquiv>
                    <Unicode>einfache, junge Menschen, die ganz ihrem Gefühl</Unicode>
                </TextEquiv>
            </TextLine>
            <TextLine id="tr_2_tl_5" custom="readingOrder {index:4;}">
                <Coords points="1455,3739 1534,3729 1584,3703 1608,3721 1650,3710 1695,3725 1741,3711 1824,3735 1824,3675 1800,3667 1777,3680 1611,3664 1569,3680 1516,3652 1455,3679"/>
                <Baseline points="1463,3709 1489,3707 1515,3706 1541,3706 1567,3706 1593,3706 1619,3706 1645,3706 1671,3706 1697,3706 1723,3706 1749,3706 1775,3706 1801,3708 1827,3712"/>
                <Word id="tr_2_tl_5_w1" custom="readingOrder {index:0;}">
                    <Coords points="1459,3666 1459,3726 1574,3726 1574,3666"/>
                    <TextEquiv>
                        <Unicode>Arthur</Unicode>
                    </TextEquiv>
                </Word>
                <Word id="tr_2_tl_5_w2" custom="readingOrder {index:1;}">
                    <Coords points="1598,3666 1598,3726 1761,3726 1761,3666"/>
                    <TextEquiv>
                        <Unicode>Schnitzler</Unicode>
                    </TextEquiv>
                </Word>
                <Word id="tr_2_tl_5_w3" custom="readingOrder {index:2;}">
                    <Coords points="1785,3668 1785,3728 1818,3728 1818,3668"/>
                    <TextEquiv>
                        <Unicode>f.</Unicode>
                    </TextEquiv>
                </Word>
                <TextEquiv>
                    <Unicode>Arthur Schnitzler f.</Unicode>
                </TextEquiv>
            </TextLine>
            <TextEquiv>
                <Unicode></Unicode>
            </TextEquiv>
        </TextRegion>
        <TextRegion orientation="0.0" id="tr_3" custom="readingOrder {index:2;}">
            <Coords points="2174,2158 2174,3723 3138,3723 3138,2158"/>
            <TextLine id="tr_3_tl_1" custom="readingOrder {index:0;}">
                <Coords points="2196,2190 3129,2198 3129,2129 2689,2125 2558,2158 2446,2119 2196,2129"/>
                <Baseline points="2203,2180 2249,2180 2295,2183 2342,2183 2388,2183 2435,2183 2481,2183 2528,2183 2574,2183 2621,2183 2667,2183 2713,2183 2760,2184 2806,2186 2853,2186 2899,2186 2946,2186 2992,2186 3039,2186 3085,2186 3132,2189"/>
                <Word id="tr_3_tl_1_w1" custom="readingOrder {index:0;}">
                    <Coords points="2197,2142 2197,2202 2386,2202 2386,2142"/>
                    <TextEquiv>
                        <Unicode>hingegeben</Unicode>
                    </TextEquiv>
                </Word>
                <Word id="tr_3_tl_1_w2" custom="readingOrder {index:1;}">
                    <Coords points="2416,2143 2416,2203 2492,2203 2492,2143"/>
                    <TextEquiv>
                        <Unicode>leben</Unicode>
                    </TextEquiv>
                </Word>
                <Word id="tr_3_tl_1_w3" custom="readingOrder {index:2;}">
                    <Coords points="2523,2143 2523,2203 2534,2203 2534,2143"/>
                    <TextEquiv>
                        <Unicode>—</Unicode>
                    </TextEquiv>
                </Word>
                <Word id="tr_3_tl_1_w4" custom="readingOrder {index:3;}">
                    <Coords points="2581,2143 2581,2203 2676,2203 2676,2143"/>
                    <TextEquiv>
                        <Unicode>Mizzi</Unicode>
                    </TextEquiv>
                </Word>
                <Word id="tr_3_tl_1_w5" custom="readingOrder {index:4;}">
                    <Coords points="2694,2144 2694,2204 2835,2204 2835,2144"/>
                    <TextEquiv>
                        <Unicode>Schlager</Unicode>
                    </TextEquiv>
                </Word>
                <Word id="tr_3_tl_1_w6" custom="readingOrder {index:5;}">
                    <Coords points="2860,2146 2860,2206 2913,2206 2913,2146"/>
                    <TextEquiv>
                        <Unicode>aus</Unicode>
                    </TextEquiv>
                </Word>
                <Word id="tr_3_tl_1_w7" custom="readingOrder {index:6;}">
                    <Coords points="2937,2146 2937,2206 3131,2206 3131,2146"/>
                    <TextEquiv>
                        <Unicode>„Liebelei",</Unicode>
                    </TextEquiv>
                </Word>
                <TextEquiv>
                    <Unicode>hingegeben leben — Mizzi Schlager aus „Liebelei",</Unicode>
                </TextEquiv>
            </TextLine>
            <TextLine id="tr_3_tl_2" custom="readingOrder {index:1;}">
                <Coords points="2190,2240 3135,2251 3133,2197 3085,2190 2189,2190"/>
                <Baseline points="2197,2227 2244,2230 2291,2230 2338,2230 2385,2233 2432,2233 2479,2232 2526,2230 2573,2231 2620,2233 2667,2233 2714,2233 2761,2233 2808,2233 2855,2233 2902,2235 2949,2236 2996,2238 3043,2236 3090,2236 3138,2242"/>
                <Word id="tr_3_tl_2_w1" custom="readingOrder {index:0;}">
                    <Coords points="2195,2188 2195,2248 2233,2248 2233,2188"/>
                    <TextEquiv>
                        <Unicode>die</Unicode>
                    </TextEquiv>
                </Word>
                <Word id="tr_3_tl_2_w2" custom="readingOrder {index:1;}">
                    <Coords points="2262,2190 2262,2250 2355,2250 2355,2190"/>
                    <TextEquiv>
                        <Unicode>daran</Unicode>
                    </TextEquiv>
                </Word>
                <Word id="tr_3_tl_2_w3" custom="readingOrder {index:2;}">
                    <Coords points="2389,2193 2389,2253 2417,2253 2417,2193"/>
                    <TextEquiv>
                        <Unicode>zu</Unicode>
                    </TextEquiv>
                </Word>
                <Word id="tr_3_tl_2_w4" custom="readingOrder {index:3;}">
                    <Coords points="2451,2190 2451,2250 2578,2250 2578,2190"/>
                    <TextEquiv>
                        <Unicode>Grunde</Unicode>
                    </TextEquiv>
                </Word>
                <Word id="tr_3_tl_2_w5" custom="readingOrder {index:4;}">
                    <Coords points="2606,2193 2606,2253 2694,2253 2694,2193"/>
                    <TextEquiv>
                        <Unicode>geht,</Unicode>
                    </TextEquiv>
                </Word>
                <Word id="tr_3_tl_2_w6" custom="readingOrder {index:5;}">
                    <Coords points="2717,2193 2717,2253 2794,2253 2794,2193"/>
                    <TextEquiv>
                        <Unicode>weil</Unicode>
                    </TextEquiv>
                </Word>
                <Word id="tr_3_tl_2_w7" custom="readingOrder {index:6;}">
                    <Coords points="2811,2193 2811,2253 2877,2253 2877,2193"/>
                    <TextEquiv>
                        <Unicode>ihre</Unicode>
                    </TextEquiv>
                </Word>
                <Word id="tr_3_tl_2_w8" custom="readingOrder {index:7;}">
                    <Coords points="2900,2196 2900,2256 3016,2256 3016,2196"/>
                    <TextEquiv>
                        <Unicode>große,</Unicode>
                    </TextEquiv>
                </Word>
                <Word id="tr_3_tl_2_w9" custom="readingOrder {index:8;}">
                    <Coords points="3033,2196 3033,2256 3122,2256 3122,2196"/>
                    <TextEquiv>
                        <Unicode>völlig</Unicode>
                    </TextEquiv>
                </Word>
                <TextEquiv>
                    <Unicode>die daran zu Grunde geht, weil ihre große, völlig</Unicode>
                </TextEquiv>
            </TextLine>
            <TextLine id="tr_3_tl_3" custom="readingOrder {index:2;}">
                <Coords points="2198,2292 3125,2300 3104,2243 2198,2241"/>
                <Baseline points="2206,2281 2252,2281 2298,2281 2344,2281 2390,2281 2436,2281 2482,2281 2529,2281 2575,2281 2621,2281 2667,2280 2713,2279 2759,2281 2805,2281 2852,2282 2898,2284 2944,2285 2990,2288 3036,2288 3082,2287 3129,2284"/>
                <Word id="tr_3_tl_3_w1" custom="readingOrder {index:0;}">
                    <Coords points="2193,2241 2193,2301 2238,2301 2238,2241"/>
                    <TextEquiv>
                        <Unicode>sich</Unicode>
                    </TextEquiv>
                </Word>
                <Word id="tr_3_tl_3_w2" custom="readingOrder {index:1;}">
                    <Coords points="2266,2241 2266,2301 2465,2301 2465,2241"/>
                    <TextEquiv>
                        <Unicode>hingebende</Unicode>
                    </TextEquiv>
                </Word>
                <Word id="tr_3_tl_3_w3" custom="readingOrder {index:2;}">
                    <Coords points="2494,2241 2494,2301 2583,2301 2583,2241"/>
                    <TextEquiv>
                        <Unicode>Liebe</Unicode>
                    </TextEquiv>
                </Word>
                <Word id="tr_3_tl_3_w4" custom="readingOrder {index:3;}">
                    <Coords points="2613,2240 2613,2300 2663,2300 2663,2240"/>
                    <TextEquiv>
                        <Unicode>für</Unicode>
                    </TextEquiv>
                </Word>
                <Word id="tr_3_tl_3_w5" custom="readingOrder {index:4;}">
                    <Coords points="2686,2239 2686,2299 2742,2299 2742,2239"/>
                    <TextEquiv>
                        <Unicode>den</Unicode>
                    </TextEquiv>
                </Word>
                <Word id="tr_3_tl_3_w6" custom="readingOrder {index:5;}">
                    <Coords points="2777,2241 2777,2301 2873,2301 2873,2241"/>
                    <TextEquiv>
                        <Unicode>Mann</Unicode>
                    </TextEquiv>
                </Word>
                <Word id="tr_3_tl_3_w7" custom="readingOrder {index:6;}">
                    <Coords points="2907,2244 2907,2304 2958,2304 2958,2244"/>
                    <TextEquiv>
                        <Unicode>der</Unicode>
                    </TextEquiv>
                </Word>
                <Word id="tr_3_tl_3_w8" custom="readingOrder {index:7;}">
                    <Coords points="2986,2247 2986,2307 3122,2307 3122,2247"/>
                    <TextEquiv>
                        <Unicode>„großen</Unicode>
                    </TextEquiv>
                </Word>
                <TextEquiv>
                    <Unicode>sich hingebende Liebe für den Mann der „großen</Unicode>
                </TextEquiv>
            </TextLine>
            <TextLine id="tr_3_tl_4" custom="readingOrder {index:3;}">
                <Coords points="2190,2335 3132,2353 3132,2299 3043,2288 2872,2316 2674,2280 2420,2314 2190,2291"/>
                <Baseline points="2197,2326 2243,2326 2290,2329 2337,2329 2384,2329 2431,2329 2478,2330 2525,2331 2572,2329 2619,2329 2666,2329 2712,2330 2759,2332 2806,2332 2853,2332 2900,2332 2947,2334 2994,2335 3041,2335 3088,2335 3135,2338"/>
                <Word id="tr_3_tl_4_w1" custom="readingOrder {index:0;}">
                    <Coords points="2190,2286 2190,2346 2290,2346 2290,2286"/>
                    <TextEquiv>
                        <Unicode>Welt"</Unicode>
                    </TextEquiv>
                </Word>
                <Word id="tr_3_tl_4_w2" custom="readingOrder {index:1;}">
                    <Coords points="2327,2289 2327,2349 2385,2349 2385,2289"/>
                    <TextEquiv>
                        <Unicode>nur</Unicode>
                    </TextEquiv>
                </Word>
                <Word id="tr_3_tl_4_w3" custom="readingOrder {index:2;}">
                    <Coords points="2422,2289 2422,2349 2432,2349 2432,2289"/>
                    <TextEquiv>
                        <Unicode>—</Unicode>
                    </TextEquiv>
                </Word>
                <Word id="tr_3_tl_4_w4" custom="readingOrder {index:3;}">
                    <Coords points="2496,2290 2496,2350 2564,2350 2564,2290"/>
                    <TextEquiv>
                        <Unicode>eine</Unicode>
                    </TextEquiv>
                </Word>
                <Word id="tr_3_tl_4_w5" custom="readingOrder {index:4;}">
                    <Coords points="2602,2289 2602,2349 2744,2349 2744,2289"/>
                    <TextEquiv>
                        <Unicode>Liebelei</Unicode>
                    </TextEquiv>
                </Word>
                <Word id="tr_3_tl_4_w6" custom="readingOrder {index:5;}">
                    <Coords points="2782,2292 2782,2352 2866,2352 2866,2292"/>
                    <TextEquiv>
                        <Unicode>war.</Unicode>
                    </TextEquiv>
                </Word>
                <Word id="tr_3_tl_4_w7" custom="readingOrder {index:6;}">
                    <Coords points="2893,2292 2893,2352 2945,2352 2945,2292"/>
                    <TextEquiv>
                        <Unicode>Ein</Unicode>
                    </TextEquiv>
                </Word>
                <Word id="tr_3_tl_4_w8" custom="readingOrder {index:7;}">
                    <Coords points="2988,2295 2988,2355 3124,2355 3124,2295"/>
                    <TextEquiv>
                        <Unicode>anderer</Unicode>
                    </TextEquiv>
                </Word>
                <TextEquiv>
                    <Unicode>Welt" nur — eine Liebelei war. Ein anderer</Unicode>
                </TextEquiv>
            </TextLine>
            <TextLine id="tr_3_tl_5" custom="readingOrder {index:4;}">
                <Coords points="2193,2391 3135,2402 3135,2350 3008,2340 2193,2338"/>
                <Baseline points="2200,2380 2246,2380 2293,2377 2340,2377 2387,2377 2434,2377 2481,2378 2528,2380 2575,2380 2622,2380 2669,2380 2715,2380 2762,2380 2809,2380 2856,2382 2903,2383 2950,2381 2997,2382 3044,2383 3091,2383 3138,2386"/>
                <Word id="tr_3_tl_5_w1" custom="readingOrder {index:0;}">
                    <Coords points="2193,2339 2193,2399 2319,2399 2319,2339"/>
                    <TextEquiv>
                        <Unicode>Typus:</Unicode>
                    </TextEquiv>
                </Word>
                <Word id="tr_3_tl_5_w2" custom="readingOrder {index:1;}">
                    <Coords points="2346,2337 2346,2397 2404,2397 2404,2337"/>
                    <TextEquiv>
                        <Unicode>das</Unicode>
                    </TextEquiv>
                </Word>
                <Word id="tr_3_tl_5_w3" custom="readingOrder {index:2;}">
                    <Coords points="2436,2340 2436,2400 2620,2400 2620,2340"/>
                    <TextEquiv>
                        <Unicode>überzarte,</Unicode>
                    </TextEquiv>
                </Word>
                <Word id="tr_3_tl_5_w4" custom="readingOrder {index:3;}">
                    <Coords points="2647,2340 2647,2400 2747,2400 2747,2340"/>
                    <TextEquiv>
                        <Unicode>junge</Unicode>
                    </TextEquiv>
                </Word>
                <Word id="tr_3_tl_5_w5" custom="readingOrder {index:4;}">
                    <Coords points="2780,2342 2780,2402 2953,2402 2953,2342"/>
                    <TextEquiv>
                        <Unicode>Mädchen,</Unicode>
                    </TextEquiv>
                </Word>
                <Word id="tr_3_tl_5_w6" custom="readingOrder {index:5;}">
                    <Coords points="2980,2342 2980,2402 3032,2402 3032,2342"/>
                    <TextEquiv>
                        <Unicode>der</Unicode>
                    </TextEquiv>
                </Word>
                <Word id="tr_3_tl_5_w7" custom="readingOrder {index:6;}">
                    <Coords points="3065,2343 3065,2403 3122,2403 3122,2343"/>
                    <TextEquiv>
                        <Unicode>un¬</Unicode>
                    </TextEquiv>
                </Word>
                <TextEquiv>
                    <Unicode>Typus: das überzarte, junge Mädchen, der un¬</Unicode>
                </TextEquiv>
            </TextLine>
            <TextLine id="tr_3_tl_6" custom="readingOrder {index:5;}">
                <Coords points="2185,2434 3132,2436 3092,2386 2185,2390"/>
                <Baseline points="2192,2427 2239,2427 2286,2427 2333,2427 2380,2427 2427,2427 2474,2427 2522,2427 2569,2427 2616,2428 2663,2428 2710,2429 2757,2430 2804,2430 2852,2430 2899,2430 2946,2433 2993,2436 3040,2433 3087,2433 3135,2433"/>
                <Word id="tr_3_tl_6_w1" custom="readingOrder {index:0;}">
                    <Coords points="2186,2387 2186,2447 2275,2447 2275,2387"/>
                    <TextEquiv>
                        <Unicode>ruhig</Unicode>
                    </TextEquiv>
                </Word>
                <Word id="tr_3_tl_6_w2" custom="readingOrder {index:1;}">
                    <Coords points="2299,2387 2299,2447 2445,2447 2445,2387"/>
                    <TextEquiv>
                        <Unicode>bewegte</Unicode>
                    </TextEquiv>
                </Word>
                <Word id="tr_3_tl_6_w3" custom="readingOrder {index:2;}">
                    <Coords points="2474,2387 2474,2447 2563,2447 2563,2387"/>
                    <TextEquiv>
                        <Unicode>Geist</Unicode>
                    </TextEquiv>
                </Word>
                <Word id="tr_3_tl_6_w4" custom="readingOrder {index:3;}">
                    <Coords points="2581,2387 2581,2447 2603,2447 2603,2387"/>
                    <TextEquiv>
                        <Unicode>in</Unicode>
                    </TextEquiv>
                </Word>
                <Word id="tr_3_tl_6_w5" custom="readingOrder {index:4;}">
                    <Coords points="2638,2388 2638,2448 2705,2448 2705,2388"/>
                    <TextEquiv>
                        <Unicode>allzu</Unicode>
                    </TextEquiv>
                </Word>
                <Word id="tr_3_tl_6_w6" custom="readingOrder {index:5;}">
                    <Coords points="2740,2390 2740,2450 2841,2450 2841,2390"/>
                    <TextEquiv>
                        <Unicode>zartem</Unicode>
                    </TextEquiv>
                </Word>
                <Word id="tr_3_tl_6_w7" custom="readingOrder {index:6;}">
                    <Coords points="2881,2393 2881,2453 3022,2453 3022,2393"/>
                    <TextEquiv>
                        <Unicode>Körper,</Unicode>
                    </TextEquiv>
                </Word>
                <Word id="tr_3_tl_6_w8" custom="readingOrder {index:7;}">
                    <Coords points="3039,2393 3039,2453 3129,2453 3129,2393"/>
                    <TextEquiv>
                        <Unicode>früh¬</Unicode>
                    </TextEquiv>
                </Word>
                <TextEquiv>
                    <Unicode>ruhig bewegte Geist in allzu zartem Körper, früh¬</Unicode>
                </TextEquiv>
            </TextLine>
            <TextLine id="tr_3_tl_7" custom="readingOrder {index:6;}">
                <Coords points="2186,2495 3130,2488 3129,2442 2185,2436"/>
                <Baseline points="2194,2478 2240,2478 2287,2478 2334,2478 2381,2478 2428,2478 2475,2478 2522,2478 2569,2478 2616,2478 2663,2478 2709,2478 2756,2480 2803,2481 2850,2479 2897,2480 2944,2481 2991,2483 3038,2482 3085,2481 3132,2484"/>
                <Word id="tr_3_tl_7_w1" custom="readingOrder {index:0;}">
                    <Coords points="2191,2438 2191,2498 2262,2498 2262,2438"/>
                    <TextEquiv>
                        <Unicode>reif,</Unicode>
                    </TextEquiv>
                </Word>
                <Word id="tr_3_tl_7_w2" custom="readingOrder {index:1;}">
                    <Coords points="2279,2438 2279,2498 2335,2498 2335,2438"/>
                    <TextEquiv>
                        <Unicode>fast</Unicode>
                    </TextEquiv>
                </Word>
                <Word id="tr_3_tl_7_w3" custom="readingOrder {index:2;}">
                    <Coords points="2357,2438 2357,2498 2390,2498 2390,2438"/>
                    <TextEquiv>
                        <Unicode>an</Unicode>
                    </TextEquiv>
                </Word>
                <Word id="tr_3_tl_7_w4" custom="readingOrder {index:3;}">
                    <Coords points="2424,2438 2424,2498 2473,2498 2473,2438"/>
                    <TextEquiv>
                        <Unicode>der</Unicode>
                    </TextEquiv>
                </Word>
                <Word id="tr_3_tl_7_w5" custom="readingOrder {index:4;}">
                    <Coords points="2496,2438 2496,2498 2623,2498 2623,2438"/>
                    <TextEquiv>
                        <Unicode>Grenze</Unicode>
                    </TextEquiv>
                </Word>
                <Word id="tr_3_tl_7_w6" custom="readingOrder {index:5;}">
                    <Coords points="2646,2438 2646,2498 2700,2498 2700,2438"/>
                    <TextEquiv>
                        <Unicode>der</Unicode>
                    </TextEquiv>
                </Word>
                <Word id="tr_3_tl_7_w7" custom="readingOrder {index:6;}">
                    <Coords points="2723,2440 2723,2500 2878,2500 2878,2440"/>
                    <TextEquiv>
                        <Unicode>Kindheit</Unicode>
                    </TextEquiv>
                </Word>
                <Word id="tr_3_tl_7_w8" custom="readingOrder {index:7;}">
                    <Coords points="2895,2440 2895,2500 2966,2500 2966,2440"/>
                    <TextEquiv>
                        <Unicode>noch</Unicode>
                    </TextEquiv>
                </Word>
                <Word id="tr_3_tl_7_w9" custom="readingOrder {index:8;}">
                    <Coords points="3006,2442 3006,2502 3039,2502 3039,2442"/>
                    <TextEquiv>
                        <Unicode>zu</Unicode>
                    </TextEquiv>
                </Word>
                <Word id="tr_3_tl_7_w10" custom="readingOrder {index:9;}">
                    <Coords points="3067,2441 3067,2501 3133,2501 3133,2441"/>
                    <TextEquiv>
                        <Unicode>viel</Unicode>
                    </TextEquiv>
                </Word>
                <TextEquiv>
                    <Unicode>reif, fast an der Grenze der Kindheit noch zu viel</Unicode>
                </TextEquiv>
            </TextLine>
            <TextLine id="tr_3_tl_8" custom="readingOrder {index:7;}">
                <Coords points="2186,2540 3135,2542 3125,2488 2186,2493"/>
                <Baseline points="2194,2526 2241,2526 2288,2526 2335,2526 2382,2526 2430,2527 2477,2529 2524,2528 2571,2526 2618,2526 2666,2526 2713,2526 2760,2528 2807,2529 2854,2529 2902,2529 2949,2529 2996,2529 3043,2532 3090,2532 3138,2535"/>
                <Word id="tr_3_tl_8_w1" custom="readingOrder {index:0;}">
                    <Coords points="2191,2486 2191,2546 2238,2546 2238,2486"/>
                    <TextEquiv>
                        <Unicode>von</Unicode>
                    </TextEquiv>
                </Word>
                <Word id="tr_3_tl_8_w2" custom="readingOrder {index:1;}">
                    <Coords points="2271,2486 2271,2546 2323,2546 2323,2486"/>
                    <TextEquiv>
                        <Unicode>den</Unicode>
                    </TextEquiv>
                </Word>
                <Word id="tr_3_tl_8_w3" custom="readingOrder {index:2;}">
                    <Coords points="2350,2488 2350,2548 2588,2548 2588,2488"/>
                    <TextEquiv>
                        <Unicode>Geheimnissen</Unicode>
                    </TextEquiv>
                </Word>
                <Word id="tr_3_tl_8_w4" custom="readingOrder {index:3;}">
                    <Coords points="2615,2486 2615,2546 2667,2546 2667,2486"/>
                    <TextEquiv>
                        <Unicode>des</Unicode>
                    </TextEquiv>
                </Word>
                <Word id="tr_3_tl_8_w5" custom="readingOrder {index:4;}">
                    <Coords points="2694,2487 2694,2547 2815,2547 2815,2487"/>
                    <TextEquiv>
                        <Unicode>Lebens</Unicode>
                    </TextEquiv>
                </Word>
                <Word id="tr_3_tl_8_w6" custom="readingOrder {index:5;}">
                    <Coords points="2837,2489 2837,2549 2958,2549 2958,2489"/>
                    <TextEquiv>
                        <Unicode>ahnend</Unicode>
                    </TextEquiv>
                </Word>
                <Word id="tr_3_tl_8_w7" custom="readingOrder {index:6;}">
                    <Coords points="2985,2490 2985,2550 3048,2550 3048,2490"/>
                    <TextEquiv>
                        <Unicode>und</Unicode>
                    </TextEquiv>
                </Word>
                <Word id="tr_3_tl_8_w8" custom="readingOrder {index:7;}">
                    <Coords points="3070,2492 3070,2552 3127,2552 3127,2492"/>
                    <TextEquiv>
                        <Unicode>auf</Unicode>
                    </TextEquiv>
                </Word>
                <TextEquiv>
                    <Unicode>von den Geheimnissen des Lebens ahnend und auf</Unicode>
                </TextEquiv>
            </TextLine>
            <TextLine id="tr_3_tl_9" custom="readingOrder {index:8;}">
                <Coords points="2185,2581 3132,2590 3102,2539 2185,2540"/>
                <Baseline points="2192,2574 2239,2574 2286,2577 2333,2577 2380,2577 2427,2577 2474,2577 2522,2577 2569,2577 2616,2577 2663,2577 2710,2577 2757,2577 2804,2579 2852,2580 2899,2580 2946,2580 2993,2580 3040,2580 3087,2580 3135,2583"/>
                <Word id="tr_3_tl_9_w1" custom="readingOrder {index:0;}">
                    <Coords points="2185,2534 2185,2594 2228,2594 2228,2534"/>
                    <TextEquiv>
                        <Unicode>ein</Unicode>
                    </TextEquiv>
                </Word>
                <Word id="tr_3_tl_9_w2" custom="readingOrder {index:1;}">
                    <Coords points="2261,2537 2261,2597 2380,2597 2380,2537"/>
                    <TextEquiv>
                        <Unicode>Leben,</Unicode>
                    </TextEquiv>
                </Word>
                <Word id="tr_3_tl_9_w3" custom="readingOrder {index:2;}">
                    <Coords points="2402,2537 2402,2597 2456,2597 2456,2537"/>
                    <TextEquiv>
                        <Unicode>das</Unicode>
                    </TextEquiv>
                </Word>
                <Word id="tr_3_tl_9_w4" custom="readingOrder {index:3;}">
                    <Coords points="2484,2537 2484,2597 2549,2597 2549,2537"/>
                    <TextEquiv>
                        <Unicode>viel</Unicode>
                    </TextEquiv>
                </Word>
                <Word id="tr_3_tl_9_w5" custom="readingOrder {index:4;}">
                    <Coords points="2571,2537 2571,2597 2755,2597 2755,2537"/>
                    <TextEquiv>
                        <Unicode>grausamer</Unicode>
                    </TextEquiv>
                </Word>
                <Word id="tr_3_tl_9_w6" custom="readingOrder {index:5;}">
                    <Coords points="2777,2538 2777,2598 2826,2598 2826,2538"/>
                    <TextEquiv>
                        <Unicode>ist,</Unicode>
                    </TextEquiv>
                </Word>
                <Word id="tr_3_tl_9_w7" custom="readingOrder {index:6;}">
                    <Coords points="2843,2540 2843,2600 2885,2600 2885,2540"/>
                    <TextEquiv>
                        <Unicode>als</Unicode>
                    </TextEquiv>
                </Word>
                <Word id="tr_3_tl_9_w8" custom="readingOrder {index:7;}">
                    <Coords points="2913,2540 2913,2600 2956,2600 2956,2540"/>
                    <TextEquiv>
                        <Unicode>die</Unicode>
                    </TextEquiv>
                </Word>
                <Word id="tr_3_tl_9_w9" custom="readingOrder {index:8;}">
                    <Coords points="2984,2540 2984,2600 3124,2600 3124,2540"/>
                    <TextEquiv>
                        <Unicode>Träume</Unicode>
                    </TextEquiv>
                </Word>
                <TextEquiv>
                    <Unicode>ein Leben, das viel grausamer ist, als die Träume</Unicode>
                </TextEquiv>
            </TextLine>
            <TextLine id="tr_3_tl_10" custom="readingOrder {index:9;}">
                <Coords points="2185,2636 3129,2634 3128,2586 2184,2581"/>
                <Baseline points="2192,2625 2239,2625 2286,2625 2333,2625 2380,2625 2427,2625 2474,2625 2521,2626 2568,2627 2615,2625 2662,2625 2709,2625 2756,2627 2803,2628 2850,2628 2897,2628 2944,2630 2991,2628 3038,2628 3085,2630 3132,2630"/>
                <Word id="tr_3_tl_10_w1" custom="readingOrder {index:0;}">
                    <Coords points="2185,2585 2185,2645 2234,2645 2234,2585"/>
                    <TextEquiv>
                        <Unicode>der</Unicode>
                    </TextEquiv>
                </Word>
                <Word id="tr_3_tl_10_w2" custom="readingOrder {index:1;}">
                    <Coords points="2268,2585 2268,2645 2422,2645 2422,2585"/>
                    <TextEquiv>
                        <Unicode>Kindheit</Unicode>
                    </TextEquiv>
                </Word>
                <Word id="tr_3_tl_10_w3" custom="readingOrder {index:2;}">
                    <Coords points="2451,2585 2451,2645 2483,2645 2483,2585"/>
                    <TextEquiv>
                        <Unicode>es</Unicode>
                    </TextEquiv>
                </Word>
                <Word id="tr_3_tl_10_w4" custom="readingOrder {index:3;}">
                    <Coords points="2517,2585 2517,2645 2700,2645 2700,2585"/>
                    <TextEquiv>
                        <Unicode>ersehnten,</Unicode>
                    </TextEquiv>
                </Word>
                <Word id="tr_3_tl_10_w5" custom="readingOrder {index:4;}">
                    <Coords points="2728,2588 2728,2648 2944,2648 2944,2588"/>
                    <TextEquiv>
                        <Unicode>verzichtend,</Unicode>
                    </TextEquiv>
                </Word>
                <Word id="tr_3_tl_10_w6" custom="readingOrder {index:5;}">
                    <Coords points="2972,2588 2972,2648 3038,2648 3038,2588"/>
                    <TextEquiv>
                        <Unicode>eine</Unicode>
                    </TextEquiv>
                </Word>
                <Word id="tr_3_tl_10_w7" custom="readingOrder {index:6;}">
                    <Coords points="3071,2590 3071,2650 3121,2650 3121,2590"/>
                    <TextEquiv>
                        <Unicode>der</Unicode>
                    </TextEquiv>
                </Word>
                <TextEquiv>
                    <Unicode>der Kindheit es ersehnten, verzichtend, eine der</Unicode>
                </TextEquiv>
            </TextLine>
            <TextLine id="tr_3_tl_11" custom="readingOrder {index:10;}">
                <Coords points="2186,2682 3132,2688 3112,2633 2186,2636"/>
                <Baseline points="2194,2675 2241,2672 2288,2675 2335,2675 2382,2674 2429,2673 2476,2675 2523,2675 2570,2675 2617,2676 2664,2677 2711,2675 2758,2675 2805,2677 2852,2678 2899,2678 2946,2678 2993,2678 3040,2678 3087,2678 3135,2681"/>
                <Word id="tr_3_tl_11_w1" custom="readingOrder {index:0;}">
                    <Coords points="2181,2634 2181,2694 2380,2694 2380,2634"/>
                    <TextEquiv>
                        <Unicode>rührendsten</Unicode>
                    </TextEquiv>
                </Word>
                <Word id="tr_3_tl_11_w2" custom="readingOrder {index:1;}">
                    <Coords points="2425,2635 2425,2695 2619,2695 2619,2635"/>
                    <TextEquiv>
                        <Unicode>Gestalten:</Unicode>
                    </TextEquiv>
                </Word>
                <Word id="tr_3_tl_11_w3" custom="readingOrder {index:2;}">
                    <Coords points="2653,2635 2653,2695 2802,2695 2802,2635"/>
                    <TextEquiv>
                        <Unicode>Fräulein</Unicode>
                    </TextEquiv>
                </Word>
                <Word id="tr_3_tl_11_w4" custom="readingOrder {index:3;}">
                    <Coords points="2847,2638 2847,2698 2930,2698 2930,2638"/>
                    <TextEquiv>
                        <Unicode>Else,</Unicode>
                    </TextEquiv>
                </Word>
                <Word id="tr_3_tl_11_w5" custom="readingOrder {index:4;}">
                    <Coords points="2969,2638 2969,2698 3013,2698 3013,2638"/>
                    <TextEquiv>
                        <Unicode>die</Unicode>
                    </TextEquiv>
                </Word>
                <Word id="tr_3_tl_11_w6" custom="readingOrder {index:5;}">
                    <Coords points="3058,2638 3058,2698 3113,2698 3113,2638"/>
                    <TextEquiv>
                        <Unicode>von</Unicode>
                    </TextEquiv>
                </Word>
                <TextEquiv>
                    <Unicode>rührendsten Gestalten: Fräulein Else, die von</Unicode>
                </TextEquiv>
            </TextLine>
            <TextLine id="tr_3_tl_12" custom="readingOrder {index:11;}">
                <Coords points="2185,2735 3125,2736 3125,2692 3042,2677 2185,2684"/>
                <Baseline points="2192,2723 2238,2723 2285,2723 2332,2723 2379,2723 2426,2723 2473,2723 2519,2723 2566,2723 2613,2723 2660,2724 2707,2724 2754,2725 2801,2724 2847,2725 2894,2726 2941,2728 2988,2727 3035,2726 3082,2726 3129,2726"/>
                <Word id="tr_3_tl_12_w1" custom="readingOrder {index:0;}">
                    <Coords points="2185,2683 2185,2743 2336,2743 2336,2683"/>
                    <TextEquiv>
                        <Unicode>Elisabeth</Unicode>
                    </TextEquiv>
                </Word>
                <Word id="tr_3_tl_12_w2" custom="readingOrder {index:1;}">
                    <Coords points="2364,2683 2364,2743 2510,2743 2510,2683"/>
                    <TextEquiv>
                        <Unicode>Bergner</Unicode>
                    </TextEquiv>
                </Word>
                <Word id="tr_3_tl_12_w3" custom="readingOrder {index:2;}">
                    <Coords points="2537,2683 2537,2743 2559,2743 2559,2683"/>
                    <TextEquiv>
                        <Unicode>so</Unicode>
                    </TextEquiv>
                </Word>
                <Word id="tr_3_tl_12_w4" custom="readingOrder {index:3;}">
                    <Coords points="2592,2684 2592,2744 2732,2744 2732,2684"/>
                    <TextEquiv>
                        <Unicode>überaus</Unicode>
                    </TextEquiv>
                </Word>
                <Word id="tr_3_tl_12_w5" custom="readingOrder {index:4;}">
                    <Coords points="2760,2684 2760,2744 2808,2744 2808,2684"/>
                    <TextEquiv>
                        <Unicode>bis</Unicode>
                    </TextEquiv>
                </Word>
                <Word id="tr_3_tl_12_w6" custom="readingOrder {index:5;}">
                    <Coords points="2830,2685 2830,2745 2878,2745 2878,2685"/>
                    <TextEquiv>
                        <Unicode>ins</Unicode>
                    </TextEquiv>
                </Word>
                <Word id="tr_3_tl_12_w7" custom="readingOrder {index:6;}">
                    <Coords points="2901,2687 2901,2747 3052,2747 3052,2687"/>
                    <TextEquiv>
                        <Unicode>Innerste</Unicode>
                    </TextEquiv>
                </Word>
                <Word id="tr_3_tl_12_w8" custom="readingOrder {index:7;}">
                    <Coords points="3080,2686 3080,2746 3128,2746 3128,2686"/>
                    <TextEquiv>
                        <Unicode>er¬</Unicode>
                    </TextEquiv>
                </Word>
                <TextEquiv>
                    <Unicode>Elisabeth Bergner so überaus bis ins Innerste er¬</Unicode>
                </TextEquiv>
            </TextLine>
            <TextLine id="tr_3_tl_13" custom="readingOrder {index:12;}">
                <Coords points="2185,2790 3136,2788 3135,2746 3070,2725 2184,2736"/>
                <Baseline points="2192,2774 2239,2771 2286,2771 2333,2774 2381,2774 2428,2773 2475,2772 2523,2774 2570,2774 2617,2774 2665,2774 2712,2774 2759,2774 2806,2774 2854,2774 2901,2777 2948,2774 2996,2774 3043,2777 3090,2777 3138,2780"/>
                <Word id="tr_3_tl_13_w1" custom="readingOrder {index:0;}">
                    <Coords points="2185,2731 2185,2791 2263,2791 2263,2731"/>
                    <TextEquiv>
                        <Unicode>faßt,</Unicode>
                    </TextEquiv>
                </Word>
                <Word id="tr_3_tl_13_w2" custom="readingOrder {index:1;}">
                    <Coords points="2281,2734 2281,2794 2456,2794 2456,2734"/>
                    <TextEquiv>
                        <Unicode>dargestellt</Unicode>
                    </TextEquiv>
                </Word>
                <Word id="tr_3_tl_13_w3" custom="readingOrder {index:2;}">
                    <Coords points="2480,2734 2480,2794 2610,2794 2610,2734"/>
                    <TextEquiv>
                        <Unicode>wurde.</Unicode>
                    </TextEquiv>
                </Word>
                <Word id="tr_3_tl_13_w4" custom="readingOrder {index:3;}">
                    <Coords points="2628,2734 2628,2794 2690,2794 2690,2734"/>
                    <TextEquiv>
                        <Unicode>Für</Unicode>
                    </TextEquiv>
                </Word>
                <Word id="tr_3_tl_13_w5" custom="readingOrder {index:4;}">
                    <Coords points="2713,2734 2713,2794 2769,2794 2769,2734"/>
                    <TextEquiv>
                        <Unicode>sein</Unicode>
                    </TextEquiv>
                </Word>
                <Word id="tr_3_tl_13_w6" custom="readingOrder {index:5;}">
                    <Coords points="2792,2734 2792,2794 2883,2794 2883,2734"/>
                    <TextEquiv>
                        <Unicode>Werk</Unicode>
                    </TextEquiv>
                </Word>
                <Word id="tr_3_tl_13_w7" custom="readingOrder {index:6;}">
                    <Coords points="2901,2735 2901,2795 2940,2795 2940,2735"/>
                    <TextEquiv>
                        <Unicode>ist</Unicode>
                    </TextEquiv>
                </Word>
                <Word id="tr_3_tl_13_w8" custom="readingOrder {index:7;}">
                    <Coords points="2957,2734 2957,2794 3042,2794 3042,2734"/>
                    <TextEquiv>
                        <Unicode>Wien</Unicode>
                    </TextEquiv>
                </Word>
                <Word id="tr_3_tl_13_w9" custom="readingOrder {index:8;}">
                    <Coords points="3071,2737 3071,2797 3121,2797 3121,2737"/>
                    <TextEquiv>
                        <Unicode>der</Unicode>
                    </TextEquiv>
                </Word>
                <TextEquiv>
                    <Unicode>faßt, dargestellt wurde. Für sein Werk ist Wien der</Unicode>
                </TextEquiv>
            </TextLine>
            <TextLine id="tr_3_tl_14" custom="readingOrder {index:13;}">
                <Coords points="2176,2829 3129,2841 3114,2783 2176,2790"/>
                <Baseline points="2183,2819 2230,2822 2277,2822 2325,2822 2372,2822 2420,2822 2467,2822 2515,2822 2562,2823 2610,2825 2657,2823 2704,2822 2752,2822 2799,2824 2847,2825 2894,2825 2942,2825 2989,2828 3037,2828 3084,2825 3132,2828"/>
                <Word id="tr_3_tl_14_w1" custom="readingOrder {index:0;}">
                    <Coords points="2182,2782 2182,2842 2303,2842 2303,2782"/>
                    <TextEquiv>
                        <Unicode>richtige</Unicode>
                    </TextEquiv>
                </Word>
                <Word id="tr_3_tl_14_w2" custom="readingOrder {index:1;}">
                    <Coords points="2331,2782 2331,2842 2574,2842 2574,2782"/>
                    <TextEquiv>
                        <Unicode>Hintergrund,</Unicode>
                    </TextEquiv>
                </Word>
                <Word id="tr_3_tl_14_w3" custom="readingOrder {index:2;}">
                    <Coords points="2596,2784 2596,2844 2651,2844 2651,2784"/>
                    <TextEquiv>
                        <Unicode>das</Unicode>
                    </TextEquiv>
                </Word>
                <Word id="tr_3_tl_14_w4" custom="readingOrder {index:3;}">
                    <Coords points="2679,2782 2679,2842 2767,2842 2767,2782"/>
                    <TextEquiv>
                        <Unicode>Wien</Unicode>
                    </TextEquiv>
                </Word>
                <Word id="tr_3_tl_14_w5" custom="readingOrder {index:4;}">
                    <Coords points="2801,2784 2801,2844 2850,2844 2850,2784"/>
                    <TextEquiv>
                        <Unicode>der</Unicode>
                    </TextEquiv>
                </Word>
                <Word id="tr_3_tl_14_w6" custom="readingOrder {index:5;}">
                    <Coords points="2879,2788 2879,2848 3121,2848 3121,2788"/>
                    <TextEquiv>
                        <Unicode>Vorkriegszeit,</Unicode>
                    </TextEquiv>
                </Word>
                <TextEquiv>
                    <Unicode>richtige Hintergrund, das Wien der Vorkriegszeit,</Unicode>
                </TextEquiv>
            </TextLine>
            <TextLine id="tr_3_tl_15" custom="readingOrder {index:14;}">
                <Coords points="2178,2882 3129,2878 3129,2841 3070,2831 2178,2831"/>
                <Baseline points="2186,2869 2233,2869 2280,2872 2327,2872 2375,2872 2422,2872 2469,2872 2517,2872 2564,2872 2611,2872 2659,2872 2706,2872 2753,2872 2800,2872 2848,2872 2895,2875 2942,2872 2990,2875 3037,2875 3084,2875 3132,2878"/>
                <Word id="tr_3_tl_15_w1" custom="readingOrder {index:0;}">
                    <Coords points="2184,2829 2184,2889 2257,2889 2257,2829"/>
                    <TextEquiv>
                        <Unicode>diese</Unicode>
                    </TextEquiv>
                </Word>
                <Word id="tr_3_tl_15_w2" custom="readingOrder {index:1;}">
                    <Coords points="2286,2832 2286,2892 2415,2892 2415,2832"/>
                    <TextEquiv>
                        <Unicode>heitere,</Unicode>
                    </TextEquiv>
                </Word>
                <Word id="tr_3_tl_15_w3" custom="readingOrder {index:2;}">
                    <Coords points="2444,2832 2444,2892 2669,2892 2669,2832"/>
                    <TextEquiv>
                        <Unicode>leichtsinnige,</Unicode>
                    </TextEquiv>
                </Word>
                <Word id="tr_3_tl_15_w4" custom="readingOrder {index:3;}">
                    <Coords points="2687,2832 2687,2892 2883,2892 2883,2832"/>
                    <TextEquiv>
                        <Unicode>musikalische</Unicode>
                    </TextEquiv>
                </Word>
                <Word id="tr_3_tl_15_w5" custom="readingOrder {index:4;}">
                    <Coords points="2912,2833 2912,2893 3019,2893 3019,2833"/>
                    <TextEquiv>
                        <Unicode>Stadt,</Unicode>
                    </TextEquiv>
                </Word>
                <Word id="tr_3_tl_15_w6" custom="readingOrder {index:5;}">
                    <Coords points="3042,2835 3042,2895 3115,2895 3115,2835"/>
                    <TextEquiv>
                        <Unicode>aber</Unicode>
                    </TextEquiv>
                </Word>
                <TextEquiv>
                    <Unicode>diese heitere, leichtsinnige, musikalische Stadt, aber</Unicode>
                </TextEquiv>
            </TextLine>
            <TextLine id="tr_3_tl_16" custom="readingOrder {index:15;}">
                <Coords points="2178,2928 3129,2936 3097,2882 2178,2882"/>
                <Baseline points="2186,2920 2233,2920 2280,2920 2327,2920 2375,2920 2422,2921 2469,2923 2517,2922 2564,2921 2611,2923 2659,2921 2706,2920 2753,2920 2800,2922 2848,2923 2895,2923 2942,2923 2990,2923 3037,2923 3084,2923 3132,2923"/>
                <Word id="tr_3_tl_16_w1" custom="readingOrder {index:0;}">
                    <Coords points="2178,2880 2178,2940 2257,2940 2257,2880"/>
                    <TextEquiv>
                        <Unicode>nicht</Unicode>
                    </TextEquiv>
                </Word>
                <Word id="tr_3_tl_16_w2" custom="readingOrder {index:1;}">
                    <Coords points="2284,2880 2284,2940 2336,2940 2336,2880"/>
                    <TextEquiv>
                        <Unicode>das</Unicode>
                    </TextEquiv>
                </Word>
                <Word id="tr_3_tl_16_w3" custom="readingOrder {index:2;}">
                    <Coords points="2369,2882 2369,2942 2522,2942 2522,2882"/>
                    <TextEquiv>
                        <Unicode>steinerne</Unicode>
                    </TextEquiv>
                </Word>
                <Word id="tr_3_tl_16_w4" custom="readingOrder {index:3;}">
                    <Coords points="2549,2882 2549,2942 2634,2942 2634,2882"/>
                    <TextEquiv>
                        <Unicode>Wien</Unicode>
                    </TextEquiv>
                </Word>
                <Word id="tr_3_tl_16_w5" custom="readingOrder {index:4;}">
                    <Coords points="2671,2880 2671,2940 2729,2940 2729,2880"/>
                    <TextEquiv>
                        <Unicode>mit</Unicode>
                    </TextEquiv>
                </Word>
                <Word id="tr_3_tl_16_w6" custom="readingOrder {index:5;}">
                    <Coords points="2751,2882 2751,2942 2851,2942 2851,2882"/>
                    <TextEquiv>
                        <Unicode>seinen</Unicode>
                    </TextEquiv>
                </Word>
                <Word id="tr_3_tl_16_w7" custom="readingOrder {index:6;}">
                    <Coords points="2883,2883 2883,2943 3111,2943 3111,2883"/>
                    <TextEquiv>
                        <Unicode>Bankpalästen</Unicode>
                    </TextEquiv>
                </Word>
                <TextEquiv>
                    <Unicode>nicht das steinerne Wien mit seinen Bankpalästen</Unicode>
                </TextEquiv>
            </TextLine>
            <TextLine id="tr_3_tl_17" custom="readingOrder {index:16;}">
                <Coords points="2173,2971 3132,2987 3132,2933 2173,2925"/>
                <Baseline points="2180,2968 2227,2968 2275,2968 2323,2971 2371,2971 2418,2971 2466,2971 2514,2971 2562,2973 2609,2972 2657,2971 2705,2971 2753,2971 2800,2971 2848,2974 2896,2974 2944,2974 2991,2974 3039,2974 3087,2974 3135,2977"/>
                <Word id="tr_3_tl_17_w1" custom="readingOrder {index:0;}">
                    <Coords points="2179,2928 2179,2988 2237,2988 2237,2928"/>
                    <TextEquiv>
                        <Unicode>und</Unicode>
                    </TextEquiv>
                </Word>
                <Word id="tr_3_tl_17_w2" custom="readingOrder {index:1;}">
                    <Coords points="2265,2931 2265,2991 2589,2991 2589,2931"/>
                    <TextEquiv>
                        <Unicode>Geschäftshäusern,</Unicode>
                    </TextEquiv>
                </Word>
                <Word id="tr_3_tl_17_w3" custom="readingOrder {index:2;}">
                    <Coords points="2611,2931 2611,2991 2745,2991 2745,2931"/>
                    <TextEquiv>
                        <Unicode>sondern</Unicode>
                    </TextEquiv>
                </Word>
                <Word id="tr_3_tl_17_w4" custom="readingOrder {index:3;}">
                    <Coords points="2779,2931 2779,2991 2821,2991 2821,2931"/>
                    <TextEquiv>
                        <Unicode>die</Unicode>
                    </TextEquiv>
                </Word>
                <Word id="tr_3_tl_17_w5" custom="readingOrder {index:4;}">
                    <Coords points="2854,2934 2854,2994 2973,2994 2973,2934"/>
                    <TextEquiv>
                        <Unicode>grünen</Unicode>
                    </TextEquiv>
                </Word>
                <Word id="tr_3_tl_17_w6" custom="readingOrder {index:5;}">
                    <Coords points="3011,2934 3011,2994 3113,2994 3113,2934"/>
                    <TextEquiv>
                        <Unicode>hänge</Unicode>
                    </TextEquiv>
                </Word>
                <TextEquiv>
                    <Unicode>und Geschäftshäusern, sondern die grünen hänge</Unicode>
                </TextEquiv>
            </TextLine>
            <TextLine id="tr_3_tl_18" custom="readingOrder {index:17;}">
                <Coords points="2182,3025 3129,3035 3128,2984 2181,2980"/>
                <Baseline points="2189,3019 2236,3016 2283,3019 2330,3019 2377,3019 2424,3019 2471,3020 2519,3021 2566,3019 2613,3019 2660,3019 2707,3019 2754,3019 2801,3021 2849,3022 2896,3022 2943,3022 2990,3022 3037,3022 3084,3022 3132,3025"/>
                <Word id="tr_3_tl_18_w1" custom="readingOrder {index:0;}">
                    <Coords points="2181,2978 2181,3038 2223,3038 2223,2978"/>
                    <TextEquiv>
                        <Unicode>des</Unicode>
                    </TextEquiv>
                </Word>
                <Word id="tr_3_tl_18_w2" custom="readingOrder {index:1;}">
                    <Coords points="2245,2979 2245,3039 2489,3039 2489,2979"/>
                    <TextEquiv>
                        <Unicode>Kahlenbergs,</Unicode>
                    </TextEquiv>
                </Word>
                <Word id="tr_3_tl_18_w3" custom="readingOrder {index:2;}">
                    <Coords points="2505,2980 2505,3040 2547,3040 2547,2980"/>
                    <TextEquiv>
                        <Unicode>die</Unicode>
                    </TextEquiv>
                </Word>
                <Word id="tr_3_tl_18_w4" custom="readingOrder {index:3;}">
                    <Coords points="2569,2979 2569,3039 2781,3039 2781,2979"/>
                    <TextEquiv>
                        <Unicode>Taxusbecken</Unicode>
                    </TextEquiv>
                </Word>
                <Word id="tr_3_tl_18_w5" custom="readingOrder {index:4;}">
                    <Coords points="2808,2981 2808,3041 2829,3041 2829,2981"/>
                    <TextEquiv>
                        <Unicode>im</Unicode>
                    </TextEquiv>
                </Word>
                <Word id="tr_3_tl_18_w6" custom="readingOrder {index:5;}">
                    <Coords points="2867,2982 2867,3042 3116,3042 3116,2982"/>
                    <TextEquiv>
                        <Unicode>Schönbrunner</Unicode>
                    </TextEquiv>
                </Word>
                <TextEquiv>
                    <Unicode>des Kahlenbergs, die Taxusbecken im Schönbrunner</Unicode>
                </TextEquiv>
            </TextLine>
            <TextLine id="tr_3_tl_19" custom="readingOrder {index:18;}">
                <Coords points="2182,3086 3133,3085 3133,3038 3085,3027 2182,3027"/>
                <Baseline points="2189,3067 2236,3067 2283,3069 2330,3069 2378,3069 2425,3069 2472,3069 2520,3069 2567,3069 2614,3069 2662,3069 2709,3069 2756,3069 2803,3069 2851,3069 2898,3072 2945,3072 2993,3072 3040,3072 3087,3072 3135,3072"/>
                <Word id="tr_3_tl_19_w1" custom="readingOrder {index:0;}">
                    <Coords points="2177,3028 2177,3088 2382,3088 2382,3028"/>
                    <TextEquiv>
                        <Unicode>Schloßpark,</Unicode>
                    </TextEquiv>
                </Word>
                <Word id="tr_3_tl_19_w2" custom="readingOrder {index:1;}">
                    <Coords points="2404,3029 2404,3089 2453,3089 2453,3029"/>
                    <TextEquiv>
                        <Unicode>die</Unicode>
                    </TextEquiv>
                </Word>
                <Word id="tr_3_tl_19_w3" custom="readingOrder {index:2;}">
                    <Coords points="2482,3029 2482,3089 2570,3089 2570,3029"/>
                    <TextEquiv>
                        <Unicode>stillen</Unicode>
                    </TextEquiv>
                </Word>
                <Word id="tr_3_tl_19_w4" custom="readingOrder {index:3;}">
                    <Coords points="2604,3029 2604,3089 2742,3089 2742,3029"/>
                    <TextEquiv>
                        <Unicode>Straßen</Unicode>
                    </TextEquiv>
                </Word>
                <Word id="tr_3_tl_19_w5" custom="readingOrder {index:4;}">
                    <Coords points="2776,3029 2776,3089 2836,3089 2836,3029"/>
                    <TextEquiv>
                        <Unicode>mit</Unicode>
                    </TextEquiv>
                </Word>
                <Word id="tr_3_tl_19_w6" custom="readingOrder {index:5;}">
                    <Coords points="2865,3032 2865,3092 2941,3092 2941,3032"/>
                    <TextEquiv>
                        <Unicode>alten</Unicode>
                    </TextEquiv>
                </Word>
                <Word id="tr_3_tl_19_w7" custom="readingOrder {index:6;}">
                    <Coords points="2976,3032 2976,3092 3108,3092 3108,3032"/>
                    <TextEquiv>
                        <Unicode>häusern</Unicode>
                    </TextEquiv>
                </Word>
                <TextEquiv>
                    <Unicode>Schloßpark, die stillen Straßen mit alten häusern</Unicode>
                </TextEquiv>
            </TextLine>
            <TextLine id="tr_3_tl_20" custom="readingOrder {index:19;}">
                <Coords points="2182,3128 3122,3129 3122,3088 3075,3080 2182,3089"/>
                <Baseline points="2189,3117 2235,3117 2282,3120 2329,3117 2376,3117 2423,3117 2470,3118 2516,3119 2563,3118 2610,3120 2657,3121 2704,3121 2751,3120 2798,3120 2844,3120 2891,3120 2938,3122 2985,3121 3032,3120 3079,3120 3126,3123"/>
                <Word id="tr_3_tl_20_w1" custom="readingOrder {index:0;}">
                    <Coords points="2177,3077 2177,3137 2231,3137 2231,3077"/>
                    <TextEquiv>
                        <Unicode>und</Unicode>
                    </TextEquiv>
                </Word>
                <Word id="tr_3_tl_20_w2" custom="readingOrder {index:1;}">
                    <Coords points="2277,3078 2277,3138 2671,3138 2671,3078"/>
                    <TextEquiv>
                        <Unicode>Patrizierwohnungen,</Unicode>
                    </TextEquiv>
                </Word>
                <Word id="tr_3_tl_20_w3" custom="readingOrder {index:2;}">
                    <Coords points="2722,3080 2722,3140 2782,3140 2782,3080"/>
                    <TextEquiv>
                        <Unicode>aus</Unicode>
                    </TextEquiv>
                </Word>
                <Word id="tr_3_tl_20_w4" custom="readingOrder {index:3;}">
                    <Coords points="2828,3080 2828,3140 2918,3140 2918,3080"/>
                    <TextEquiv>
                        <Unicode>deren</Unicode>
                    </TextEquiv>
                </Word>
                <Word id="tr_3_tl_20_w5" custom="readingOrder {index:4;}">
                    <Coords points="2969,3080 2969,3140 3110,3140 3110,3080"/>
                    <TextEquiv>
                        <Unicode>Fenstern</Unicode>
                    </TextEquiv>
                </Word>
                <TextEquiv>
                    <Unicode>und Patrizierwohnungen, aus deren Fenstern</Unicode>
                </TextEquiv>
            </TextLine>
            <TextLine id="tr_3_tl_21" custom="readingOrder {index:20;}">
                <Coords points="2178,3179 3125,3180 3116,3129 2178,3121"/>
                <Baseline points="2186,3168 2233,3165 2280,3165 2327,3165 2374,3166 2421,3168 2468,3168 2516,3168 2563,3168 2610,3168 2657,3166 2704,3167 2751,3168 2798,3168 2846,3168 2893,3168 2940,3171 2987,3171 3034,3171 3081,3171 3129,3174"/>
                <Word id="tr_3_tl_21_w1" custom="readingOrder {index:0;}">
                    <Coords points="2173,3125 2173,3185 2267,3185 2267,3125"/>
                    <TextEquiv>
                        <Unicode>junge</Unicode>
                    </TextEquiv>
                </Word>
                <Word id="tr_3_tl_21_w2" custom="readingOrder {index:1;}">
                    <Coords points="2295,3125 2295,3185 2450,3185 2450,3125"/>
                    <TextEquiv>
                        <Unicode>Mädchen</Unicode>
                    </TextEquiv>
                </Word>
                <Word id="tr_3_tl_21_w3" custom="readingOrder {index:2;}">
                    <Coords points="2484,3128 2484,3188 2605,3188 2605,3128"/>
                    <TextEquiv>
                        <Unicode>schauen</Unicode>
                    </TextEquiv>
                </Word>
                <Word id="tr_3_tl_21_w4" custom="readingOrder {index:3;}">
                    <Coords points="2639,3126 2639,3186 2650,3186 2650,3126"/>
                    <TextEquiv>
                        <Unicode>—</Unicode>
                    </TextEquiv>
                </Word>
                <Word id="tr_3_tl_21_w5" custom="readingOrder {index:4;}">
                    <Coords points="2706,3127 2706,3187 2761,3187 2761,3127"/>
                    <TextEquiv>
                        <Unicode>das</Unicode>
                    </TextEquiv>
                </Word>
                <Word id="tr_3_tl_21_w6" custom="readingOrder {index:5;}">
                    <Coords points="2795,3128 2795,3188 2878,3188 2878,3128"/>
                    <TextEquiv>
                        <Unicode>„süße</Unicode>
                    </TextEquiv>
                </Word>
                <Word id="tr_3_tl_21_w7" custom="readingOrder {index:6;}">
                    <Coords points="2912,3131 2912,3191 3044,3191 3044,3131"/>
                    <TextEquiv>
                        <Unicode>Mädl",</Unicode>
                    </TextEquiv>
                </Word>
                <Word id="tr_3_tl_21_w8" custom="readingOrder {index:7;}">
                    <Coords points="3067,3131 3067,3191 3111,3191 3111,3131"/>
                    <TextEquiv>
                        <Unicode>ein</Unicode>
                    </TextEquiv>
                </Word>
                <TextEquiv>
                    <Unicode>junge Mädchen schauen — das „süße Mädl", ein</Unicode>
                </TextEquiv>
            </TextLine>
            <TextLine id="tr_3_tl_22" custom="readingOrder {index:21;}">
                <Coords points="2176,3223 3114,3227 3113,3185 3069,3177 2176,3180"/>
                <Baseline points="2183,3213 2229,3216 2276,3216 2323,3216 2369,3216 2416,3216 2463,3216 2509,3216 2556,3217 2603,3219 2650,3219 2696,3218 2743,3216 2790,3218 2836,3219 2883,3219 2930,3219 2976,3219 3023,3219 3070,3219 3117,3222"/>
                <Word id="tr_3_tl_22_w1" custom="readingOrder {index:0;}">
                    <Coords points="2176,3176 2176,3236 2301,3236 2301,3176"/>
                    <TextEquiv>
                        <Unicode>Typus,</Unicode>
                    </TextEquiv>
                </Word>
                <Word id="tr_3_tl_22_w2" custom="readingOrder {index:1;}">
                    <Coords points="2323,3176 2323,3236 2377,3236 2377,3176"/>
                    <TextEquiv>
                        <Unicode>der</Unicode>
                    </TextEquiv>
                </Word>
                <Word id="tr_3_tl_22_w3" custom="readingOrder {index:2;}">
                    <Coords points="2399,3176 2399,3236 2426,3236 2426,3176"/>
                    <TextEquiv>
                        <Unicode>in</Unicode>
                    </TextEquiv>
                </Word>
                <Word id="tr_3_tl_22_w4" custom="readingOrder {index:3;}">
                    <Coords points="2454,3176 2454,3236 2621,3236 2621,3176"/>
                    <TextEquiv>
                        <Unicode>Schnitzler</Unicode>
                    </TextEquiv>
                </Word>
                <Word id="tr_3_tl_22_w5" custom="readingOrder {index:4;}">
                    <Coords points="2645,3178 2645,3238 2747,3238 2747,3178"/>
                    <TextEquiv>
                        <Unicode>seinen</Unicode>
                    </TextEquiv>
                </Word>
                <Word id="tr_3_tl_22_w6" custom="readingOrder {index:5;}">
                    <Coords points="2780,3179 2780,3239 2899,3239 2899,3179"/>
                    <TextEquiv>
                        <Unicode>Dichter</Unicode>
                    </TextEquiv>
                </Word>
                <Word id="tr_3_tl_22_w7" custom="readingOrder {index:6;}">
                    <Coords points="2927,3179 2927,3239 3019,3239 3019,3179"/>
                    <TextEquiv>
                        <Unicode>fand.</Unicode>
                    </TextEquiv>
                </Word>
                <Word id="tr_3_tl_22_w8" custom="readingOrder {index:7;}">
                    <Coords points="3041,3179 3041,3239 3106,3239 3106,3179"/>
                    <TextEquiv>
                        <Unicode>Das</Unicode>
                    </TextEquiv>
                </Word>
                <TextEquiv>
                    <Unicode>Typus, der in Schnitzler seinen Dichter fand. Das</Unicode>
                </TextEquiv>
            </TextLine>
            <TextLine id="tr_3_tl_23" custom="readingOrder {index:22;}">
                <Coords points="2173,3271 3125,3275 3125,3236 3070,3220 2173,3223"/>
                <Baseline points="2180,3264 2227,3264 2274,3264 2322,3266 2369,3265 2417,3267 2464,3267 2512,3267 2559,3267 2607,3267 2654,3267 2701,3269 2749,3270 2796,3270 2844,3267 2891,3270 2939,3267 2986,3270 3034,3270 3081,3267 3129,3270"/>
                <Word id="tr_3_tl_23_w1" custom="readingOrder {index:0;}">
                    <Coords points="2179,3224 2179,3284 2259,3284 2259,3224"/>
                    <TextEquiv>
                        <Unicode>Wien</Unicode>
                    </TextEquiv>
                </Word>
                <Word id="tr_3_tl_23_w2" custom="readingOrder {index:1;}">
                    <Coords points="2292,3225 2292,3285 2345,3285 2345,3225"/>
                    <TextEquiv>
                        <Unicode>der</Unicode>
                    </TextEquiv>
                </Word>
                <Word id="tr_3_tl_23_w3" custom="readingOrder {index:2;}">
                    <Coords points="2373,3227 2373,3287 2621,3287 2621,3227"/>
                    <TextEquiv>
                        <Unicode>Vorkriegszeit,</Unicode>
                    </TextEquiv>
                </Word>
                <Word id="tr_3_tl_23_w4" custom="readingOrder {index:3;}">
                    <Coords points="2643,3227 2643,3287 2691,3287 2691,3227"/>
                    <TextEquiv>
                        <Unicode>die</Unicode>
                    </TextEquiv>
                </Word>
                <Word id="tr_3_tl_23_w5" custom="readingOrder {index:4;}">
                    <Coords points="2719,3230 2719,3290 2815,3290 2815,3230"/>
                    <TextEquiv>
                        <Unicode>ganze</Unicode>
                    </TextEquiv>
                </Word>
                <Word id="tr_3_tl_23_w6" custom="readingOrder {index:5;}">
                    <Coords points="2843,3229 2843,3289 2929,3289 2929,3229"/>
                    <TextEquiv>
                        <Unicode>Welt</Unicode>
                    </TextEquiv>
                </Word>
                <Word id="tr_3_tl_23_w7" custom="readingOrder {index:6;}">
                    <Coords points="2951,3229 2951,3289 3004,3289 3004,3229"/>
                    <TextEquiv>
                        <Unicode>der</Unicode>
                    </TextEquiv>
                </Word>
                <Word id="tr_3_tl_23_w8" custom="readingOrder {index:7;}">
                    <Coords points="3032,3227 3032,3287 3112,3287 3112,3227"/>
                    <TextEquiv>
                        <Unicode>Vor¬</Unicode>
                    </TextEquiv>
                </Word>
                <TextEquiv>
                    <Unicode>Wien der Vorkriegszeit, die ganze Welt der Vor¬</Unicode>
                </TextEquiv>
            </TextLine>
            <TextLine id="tr_3_tl_24" custom="readingOrder {index:23;}">
                <Coords points="2173,3320 3117,3330 3117,3274 2173,3278"/>
                <Baseline points="2180,3314 2227,3314 2274,3314 2321,3314 2368,3314 2415,3314 2462,3315 2509,3317 2556,3316 2603,3315 2650,3317 2697,3317 2744,3317 2791,3317 2838,3317 2885,3317 2932,3317 2979,3317 3026,3317 3073,3317 3120,3317"/>
                <Word id="tr_3_tl_24_w1" custom="readingOrder {index:0;}">
                    <Coords points="2168,3274 2168,3334 2347,3334 2347,3274"/>
                    <TextEquiv>
                        <Unicode>kriegszeit,</Unicode>
                    </TextEquiv>
                </Word>
                <Word id="tr_3_tl_24_w2" custom="readingOrder {index:1;}">
                    <Coords points="2364,3274 2364,3334 2483,3334 2483,3274"/>
                    <TextEquiv>
                        <Unicode>besteht</Unicode>
                    </TextEquiv>
                </Word>
                <Word id="tr_3_tl_24_w3" custom="readingOrder {index:2;}">
                    <Coords points="2505,3276 2505,3336 2581,3336 2581,3276"/>
                    <TextEquiv>
                        <Unicode>nicht</Unicode>
                    </TextEquiv>
                </Word>
                <Word id="tr_3_tl_24_w4" custom="readingOrder {index:3;}">
                    <Coords points="2603,3276 2603,3336 2695,3336 2695,3276"/>
                    <TextEquiv>
                        <Unicode>mehr</Unicode>
                    </TextEquiv>
                </Word>
                <Word id="tr_3_tl_24_w5" custom="readingOrder {index:4;}">
                    <Coords points="2718,3277 2718,3337 2777,3337 2777,3277"/>
                    <TextEquiv>
                        <Unicode>und</Unicode>
                    </TextEquiv>
                </Word>
                <Word id="tr_3_tl_24_w6" custom="readingOrder {index:5;}">
                    <Coords points="2805,3277 2805,3337 2875,3337 2875,3277"/>
                    <TextEquiv>
                        <Unicode>kann</Unicode>
                    </TextEquiv>
                </Word>
                <Word id="tr_3_tl_24_w7" custom="readingOrder {index:6;}">
                    <Coords points="2903,3277 2903,3337 2951,3337 2951,3277"/>
                    <TextEquiv>
                        <Unicode>nie</Unicode>
                    </TextEquiv>
                </Word>
                <Word id="tr_3_tl_24_w8" custom="readingOrder {index:7;}">
                    <Coords points="2979,3277 2979,3337 3114,3337 3114,3277"/>
                    <TextEquiv>
                        <Unicode>wieder¬</Unicode>
                    </TextEquiv>
                </Word>
                <TextEquiv>
                    <Unicode>kriegszeit, besteht nicht mehr und kann nie wieder¬</Unicode>
                </TextEquiv>
            </TextLine>
            <TextLine id="tr_3_tl_25" custom="readingOrder {index:24;}">
                <Coords points="2176,3371 3120,3383 3085,3320 2176,3320"/>
                <Baseline points="2183,3365 2230,3362 2277,3362 2324,3362 2371,3362 2418,3362 2465,3363 2512,3365 2559,3365 2606,3365 2653,3365 2700,3365 2747,3367 2794,3366 2841,3367 2888,3368 2935,3368 2982,3368 3029,3368 3076,3368 3123,3371"/>
                <Word id="tr_3_tl_25_w1" custom="readingOrder {index:0;}">
                    <Coords points="2171,3322 2171,3382 2298,3382 2298,3322"/>
                    <TextEquiv>
                        <Unicode>kehren.</Unicode>
                    </TextEquiv>
                </Word>
                <Word id="tr_3_tl_25_w2" custom="readingOrder {index:1;}">
                    <Coords points="2315,3322 2315,3382 2381,3382 2381,3322"/>
                    <TextEquiv>
                        <Unicode>Das</Unicode>
                    </TextEquiv>
                </Word>
                <Word id="tr_3_tl_25_w3" custom="readingOrder {index:2;}">
                    <Coords points="2404,3322 2404,3382 2492,3382 2492,3322"/>
                    <TextEquiv>
                        <Unicode>Werk</Unicode>
                    </TextEquiv>
                </Word>
                <Word id="tr_3_tl_25_w4" custom="readingOrder {index:3;}">
                    <Coords points="2515,3325 2515,3385 2691,3385 2691,3325"/>
                    <TextEquiv>
                        <Unicode>Schnitzlers</Unicode>
                    </TextEquiv>
                </Word>
                <Word id="tr_3_tl_25_w5" custom="readingOrder {index:4;}">
                    <Coords points="2714,3326 2714,3386 2835,3386 2835,3326"/>
                    <TextEquiv>
                        <Unicode>jedoch,</Unicode>
                    </TextEquiv>
                </Word>
                <Word id="tr_3_tl_25_w6" custom="readingOrder {index:5;}">
                    <Coords points="2852,3327 2852,3387 2907,3387 2907,3327"/>
                    <TextEquiv>
                        <Unicode>das</Unicode>
                    </TextEquiv>
                </Word>
                <Word id="tr_3_tl_25_w7" custom="readingOrder {index:6;}">
                    <Coords points="2936,3328 2936,3388 2990,3388 2990,3328"/>
                    <TextEquiv>
                        <Unicode>mit</Unicode>
                    </TextEquiv>
                </Word>
                <Word id="tr_3_tl_25_w8" custom="readingOrder {index:7;}">
                    <Coords points="3013,3328 3013,3388 3107,3388 3107,3328"/>
                    <TextEquiv>
                        <Unicode>dieser</Unicode>
                    </TextEquiv>
                </Word>
                <TextEquiv>
                    <Unicode>kehren. Das Werk Schnitzlers jedoch, das mit dieser</Unicode>
                </TextEquiv>
            </TextLine>
            <TextLine id="tr_3_tl_26" custom="readingOrder {index:25;}">
                <Coords points="2173,3426 3085,3434 3117,3431 3117,3381 2171,3371"/>
                <Baseline points="2180,3410 2227,3413 2274,3413 2321,3413 2368,3413 2415,3413 2462,3413 2509,3413 2556,3414 2603,3415 2650,3414 2697,3416 2744,3418 2791,3417 2838,3416 2885,3416 2932,3416 2979,3416 3026,3416 3073,3416 3120,3419"/>
                <Word id="tr_3_tl_26_w1" custom="readingOrder {index:0;}">
                    <Coords points="2171,3373 2171,3433 2292,3433 2292,3373"/>
                    <TextEquiv>
                        <Unicode>Epoche</Unicode>
                    </TextEquiv>
                </Word>
                <Word id="tr_3_tl_26_w2" custom="readingOrder {index:1;}">
                    <Coords points="2314,3373 2314,3433 2340,3433 2340,3373"/>
                    <TextEquiv>
                        <Unicode>so</Unicode>
                    </TextEquiv>
                </Word>
                <Word id="tr_3_tl_26_w3" custom="readingOrder {index:2;}">
                    <Coords points="2362,3373 2362,3433 2452,3433 2452,3373"/>
                    <TextEquiv>
                        <Unicode>innig</Unicode>
                    </TextEquiv>
                </Word>
                <Word id="tr_3_tl_26_w4" custom="readingOrder {index:3;}">
                    <Coords points="2473,3374 2473,3434 2658,3434 2658,3374"/>
                    <TextEquiv>
                        <Unicode>verbunden</Unicode>
                    </TextEquiv>
                </Word>
                <Word id="tr_3_tl_26_w5" custom="readingOrder {index:4;}">
                    <Coords points="2685,3377 2685,3437 2770,3437 2770,3377"/>
                    <TextEquiv>
                        <Unicode>war,</Unicode>
                    </TextEquiv>
                </Word>
                <Word id="tr_3_tl_26_w6" custom="readingOrder {index:5;}">
                    <Coords points="2786,3376 2786,3436 2823,3436 2823,3376"/>
                    <TextEquiv>
                        <Unicode>ist</Unicode>
                    </TextEquiv>
                </Word>
                <Word id="tr_3_tl_26_w7" custom="readingOrder {index:6;}">
                    <Coords points="2839,3376 2839,3436 2929,3436 2929,3376"/>
                    <TextEquiv>
                        <Unicode>mehr</Unicode>
                    </TextEquiv>
                </Word>
                <Word id="tr_3_tl_26_w8" custom="readingOrder {index:7;}">
                    <Coords points="2951,3376 2951,3436 2998,3436 2998,3376"/>
                    <TextEquiv>
                        <Unicode>als</Unicode>
                    </TextEquiv>
                </Word>
                <Word id="tr_3_tl_26_w9" custom="readingOrder {index:8;}">
                    <Coords points="3020,3376 3020,3436 3109,3436 3109,3376"/>
                    <TextEquiv>
                        <Unicode>bloße</Unicode>
                    </TextEquiv>
                </Word>
                <TextEquiv>
                    <Unicode>Epoche so innig verbunden war, ist mehr als bloße</Unicode>
                </TextEquiv>
            </TextLine>
            <TextLine id="tr_3_tl_27" custom="readingOrder {index:26;}">
                <Coords points="2166,3475 3117,3486 3117,3430 3003,3418 2166,3422"/>
                <Baseline points="2174,3464 2221,3461 2268,3461 2315,3461 2363,3463 2410,3462 2457,3464 2505,3464 2552,3464 2599,3464 2647,3464 2694,3464 2741,3464 2788,3464 2836,3464 2883,3464 2930,3464 2978,3464 3025,3464 3072,3464 3120,3467"/>
                <Word id="tr_3_tl_27_w1" custom="readingOrder {index:0;}">
                    <Coords points="2171,3421 2171,3481 2371,3481 2371,3421"/>
                    <TextEquiv>
                        <Unicode>Schilderung</Unicode>
                    </TextEquiv>
                </Word>
                <Word id="tr_3_tl_27_w2" custom="readingOrder {index:1;}">
                    <Coords points="2398,3423 2398,3483 2487,3483 2487,3423"/>
                    <TextEquiv>
                        <Unicode>eines</Unicode>
                    </TextEquiv>
                </Word>
                <Word id="tr_3_tl_27_w3" custom="readingOrder {index:2;}">
                    <Coords points="2514,3424 2514,3484 2646,3484 2646,3424"/>
                    <TextEquiv>
                        <Unicode>Milieus</Unicode>
                    </TextEquiv>
                </Word>
                <Word id="tr_3_tl_27_w4" custom="readingOrder {index:3;}">
                    <Coords points="2673,3424 2673,3484 2730,3484 2730,3424"/>
                    <TextEquiv>
                        <Unicode>und</Unicode>
                    </TextEquiv>
                </Word>
                <Word id="tr_3_tl_27_w5" custom="readingOrder {index:4;}">
                    <Coords points="2757,3424 2757,3484 2809,3484 2809,3424"/>
                    <TextEquiv>
                        <Unicode>der</Unicode>
                    </TextEquiv>
                </Word>
                <Word id="tr_3_tl_27_w6" custom="readingOrder {index:5;}">
                    <Coords points="2831,3424 2831,3484 2904,3484 2904,3424"/>
                    <TextEquiv>
                        <Unicode>dazu</Unicode>
                    </TextEquiv>
                </Word>
                <Word id="tr_3_tl_27_w7" custom="readingOrder {index:6;}">
                    <Coords points="2931,3424 2931,3484 3099,3484 3099,3424"/>
                    <TextEquiv>
                        <Unicode>gehörigen</Unicode>
                    </TextEquiv>
                </Word>
                <TextEquiv>
                    <Unicode>Schilderung eines Milieus und der dazu gehörigen</Unicode>
                </TextEquiv>
            </TextLine>
            <TextLine id="tr_3_tl_28" custom="readingOrder {index:27;}">
                <Coords points="2170,3515 3114,3526 3088,3472 2170,3475"/>
                <Baseline points="2177,3508 2224,3511 2271,3511 2318,3511 2365,3509 2412,3511 2459,3511 2506,3511 2553,3511 2600,3511 2647,3511 2694,3513 2741,3512 2788,3511 2835,3513 2882,3514 2929,3514 2976,3514 3023,3514 3070,3514 3117,3520"/>
                <Word id="tr_3_tl_28_w1" custom="readingOrder {index:0;}">
                    <Coords points="2165,3471 2165,3531 2346,3531 2346,3471"/>
                    <TextEquiv>
                        <Unicode>Gestalten:</Unicode>
                    </TextEquiv>
                </Word>
                <Word id="tr_3_tl_28_w2" custom="readingOrder {index:1;}">
                    <Coords points="2368,3469 2368,3529 2398,3529 2398,3469"/>
                    <TextEquiv>
                        <Unicode>in</Unicode>
                    </TextEquiv>
                </Word>
                <Word id="tr_3_tl_28_w3" custom="readingOrder {index:2;}">
                    <Coords points="2430,3471 2430,3531 2534,3531 2534,3471"/>
                    <TextEquiv>
                        <Unicode>seinem</Unicode>
                    </TextEquiv>
                </Word>
                <Word id="tr_3_tl_28_w4" custom="readingOrder {index:3;}">
                    <Coords points="2581,3471 2581,3531 2675,3531 2675,3471"/>
                    <TextEquiv>
                        <Unicode>Werk</Unicode>
                    </TextEquiv>
                </Word>
                <Word id="tr_3_tl_28_w5" custom="readingOrder {index:4;}">
                    <Coords points="2701,3472 2701,3532 2763,3532 2763,3472"/>
                    <TextEquiv>
                        <Unicode>lebt</Unicode>
                    </TextEquiv>
                </Word>
                <Word id="tr_3_tl_28_w6" custom="readingOrder {index:5;}">
                    <Coords points="2795,3472 2795,3532 2852,3532 2852,3472"/>
                    <TextEquiv>
                        <Unicode>und</Unicode>
                    </TextEquiv>
                </Word>
                <Word id="tr_3_tl_28_w7" custom="readingOrder {index:6;}">
                    <Coords points="2883,3474 2883,3534 2992,3534 2992,3474"/>
                    <TextEquiv>
                        <Unicode>atmet</Unicode>
                    </TextEquiv>
                </Word>
                <Word id="tr_3_tl_28_w8" custom="readingOrder {index:7;}">
                    <Coords points="3019,3474 3019,3534 3112,3534 3112,3474"/>
                    <TextEquiv>
                        <Unicode>alles,</Unicode>
                    </TextEquiv>
                </Word>
                <TextEquiv>
                    <Unicode>Gestalten: in seinem Werk lebt und atmet alles,</Unicode>
                </TextEquiv>
            </TextLine>
            <TextLine id="tr_3_tl_29" custom="readingOrder {index:28;}">
                <Coords points="2166,3560 3105,3570 3065,3518 2166,3515"/>
                <Baseline points="2174,3556 2220,3559 2267,3559 2314,3559 2360,3559 2407,3560 2454,3562 2500,3562 2547,3562 2594,3562 2641,3562 2687,3562 2734,3562 2781,3562 2827,3564 2874,3565 2921,3563 2967,3564 3014,3565 3061,3565 3108,3568"/>
                <Word id="tr_3_tl_29_w1" custom="readingOrder {index:0;}">
                    <Coords points="2166,3517 2166,3577 2229,3577 2229,3517"/>
                    <TextEquiv>
                        <Unicode>was</Unicode>
                    </TextEquiv>
                </Word>
                <Word id="tr_3_tl_29_w2" custom="readingOrder {index:1;}">
                    <Coords points="2256,3519 2256,3579 2504,3579 2504,3519"/>
                    <TextEquiv>
                        <Unicode>Menschenherz</Unicode>
                    </TextEquiv>
                </Word>
                <Word id="tr_3_tl_29_w3" custom="readingOrder {index:2;}">
                    <Coords points="2526,3522 2526,3582 2653,3582 2653,3522"/>
                    <TextEquiv>
                        <Unicode>bewegt</Unicode>
                    </TextEquiv>
                </Word>
                <Word id="tr_3_tl_29_w4" custom="readingOrder {index:3;}">
                    <Coords points="2674,3522 2674,3582 2737,3582 2737,3522"/>
                    <TextEquiv>
                        <Unicode>und</Unicode>
                    </TextEquiv>
                </Word>
                <Word id="tr_3_tl_29_w5" custom="readingOrder {index:4;}">
                    <Coords points="2764,3523 2764,3583 2881,3583 2881,3523"/>
                    <TextEquiv>
                        <Unicode>erregt,</Unicode>
                    </TextEquiv>
                </Word>
                <Word id="tr_3_tl_29_w6" custom="readingOrder {index:5;}">
                    <Coords points="2902,3523 2902,3583 2981,3583 2981,3523"/>
                    <TextEquiv>
                        <Unicode>ohne</Unicode>
                    </TextEquiv>
                </Word>
                <Word id="tr_3_tl_29_w7" custom="readingOrder {index:6;}">
                    <Coords points="3008,3525 3008,3585 3103,3585 3103,3525"/>
                    <TextEquiv>
                        <Unicode>große</Unicode>
                    </TextEquiv>
                </Word>
                <TextEquiv>
                    <Unicode>was Menschenherz bewegt und erregt, ohne große</Unicode>
                </TextEquiv>
            </TextLine>
            <TextLine id="tr_3_tl_30" custom="readingOrder {index:29;}">
                <Coords points="2166,3613 3108,3620 3108,3569 2601,3595 2375,3570 2315,3601 2166,3570"/>
                <Baseline points="2174,3610 2220,3610 2267,3610 2314,3610 2361,3610 2408,3611 2455,3613 2501,3613 2548,3613 2595,3612 2642,3610 2689,3612 2736,3613 2783,3613 2829,3613 2876,3613 2923,3613 2970,3613 3017,3613 3064,3613 3111,3613"/>
                <Word id="tr_3_tl_30_w1" custom="readingOrder {index:0;}">
                    <Coords points="2166,3570 2166,3630 2291,3630 2291,3570"/>
                    <TextEquiv>
                        <Unicode>Worte,</Unicode>
                    </TextEquiv>
                </Word>
                <Word id="tr_3_tl_30_w2" custom="readingOrder {index:1;}">
                    <Coords points="2327,3572 2327,3632 2568,3632 2568,3572"/>
                    <TextEquiv>
                        <Unicode>anspruchslos,</Unicode>
                    </TextEquiv>
                </Word>
                <Word id="tr_3_tl_30_w3" custom="readingOrder {index:2;}">
                    <Coords points="2603,3570 2603,3630 2678,3630 2678,3570"/>
                    <TextEquiv>
                        <Unicode>aber</Unicode>
                    </TextEquiv>
                </Word>
                <Word id="tr_3_tl_30_w4" custom="readingOrder {index:3;}">
                    <Coords points="2719,3573 2719,3633 2995,3633 2995,3573"/>
                    <TextEquiv>
                        <Unicode>nachempfunden</Unicode>
                    </TextEquiv>
                </Word>
                <Word id="tr_3_tl_30_w5" custom="readingOrder {index:4;}">
                    <Coords points="3041,3573 3041,3633 3101,3633 3101,3573"/>
                    <TextEquiv>
                        <Unicode>mit</Unicode>
                    </TextEquiv>
                </Word>
                <TextEquiv>
                    <Unicode>Worte, anspruchslos, aber nachempfunden mit</Unicode>
                </TextEquiv>
            </TextLine>
            <TextLine id="tr_3_tl_31" custom="readingOrder {index:30;}">
                <Coords points="2166,3668 3105,3676 3097,3619 2166,3612"/>
                <Baseline points="2174,3655 2220,3658 2267,3658 2314,3658 2360,3658 2407,3659 2454,3662 2500,3664 2547,3664 2594,3663 2641,3661 2687,3662 2734,3664 2781,3664 2827,3664 2874,3664 2921,3664 2967,3664 3014,3664 3061,3664 3108,3667"/>
                <Word id="tr_3_tl_31_w1" custom="readingOrder {index:0;}">
                    <Coords points="2166,3616 2166,3676 2214,3676 2214,3616"/>
                    <TextEquiv>
                        <Unicode>dem</Unicode>
                    </TextEquiv>
                </Word>
                <Word id="tr_3_tl_31_w2" custom="readingOrder {index:1;}">
                    <Coords points="2258,3618 2258,3678 2398,3678 2398,3618"/>
                    <TextEquiv>
                        <Unicode>warmen</Unicode>
                    </TextEquiv>
                </Word>
                <Word id="tr_3_tl_31_w3" custom="readingOrder {index:2;}">
                    <Coords points="2426,3623 2426,3683 2561,3683 2561,3623"/>
                    <TextEquiv>
                        <Unicode>Erfassen</Unicode>
                    </TextEquiv>
                </Word>
                <Word id="tr_3_tl_31_w4" custom="readingOrder {index:3;}">
                    <Coords points="2589,3622 2589,3682 2805,3682 2805,3622"/>
                    <TextEquiv>
                        <Unicode>menschlichen</Unicode>
                    </TextEquiv>
                </Word>
                <Word id="tr_3_tl_31_w5" custom="readingOrder {index:4;}">
                    <Coords points="2833,3624 2833,3684 2983,3684 2983,3624"/>
                    <TextEquiv>
                        <Unicode>Schicksals</Unicode>
                    </TextEquiv>
                </Word>
                <Word id="tr_3_tl_31_w6" custom="readingOrder {index:5;}">
                    <Coords points="3011,3624 3011,3684 3097,3684 3097,3624"/>
                    <TextEquiv>
                        <Unicode>durch</Unicode>
                    </TextEquiv>
                </Word>
                <TextEquiv>
                    <Unicode>dem warmen Erfassen menschlichen Schicksals durch</Unicode>
                </TextEquiv>
            </TextLine>
            <TextLine id="tr_3_tl_32" custom="readingOrder {index:31;}">
                <Coords points="2170,3746 2257,3747 2307,3729 2334,3747 2399,3729 2430,3743 2520,3731 2520,3675 2500,3666 2389,3666 2369,3678 2350,3664 2298,3676 2228,3664 2208,3675 2194,3662 2170,3671"/>
                <Baseline points="2177,3709 2203,3709 2230,3709 2256,3709 2283,3710 2310,3712 2336,3712 2363,3712 2389,3712 2416,3711 2443,3709 2469,3711 2496,3712 2523,3712"/>
                <Word id="tr_3_tl_32_w1" custom="readingOrder {index:0;}">
                    <Coords points="2171,3669 2171,3729 2245,3729 2245,3669"/>
                    <TextEquiv>
                        <Unicode>einen</Unicode>
                    </TextEquiv>
                </Word>
                <Word id="tr_3_tl_32_w2" custom="readingOrder {index:1;}">
                    <Coords points="2281,3672 2281,3732 2395,3732 2395,3672"/>
                    <TextEquiv>
                        <Unicode>großen</Unicode>
                    </TextEquiv>
                </Word>
                <Word id="tr_3_tl_32_w3" custom="readingOrder {index:2;}">
                    <Coords points="2425,3671 2425,3731 2522,3731 2522,3671"/>
                    <TextEquiv>
                        <Unicode>Geist.</Unicode>
                    </TextEquiv>
                </Word>
                <TextEquiv>
                    <Unicode>einen großen Geist.</Unicode>
                </TextEquiv>
            </TextLine>
            <TextLine id="tr_3_tl_33" custom="readingOrder {index:32;}">
                <Coords points="2952,3733 2972,3730 2983,3719 2994,3719 3008,3731 3039,3717 3065,3719 3065,3666 3050,3671 3029,3666 3015,3671 3007,3668 3000,3675 2986,3667 2970,3667 2952,3674"/>
                <Baseline points="2959,3712 2986,3712 3013,3712 3040,3712 3067,3712"/>
                <Word id="tr_3_tl_33_w1" custom="readingOrder {index:0;}">
                    <Coords points="2956,3672 2956,3732 2999,3732 2999,3672"/>
                    <TextEquiv>
                        <Unicode>U.</Unicode>
                    </TextEquiv>
                </Word>
                <Word id="tr_3_tl_33_w2" custom="readingOrder {index:1;}">
                    <Coords points="3015,3672 3015,3732 3058,3732 3058,3672"/>
                    <TextEquiv>
                        <Unicode>X.</Unicode>
                    </TextEquiv>
                </Word>
                <TextEquiv>
                    <Unicode>U. X.</Unicode>
                </TextEquiv>
            </TextLine>
            <TextEquiv>
                <Unicode></Unicode>
            </TextEquiv>
        </TextRegion>
    </Page>
</PcGts>
