3344 4352
1394 291 1517 351 box
1597 294 1791 354 43/4

295 291 876 351 Schuitzlers
935 294 1167 354 Death

284 1421 438 1481 WIEN,
462 1415 516 1475 I.,
540 1406 827 1466 WOLLZEILE
874 1394 919 1454 11

378 1469 603 1529 TELEPHON
643 1456 822 1516 R-23-0-43

198 1622 424 1682 Ausschnitt
444 1611 533 1671 aus:

669 1790 693 1850 2
730 1781 777 1841 4.
791 1772 923 1832 0KT.
938 1760 1033 1820 1937

2157 1818 2201 1878 Es
2237 1820 2293 1880 gab
2334 1819 2399 1879 eine
2435 1819 2521 1879 Type
2567 1816 2592 1876 in
2644 1817 2740 1877 seiner
2781 1816 2937 1876 Umwelt,
2973 1813 3018 1873 die

1132 1834 1227 1894 eines
1261 1833 1424 1893 deutenden
1458 1831 1664 1891 Psychologen
1693 1829 1774 1889 sein,
1794 1828 1842 1888 den
1876 1826 1962 1886 ersten
1991 1825 2072 1885 Ein¬

2102 1864 2269 1924 Schnitzler
2289 1863 2313 1923 in
2339 1861 2520 1921 besonderem
2560 1861 2634 1921 Maß
2659 1861 2777 1921 anzog:
2797 1858 2846 1918 den
2876 1857 3008 1917 Offizier

1134 1879 1264 1939 drücken
1298 1879 1349 1939 des
1382 1876 1522 1936 Dichters
1555 1873 1722 1933 Schnitzler
1755 1870 1816 1930 und
1845 1870 1928 1930 ihrer
1957 1867 2073 1927 Ueber¬

2101 1906 2155 1966 der
2178 1906 2336 1966 seinerzeit
2359 1906 2409 1966 der
2432 1903 2572 1963 liebende
2600 1903 2653 1963 und
2681 1900 2812 1960 geliebte
2840 1900 2934 1960 Mann
2967 1897 3020 1957 vor

1134 1921 1316 1981 wertigkeit
1349 1919 1582 1979 nachzugehen.
1616 1915 1713 1975 Seine
1755 1915 1928 1975 Probleme
1971 1912 2063 1972 haben

576 1941 588 2001 -
635 1944 712 2004 von
765 1941 895 2001 Wien
941 1939 1025 1999 aus

2100 1950 2178 2010 allen
2220 1948 2344 2008 anderen
2382 1947 2448 2007 war
2482 1941 2494 2001 —
2552 1943 2610 2003 und
2648 1944 2776 2004 dennoch
2814 1941 2926 2001 immer
2955 1940 3021 2000 tod¬

257 1953 530 2013 Schnitzler.

1149 1962 1191 2022 sich
1224 1964 1293 2024 kaum
1331 1962 1480 2022 geändert
1503 1959 1573 2019 (nur
1597 1958 1661 2018 ihre
1685 1956 1806 2016 Lösung
1829 1958 1880 2018 ist,
1895 1956 1922 2016 in
1950 1954 2052 2014 unend

2098 1991 2203 2051 bereit
2227 1989 2280 2049 sein
2309 1989 2424 2049 mußte.
2448 1989 2510 2049 Den
2539 1989 2621 2049 öfter
2640 1986 2885 2046 leichtsinnigen,
2905 1983 3029 2043 zumeist

1142 2007 1237 2067 licher
1271 2005 1581 2065 Mannigfaltigkeit,
1611 2001 1720 2061 reicher
1750 1998 1950 2058 geworden).
1994 1998 2060 2058 Wir

546 2009 731 2069 gesehen

2102 2036 2170 2096 sehr
2200 2034 2479 2094 liebenswürdigen
2514 2031 2621 2091 jungen
2656 2029 2808 2089 Offizier,
2828 2028 2886 2088 wie
2911 2025 2940 2085 er
2965 2025 3014 2085 ihn

1149 2050 1226 2110 seine
1258 2049 1476 2109 Bewunderer
1508 2046 1562 2106 aus
1599 2046 1725 2106 größter
1758 2043 1862 2103 Nähe,
1885 2043 1984 2103 waren
2026 2040 2071 2100 die

2105 2079 2139 2139 um
2179 2079 2228 2139 sich
2254 2076 2317 2136 sah,
2333 2075 2386 2135 hat
2412 2073 2441 2133 er
2462 2075 2510 2135 oft
2531 2073 2724 2133 geschildert.
2749 2070 2793 2130 Es
2823 2070 2857 2130 ist
2878 2070 2956 2130 nicht
2977 2065 3025 2125 die

1141 2094 1267 2154 letzten,
1300 2092 1354 2152 das
1395 2092 1426 2152 zu
1472 2091 1657 2151 verkennen.
1699 2087 1743 2147 Es
1789 2087 1889 2147 waren
1930 2085 2065 2145 sicherlich

227 2108 335 2168 Seine
358 2105 569 2165 Landsleute,
615 2103 660 2163 die
695 2103 878 2163 Menschen,
918 2100 969 2160 die
1021 2097 1095 2157 schor

2101 2121 2223 2181 einzige
2251 2118 2300 2178 von
2332 2118 2427 2178 seinen
2459 2116 2631 2176 Gestalten,
2654 2114 2699 2174 die
2726 2112 2748 2172 in
2781 2112 2862 2172 einer
2890 2111 3016 2171 anderen

1138 2136 1245 2196 ewige
1278 2133 1465 2193 Probleme,
1498 2133 1572 2193 aber
1601 2130 1652 2190 die
1685 2130 1759 2190 Art,
1788 2129 1848 2189 wie
1876 2129 1908 2189 er
1952 2130 1993 2190 sie
2026 2126 2067 2186 sich

175 2152 275 2212 unter
303 2150 352 2210 der
385 2149 572 2209 Suggestion
609 2145 709 2205 seines
746 2144 887 2204 Namens
942 2141 1105 2201 erwachsen

2105 2165 2181 2225 Zeit
2205 2162 2415 2222 ausgestorben
2454 2159 2530 2219 sind.
2559 2158 2606 2218 Er
2635 2156 2740 2216 kannte
2769 2155 2836 2215 noch
2865 2153 2917 2213 den
2951 2150 3003 2210 Fla

1150 2179 1254 2239 stellte,
1284 2179 1350 2239 war
1379 2177 1469 2237 durch
1504 2177 1584 2237 seine
1618 2175 1694 2235 Zeit
1723 2171 1866 2231 bedingt.
1900 2171 2072 2231 Schnitzler

183 2195 266 2255 sind,
286 2194 399 2254 können
434 2193 463 2253 es
493 2192 571 2252 nicht
597 2192 704 2252 fassen,
730 2191 783 2251 daß
814 2189 863 2249 ihr
898 2187 1015 2247 Dichter
1045 2185 1113 2245 hin¬

2104 2206 2199 2266 neur,
2227 2204 2276 2264 den
2313 2202 2454 2262 Causeur
2486 2201 2545 2261 und
2577 2198 2800 2258 Raisonneur,
2823 2196 2872 2256 den
2909 2195 3022 2255 jungen

1141 2222 1197 2282 kam
1238 2222 1294 2282 von
1322 2220 1370 2280 dem
1410 2219 1538 2279 Grauen
1569 2218 1617 2278 des
1644 2216 1746 2276 Todes
1777 2216 1852 2276 nicht
1874 2216 1923 2276 los
1950 2213 1962 2273 —
2011 2213 2068 2273 und

176 2240 416 2300 übergegangen
450 2237 498 2297 ist,
522 2235 575 2295 der
604 2235 690 2295 ihnen
729 2234 772 2294 ein
811 2232 1022 2292 Wahrzeichen
1061 2231 1109 2291 der

2113 2248 2205 2308 Mann
2239 2247 2294 2307 aus
2318 2246 2407 2306 guter
2431 2244 2584 2304 Familie,
2604 2242 2654 2302 der
2678 2240 2776 2300 nichts
2805 2241 2832 2301 zu
2866 2237 2912 2297 tun
2945 2237 3024 2297 hatte

1141 2267 1181 2327 es
1209 2266 1290 2326 blieb
1327 2263 1381 2323 ihm
1431 2261 1603 2321 sinnloses,
1640 2261 1726 2321 durch
1768 2258 1844 2318 keine
1876 2257 2080 2317 Erwägung,

176 2285 281 2345 Stadt
311 2282 416 2342 Wien,
455 2282 512 2342 des
566 2279 647 2339 alten
696 2279 878 2339 Oesterreich
931 2273 1113 2333 überhaupt

2101 2288 2157 2348 als
2195 2288 2292 2348 seinen
2330 2288 2493 2348 Passionen
2545 2286 2573 2346 zu
2615 2285 2718 2345 leben,
2756 2282 2806 2342 den
2858 2282 3021 2342 gealterter

1149 2310 1320 2370 Tröstung,
1348 2306 1604 2366 Ueberwindung
1644 2304 1674 2364 zu
1711 2300 1891 2360 bannendes
1932 2300 2077 2360 Grauen.

176 2330 267 2390 schien
297 2327 354 2387 und
384 2327 461 2387 nicht
485 2324 523 2384 ein
558 2324 698 2384 Mensch,
713 2324 765 2384 der
790 2321 838 2381 von
872 2318 978 2378 Rechts
1008 2319 1104 2379 wegen

2105 2330 2378 2390 Lebenskünstler,
2398 2328 2445 2388 die
2469 2327 2742 2387 leidenschaftliche
2767 2324 2848 2384 Frau
2887 2322 2944 2382 und
2974 2321 3006 2381 vo

1147 2350 1218 2410 Sein
1254 2348 1500 2408 Lebensdrang,
1523 2347 1575 2407 der
1607 2346 1754 2406 inmitten
1791 2342 1875 2402 einer
1907 2341 1933 2401 in
1969 2341 2067 2401 seinen

179 2373 281 2433 altern
314 2371 430 2431 burfte.
478 2368 552 2428 Man
590 2368 646 2428 hat
670 2368 754 2428 hier,
773 2365 861 2425 wenn
899 2365 964 2425 man
997 2362 1029 2422 es
1063 2364 1104 2424 sich

2102 2374 2182 2434 allem
2226 2374 2312 2434 jenes
2336 2371 2527 2431 sogenannte
2556 2371 2622 2431 süße
2652 2368 2775 2428 Mädel,
2795 2365 2852 2425 das
2881 2364 2909 2424 es
2943 2364 3014 2424 wirk

1145 2394 1389 2454 Jugendjahren
1422 2392 1449 2452 so
1474 2389 1718 2449 lebenslustigen
1751 2386 1854 2446 Stadt
1873 2384 1963 2444 gegen
2001 2383 2075 2443 diese

2104 2418 2160 2478 lich
2188 2414 2305 2474 einmal
2324 2414 2450 2474 gegeben
2479 2410 2572 2470 haben
2600 2410 2670 2470 soll.
2685 2410 2726 2470 Er
2750 2410 2806 2470 hat
2825 2407 2890 2467 auch
2919 2407 3016 2467 trotzig

175 2416 252 2476 auch
284 2415 366 2475 nicht
394 2415 576 2475 eingestehen
617 2411 681 2471 will
709 2410 767 2470 und
800 2410 891 2470 Liebe
919 2407 991 2467 gern
1023 2407 1105 2467 durch

1150 2437 1252 2497 Angst
1276 2435 1472 2495 revoltierte,
1496 2431 1617 2491 deutete
1646 2431 1701 2491 auf
1730 2431 1785 2491 das
1818 2431 1912 2491 große
1945 2428 2056 2488 Rausch

2102 2459 2297 2519 gehaltvolle
2322 2455 2474 2515 Menschen
2503 2455 2694 2515 geschildert,
2709 2452 2766 2512 wie
2790 2452 2837 2512 den
2871 2451 3029 2511 Professor

174 2461 295 2521 Ironie
325 2459 499 2519 bekämpft,
524 2456 591 2516 doch
631 2455 699 2515 eine
733 2455 825 2515 starke
855 2452 1039 2512 Beziehung
1078 2453 1107 2513 zu

1150 2482 1252 2542 mittel
1280 2479 1383 2539 Liebe.
1426 2478 1491 2538 Den
1524 2473 1697 2533 Liebenden
1735 2473 1852 2533 scheint
1885 2472 1932 2532 die
1960 2471 2072 2531 Sonne

2104 2501 2295 2561 Bernhardi
2318 2500 2374 2560 und
2403 2499 2430 2559 er
2454 2497 2504 2557 hat
2528 2498 2551 2558 in
2585 2497 2631 2557 der
2654 2497 2812 2557 Tragödie
2836 2494 2887 2554 des
2915 2492 3022 2552 jungen

182 2504 282 2564 seinen
323 2503 588 2563 repräsentativen
625 2498 765 2558 Dichtern
826 2498 884 2558 und
921 2497 966 2557 als
1008 2494 1094 2554 Alten

1153 2523 1238 2583 noch,
1263 2523 1311 2583 den
1340 2521 1436 2581 Toten
1470 2520 1546 2580 nicht
1571 2518 1676 2578 mehr:
1696 2519 1767 2579 „Ich
1797 2516 1868 2576 weiß
1898 2515 1993 2575 nichts
2023 2516 2080 2576 auf

2114 2544 2289 2604 Medardus
2333 2541 2413 2601 seine
2452 2541 2551 2601 ganze
2590 2538 2666 2598 Zeit
2709 2538 2756 2598 ein
2804 2535 3013 2595 Jahrhunder

183 2548 274 2608 berg,
294 2549 336 2609 als
366 2546 626 2606 Hofmannsthal
646 2541 742 2601 starb,
762 2541 824 2601 war
849 2538 901 2598 der
921 2538 1008 2598 Choc
1032 2538 1104 2598 deut

1150 2568 1275 2628 Erden,
1295 2564 1346 2624 das
1375 2563 1515 2623 gewisser
1544 2562 1661 2622 wäre!“
1694 2559 1797 2619 Ueber
1821 2559 1900 2619 diese
1925 2556 2065 2616 Erkennt

2115 2586 2215 2646 früher
2245 2586 2303 2646 wie
2332 2586 2355 2646 im
2399 2583 2539 2643 Spiegel
2563 2580 2795 2640 aufgefangen.
2829 2577 2911 2637 Aber
2940 2577 2973 2637 er
3002 2577 3035 2637 ist

183 2592 237 2652 lich
267 2594 296 2654 zu
336 2592 464 2652 spüren.
489 2589 577 2649 Nicht
603 2586 631 2646 so
662 2586 859 2646 schmerzvoll
889 2583 948 2643 wie
978 2583 1042 2643 jetzt
1067 2580 1120 2640 bei

1154 2612 1203 2672 nis
1235 2607 1284 2667 kam
1326 2607 1370 2667 der
1398 2608 1475 2668 Arzt
1498 2604 1665 2664 Schnitzler
1692 2601 1737 2661 nie
1765 2601 1900 2661 hinans,
1919 2598 2068 2658 übrigens

2108 2629 2222 2689 immer
2253 2628 2358 2688 wieder
2385 2625 2437 2685 von
2473 2624 2521 2684 den
2552 2622 2688 2682 Helden,
2706 2622 2754 2682 die
2777 2622 2807 2682 er
2834 2622 2891 2682 mit
2913 2622 3032 2682 einiger

183 2637 233 2697 dem
304 2637 332 2697 so
384 2632 628 2692 unvermuteten
666 2631 727 2691 Tod
765 2628 886 2688 Arthur
920 2628 1121 2688 Schnitzlers,

1149 2654 1194 2714 ein
1231 2649 1499 2709 ausgezeichneter
1527 2647 1618 2707 Arzt,
1641 2646 1690 2706 der
1718 2646 1772 2706 von
1809 2645 1904 2705 seinen
1941 2643 2059 2703 Berufs

2109 2672 2233 2732 Ironie
2252 2670 2448 2730 ausstattete,
2463 2668 2486 2728 zu
2515 2667 2567 2727 der
2587 2666 2782 2726 Gesellschaft
2802 2663 3026 2723 zurückgekehrt

179 2681 275 2741 dessen
328 2679 501 2739 siebzigsten
535 2676 718 2736 Gburtstag
753 2673 791 2733 (in
825 2672 964 2732 wenigen
998 2670 1099 2730 Mona

1149 2698 1294 2758 genosson
1326 2694 1394 2754 auch
1426 2694 1471 2754 als
1503 2691 1612 2751 solcher
1640 2689 1775 2749 geschätzt
1803 2688 1930 2748 wurde;
1948 2685 1980 2745 er
2007 2685 2079 2745 übte

2104 2715 2160 2775 die
2188 2715 2239 2775 ihm
2287 2712 2449 2772 besonders
2483 2709 2561 2769 nahe
2594 2709 2674 2769 kam,
2702 2708 2729 2768 zu
2767 2706 2818 2766 den
2856 2706 3028 2766 Literaten,

183 2726 250 2786 ten)
279 2725 303 2785 zu
337 2724 433 2784 seiern
468 2721 544 2781 nicht
569 2719 636 2779 bloß
671 2719 718 2779 die
743 2718 883 2778 Theater
907 2715 951 2775 sich
985 2713 1105 2773 anschick

1157 2740 1233 2800 seine
1267 2737 1386 2797 Praxis
1420 2735 1501 2795 schon
1540 2732 1597 2792 seit
1627 2733 1842 2793 Jahrzehnten
1881 2729 1961 2789 nicht
1991 2729 2077 2789 mehr

2113 2758 2159 2818 die
2192 2756 2238 2816 ihr
2271 2754 2364 2814 Leben
2402 2753 2430 2813 in
2468 2751 2607 2811 Phrasen
2645 2750 2860 2810 umsälschten,
2889 2750 2916 2810 zu
2954 2747 3019 2807 reso

182 2768 252 2828 ten.
276 2769 336 2829 Die
364 2767 458 2827 große
481 2762 780 2822 Theaterwirkung,
799 2761 854 2821 das
888 2759 953 2819 war
977 2759 1027 2819 es,
1047 2756 1111 2816 was

1149 2783 1236 2843 aus,
1259 2780 1360 2840 verlor
1392 2780 1462 2840 aber
1494 2777 1546 2837 nie
1573 2777 1626 2837 den
1662 2777 1821 2837 traurigen
1861 2774 1918 2834 und
1950 2771 2073 2831 gütigen

2112 2799 2228 2859 luteren
2266 2798 2410 2858 Frauen,
2434 2795 2480 2855 die
2518 2792 2611 2852 ihnen
2653 2792 2830 2852 gegenüber
2872 2789 2946 2849 recht
2984 2788 3035 2848 be¬

182 2813 355 2873 Schnitzler
378 2810 433 2870 vor
456 2810 483 2870 so
506 2807 647 2867 manchem
689 2805 816 2865 anderen
848 2804 962 2864 Poeten
994 2802 1112 2862 voraus

1159 2825 1238 2885 Blick
1267 2825 1313 2885 des
1342 2822 1472 2882 Arztes.
1500 2819 1617 2879 Leben,
1636 2819 1725 2879 Liebe
1758 2817 1813 2877 und
1847 2816 1907 2876 Tod
1940 2813 1954 2873 —
2001 2816 2075 2876 alles

2112 2843 2225 2903 hielten
2262 2840 2320 2900 und
2357 2839 2384 2899 zu
2421 2837 2475 2897 den
2521 2835 2675 2895 Musikern
2721 2834 2779 2894 und
2830 2832 3020 2892 Musikanten

187 2858 286 2918 hatte.
323 2855 409 2915 Aber
433 2854 469 2914 er
497 2852 560 2912 war
606 2850 670 2910 uns
720 2849 801 2909 nicht
844 2849 898 2909 der
925 2846 1121 2906 Dramatiker

1157 2870 1215 2930 das
1243 2866 1414 2926 zusammen
1446 2864 1555 2924 wurde
1587 2864 1636 2924 dem
1677 2861 1922 2921 österreichischen
1958 2858 2080 2918 Dichter

2111 2885 2271 2945 Schnitzler
2301 2882 2384 2942 wäre
2409 2880 2491 2940 nicht
2516 2879 2657 2939 Wiener,
2682 2876 2769 2936 wenn
2803 2876 2847 2936 die
2882 2876 2978 2936 Musik
3008 2873 3032 2933 in

183 2901 295 2961 allein,
319 2900 370 2960 der
399 2899 422 2959 ja
455 2897 582 2957 überall
606 2896 662 2956 sein
700 2891 859 2951 Publikum
902 2891 1001 2951 hatte,
1044 2888 1114 2948 auch

1156 2912 1254 2972 Spiel
1282 2909 1338 2969 und
1372 2909 1521 2969 Theater.
1559 2906 1628 2966 Ihn
1666 2904 1722 2964 wie
1750 2904 2011 2964 Hofmannsthal
2035 2900 2067 2960 er

2116 2928 2211 2988 seiner
2250 2926 2332 2986 Welt
2361 2924 2481 2984 gefehlt
2515 2921 2610 2981 hätte.
2649 2921 2769 2981 Denken
2808 2918 2870 2978 wir
2904 2918 2937 2978 an
2981 2918 3028 2978 den

187 2944 268 3004 nicht
293 2944 359 3004 bloß
389 2941 441 3001 der
466 2938 672 2998 meisterhafte
697 2937 865 2997 Erzähler,
885 2935 976 2995 dessen
1005 2932 1120 2992 Bücher

1159 2956 1235 3016 faßte
1265 2953 1312 3013 der
1337 2950 1476 3010 Zweifel
1500 2948 1533 3008 an
1563 2949 1616 3009 der
1645 2944 1856 3004 Wirklichkeit,
1876 2944 1923 3004 die
1948 2944 2058 3004 Gewiß

2111 2969 2238 3029 Musiker
2267 2968 2428 3028 Wetring,
2453 2962 2725 3022 Orchesterspieler
2755 2960 2843 3020 eines
2877 2959 3042 3019 Vorstadt¬

183 2987 264 3047 über
292 2988 352 3048 das
384 2984 659 3044 Geltungsgebiet
687 2980 741 3040 der
792 2980 942 3040 deutschen
989 2978 1121 3038 Sprache

1152 2999 1236 3059 heit,
1278 2998 1329 3058 daß
1367 2995 1417 3055 der
1450 2992 1571 3052 Mensch
1614 2992 1697 3052 jeden
1735 2989 1921 3049 Ausenblick
1959 2989 2018 3049 wie
2047 2989 2070 3049 in

2111 3012 2247 3072 theaters
2284 3010 2339 3070 und
2371 3007 2471 3067 Vater
2499 3005 2554 3065 des
2586 3007 2759 3067 geopferten
2801 3001 2970 3061 Mädchens
3007 3001 3029 3061 in

186 3032 263 3092 weit
291 3031 409 3091 hinaus
442 3028 601 3088 drangen.
647 3025 820 3085 Schnitzler
853 3025 921 3085 war
948 3022 994 3082 ein
1031 3022 1121 3082 Stück

1156 3040 1243 3100 einem
1293 3038 1549 3098 traumgelenkten
1589 3034 1664 3094 Sein
1704 3034 1753 3094 die
1784 3031 1885 3091 Peute
1917 3031 2000 3091 einer
2036 3030 2062 3090 zu

2113 3057 2170 3117 der
2204 3054 2390 3114 „Liebelei",
2415 3049 2486 3109 eine
2520 3048 2654 3108 Gestalt,
2683 3046 2731 3106 die
2765 3046 2832 3106 noch
2870 3046 2933 3106 aus
2971 3043 3019 3103 dem

186 3079 245 3139 von
277 3076 400 3136 unserem
446 3073 560 3133 Leben,
579 3073 628 3133 die
651 3073 728 3133 letzte
756 3070 856 3130 Zäule
884 3067 1011 3127 unserer
1035 3064 1107 3124 öster

1159 3085 1276 3145 fälligen
1310 3082 1527 3142 Begegnung,
1546 3076 1707 3136 zufälligen
1745 3076 1872 3136 Regung
1905 3074 1962 3134 sein
1995 3073 2070 3133 kann

2112 3099 2268 3159 Zeitalter
2324 3094 2501 3154 Schuberts
2562 3090 2850 3150 herüberzureichen
2917 3086 3042 3146 scheint.

184 3122 353 3182 reichischen
412 3118 688 3178 Vergangenheit.
737 3112 804 3172 Mit
854 3113 907 3173 ihm
970 3112 1008 3172 ist
1057 3109 1120 3169 eine

1157 3124 1437 3184 Literarhistoriker
1470 3122 1587 3182 werden
1630 3121 1690 3181 mit
1714 3121 1835 3181 leichter
1869 3118 1967 3178 Mühe
2005 3118 2079 3178 viele

2111 3141 2223 3201 Denken
2257 3138 2313 3198 wir
2337 3138 2369 3198 an
2403 3136 2497 3196 seinen
2530 3133 2728 3193 Wergenthin
2761 3132 2784 3192 in
2818 3130 2864 3190 dem
2907 3127 3029 3187 Roman

190 3165 321 3225 Wiener
345 3162 462 3222 Epoche
491 3160 627 3220 vorüber
655 3159 725 3219 oder
754 3156 923 3216 vielmehr,
942 3156 979 3216 sie
1008 3156 1045 3216 ist
1069 3153 1111 3213 Ge

1159 3168 1271 3228 Stellen
1305 3165 1492 3225 namentlich
1535 3164 1562 3224 in
1596 3162 1647 3222 den
1686 3162 1826 3222 früheren
1864 3159 1981 3219 Werken
2029 3159 2061 3219 de

2109 3185 2202 3245 „Der
2227 3181 2296 3241 Weg
2321 3183 2370 3243 ins
2400 3177 2527 3237 Freie“,
2543 3177 2591 3237 den
2621 3174 2734 3234 jungen
2764 3172 2912 3232 Musiker,
2932 3171 2985 3231 wie
3011 3171 3039 3231 er

1157 3212 1266 3272 beiden
1300 3210 1424 3270 finden,
1443 3210 1491 3270 die
1520 3207 1643 3267 Zufall,
1663 3205 1772 3265 Spiel,
1797 3204 1930 3264 Zweifel
1954 3202 1978 3262 in
2016 3201 2083 3261 eine

194 3210 316 3270 schichte
341 3207 508 3267 geworden

2115 3227 2165 3287 ihn
2203 3226 2231 3286 so
2264 3225 2366 3285 häufig
2399 3219 2524 3279 antraf,
2548 3219 2682 3279 zwischen
2720 3216 3013 3276 Komponistenberu

1163 3255 1331 3315 Beziehung
1369 3255 1524 3315 bringen,
1548 3252 1594 3312 die
1623 3249 1707 3309 jener
1735 3248 1904 3308 Leugnung
1937 3246 1988 3306 des
2026 3246 2082 3306 Ich

251 3266 324 3326 Wir
350 3264 448 3324 haben
483 3263 552 3323 hier
577 3262 645 3322 sehr
676 3261 739 3321 viel
765 3259 848 3319 Zinn
883 3257 932 3317 für
962 3258 1124 3318 Geschichte

2119 3269 2178 3329 und
2215 3264 2601 3324 Kapellmeisterwünschen
2638 3258 2847 3318 schwankend.
2879 3258 2956 3318 Auch
2993 3254 3038 3314 wo

1160 3301 1342 3361 entsprechen
1379 3297 1463 3357 mag,
1487 3294 1547 3354 wie
1571 3293 1608 3353 sie
1637 3292 1791 3352 ungefähr
1820 3291 2002 3351 gleichzeitig
2040 3286 2086 3346 bei

2115 3309 2149 3369 er
2179 3310 2257 3370 nicht
2282 3309 2391 3369 gerade
2421 3306 2474 3366 von
2515 3305 2617 3365 Musik
2643 3303 2702 3363 und
2737 3300 2889 3360 Musikern
2924 3300 3046 3360 spricht,

269 3312 338 3372 und
382 3309 446 3369 wir
489 3306 591 3366 hätten
644 3306 704 3366 uns
756 3304 844 3364 sagen
896 3301 1031 3361 müssen,
1065 3300 1120 3360 das

1160 3341 1210 3401 dem
1272 3338 1518 3398 österreichischen
1570 3335 1714 3395 Physiker
1762 3332 1822 3392 und
1864 3332 2074 3392 Philosophen

2116 3353 2219 3413 klingt
2249 3353 2347 3413 Musik
2372 3351 2396 3411 in
2436 3350 2529 3410 seinen
2569 3344 2687 3404 Worten
2727 3343 2785 3403 und
2816 3341 2928 3401 Versen

197 3356 279 3416 diese
310 3354 427 3414 Epoche
463 3350 616 3410 eigentlich
653 3349 735 3409 schon
771 3347 877 3407 längst
907 3344 1018 3404 vorbei
1049 3344 1131 3404 war,

1156 3386 1260 3446 Ernst
1297 3383 1378 3443 Mach
1424 3380 1669 3440 hervorkommt.
1710 3376 1968 3436 Hofmannsthal
2010 3374 2082 3434 fand

192 3399 268 3459 auch
302 3397 354 3457 für
384 3395 508 3455 Arthur
537 3392 724 3452 Schnitzler.
758 3389 844 3449 Aber
873 3389 906 3449 er
940 3386 1060 3446 belebte
1089 3387 1127 3447 sie

2171 3412 2213 3472 Er
2235 3413 2320 3473 selbst
2342 3410 2406 3470 war
2433 3410 2475 3470 ein
2503 3406 2791 3466 leidenschaftlicher
2813 3404 3042 3464 Musikfreund,

1164 3428 1322 3488 schließlich
1351 3426 1403 3486 für
1428 3425 1485 3485 alle
1515 3424 1591 3484 diese
1626 3422 1735 3482 Rätsel
1760 3420 1812 3480 der
1837 3419 2067 3479 Erscheinungs

193 3440 307 3500 immer
331 3440 463 3500 wieder;
486 3437 513 3497 in
541 3434 642 3494 seinen
674 3434 770 3494 letzten
807 3433 926 3493 Werken
958 3431 1063 3491 wirkte
1091 3429 1127 3489 sie

198 3492 275 3552 schon
306 3486 510 3546 gespenstisch,
535 3483 606 3543 aber
631 3481 667 3541 sie
691 3479 811 3539 wirkte.
836 3477 883 3537 Es
914 3475 992 3535 wird
1017 3474 1118 3534 Sache
1155 3473 1239 3533 welt
1264 3472 1335 3532 seine
1366 3470 1486 3530 Lösung
1517 3469 1570 3529 und
1601 3467 1769 3527 Bindung.
1800 3467 1968 3527 Schnitzler
1992 3464 2088 3524 nicht,
2119 3462 2202 3522 seine
2233 3459 2317 3519 Frau
2354 3457 2419 3517 war
2450 3454 2630 3514 Sängerin,
2661 3453 2714 3513 der
2745 3451 2859 3511 Sohn,
2890 3449 2943 3509 der
2968 3449 3040 3509 jetzt

3057 1810 3286 1870 Schauspieler

3052 1853 3291 1913 Kapellmeister

3053 1897 3167 1957 häufig
3200 1897 3227 1957 in
3261 1897 3298 1957 Kr

3053 1938 3237 1998 Anhänger
3265 1937 3281 1997 P

3058 1980 3108 2040 als
3143 1982 3292 2042 Operndi

3055 2025 3220 2085 würdiger
3247 2025 3289 2085 Fa

3055 2067 3190 2127 begabte
3215 2067 3280 2127 Van

3058 2109 3110 2169 als
3144 2109 3177 2169 er
3206 2109 3258 2169 den

3058 2150 3163 2210 Reden
3198 2150 3272 2210 über

3062 2192 3163 2252 diesem
3211 2192 3311 2252 Rome

3062 2238 3130 2298 Van
3163 2237 3278 2297 Jungs

3114 2291 3187 2351 Alle
3217 2293 3296 2353 diese

3064 2335 3131 2395 lers
3168 2335 3227 2395 sind
3270 2333 3306 2393 al

3060 2377 3242 2437 gegangen.
3274 2377 3284 2437 M

3059 2419 3217 2479 beschwor
3243 2418 3273 2478 er

3071 2464 3139 2524 kaum
3181 2461 3314 2521 merklich

3064 2506 3115 2566 sam
3168 2503 3275 2563 wurde

3066 2547 3146 2607 lebte
3177 2547 3288 2607 allein,

3067 2589 3151 2649 seine
3178 2589 3282 2649 Tochte

3066 2634 3202 2694 heiratet
3239 2631 3295 2691 und

3067 2676 3211 2736 storben;
3239 2673 3311 2733 seitl

3069 2716 3144 2776 recht
3172 2716 3289 2776 erholt.

3073 2759 3118 2819 ihn
3160 2759 3205 2819 die
3231 2756 3307 2816 Heir

3069 2804 3193 2864 seindet
3219 2801 3302 2861 hatte

3065 2846 3143 2906 aber
3173 2846 3207 2906 es
3242 2843 3290 2903 kon

3073 2889 3220 2949 jüngeren

3066 2930 3149 2990 denn
3186 2929 3212 2989 im
3254 2928 3295 2988 Ar

3073 2974 3141 3034 Wir
3163 2973 3283 3033 spürten

3066 3018 3147 3078 alles
3179 3016 3271 3076 dessen

3066 3059 3215 3119 nommen
3251 3057 3280 3117 ha

3071 3104 3146 3164 lich,
3164 3100 3251 3160 welch
3275 3098 3292 3158 e

3074 3145 3146 3205 oder
3181 3144 3248 3204 doch

3073 3191 3165 3251 ging.
3198 3186 3262 3246 Vor

3072 3231 3268 3291 vornehmen

3069 3275 3179 3335 Tages
3206 3271 3290 3331 entri

3078 3318 3181 3378 lebens
3210 3316 3285 3376 gewe
