3392 4320
90 231 160 291 12

270 237 863 297 Schuitzler's
933 229 1166 289 Deatl

283 706 995 766 OBSERVER

367 777 388 837 I.
405 775 523 835 österr.
536 775 683 835 behördl.
701 772 1001 832 konzessioniertes

323 816 556 876 Unternehmen
592 815 639 875 für
661 813 1050 873 Zeitungs-Ausschnitte

377 876 524 936 WIEN,
551 879 595 939 I.,
622 876 911 936 WOLLZEILE
957 871 1001 931 11

476 928 689 988 TELEPHON
725 925 898 985 R-23-0-43

267 1070 491 1130 Ausschnitt
517 1070 606 1130 aus:

337 1144 442 1204 eues
487 1145 842 1205 Preesburger
893 1154 1175 1214 Tagblatt,

428 1204 507 1264 24,
530 1204 739 1264 Oktober
797 1205 949 1265 1951.

278 1297 387 1357 vom:

275 1473 436 1533 Arthur
473 1467 679 1527 Schnitzler
716 1462 742 1522 in
787 1458 886 1518 aller
922 1455 1038 1515 Stille

554 1529 776 1589 begraben.

297 1599 405 1659 Wien,
427 1600 478 1660 23.
499 1597 550 1657 (E.
572 1596 628 1656 D.)
650 1594 717 1654 Dem
759 1590 857 1650 letzten
894 1584 1008 1644 Willen
1039 1581 1090 1641 des

230 1647 378 1707 Dichters
416 1640 634 1700 entsprechend
691 1635 751 1695 hat
784 1631 877 1691 heute
910 1628 1091 1688 vormittag

239 1694 263 1754 in
293 1691 367 1751 aller
392 1688 490 1748 Stille
515 1683 568 1743 das
598 1679 785 1739 Begräbnis
810 1675 938 1735 Arthur
963 1670 1100 1730 Schnitz¬

240 1737 299 1797 lers
330 1733 593 1793 stattgefunden.
619 1725 664 1785 In
700 1722 755 1782 den
791 1720 902 1780 frühen
943 1715 1104 1775 Morgen¬

240 1780 364 1840 stunden
428 1775 542 1835 fanden
587 1772 634 1832 sich
687 1767 865 1827 zahlreiche
899 1760 1110 1820 Kondolenz¬

241 1823 365 1883 besuche
389 1820 417 1880 im
461 1815 685 1875 Trauerhaus
719 1811 786 1871 ein.
810 1808 867 1868 Die
896 1805 1001 1865 Leiche
1030 1802 1101 1862 war

240 1870 264 1930 im
312 1863 562 1923 Schlafzimmer
592 1857 644 1917 des
674 1854 823 1914 Dichters
857 1847 953 1907 neben
987 1846 1088 1906 seinem

249 1912 318 1972 Bett
339 1907 556 1967 aufgebahrt.
572 1902 641 1962 Auf
662 1900 713 1960 dem
754 1897 839 1957 Sarg
869 1893 1021 1953 befanden
1056 1890 1101 1950 sich

253 1957 320 2017 zwei
343 1954 484 2014 Kränze,
503 1950 561 2010 von
593 1945 688 2005 denen
725 1942 775 2002 der
803 1940 871 2000 eine
898 1936 957 1996 vom
999 1936 1111 1996 Burg¬

243 2001 367 2061 theater
397 1995 564 2055 stammte.
608 1991 650 2051 Um
704 1986 775 2046 ½12
805 1983 871 2043 Uhr
905 1981 1020 2041 wurde
1054 1977 1106 2037 der

245 2045 329 2105 Sarg
359 2040 542 2100 geschlossen
582 2035 641 2095 und
676 2031 734 2091 auf
765 2028 849 2088 einen
889 2024 1101 2084 Kraftwagen

249 2087 404 2147 gehoben.
430 2083 495 2143 Der
526 2078 721 2138 Trauerzug
757 2074 842 2134 nahm
888 2070 993 2130 seinen
1029 2067 1104 2127 Weg

245 2130 283 2190 am
327 2129 552 2189 Burgtheater
581 2121 696 2181 vorbei
721 2120 773 2180 zum
817 2113 1124 2173 Zentralfriedhof,

245 2173 294 2233 wo
324 2172 535 2232 Oberkantor
560 2167 682 2227 Fischer
712 2163 736 2223 in
771 2160 824 2220 der
850 2159 942 2219 Halle
972 2154 1016 2214 ein
1051 2154 1114 2214 Ge¬

251 2221 295 2281 bet
321 2217 528 2277 verrichtete.
549 2213 619 2273 Auf
640 2210 690 2270 dem
736 2205 897 2265 Friedhof
923 2200 1018 2260 selbst
1044 2198 1114 2258 hat¬

249 2264 291 2324 ten
330 2263 383 2323 sich
417 2258 596 2318 zahlreiche
623 2252 796 2312 Vertreter
829 2246 878 2306 der
911 2246 1122 2306 Regierung,

251 2306 301 2366 der
331 2306 438 2366 Stadt
464 2300 585 2360 Wien,
627 2295 681 2355 der
712 2294 940 2354 ifraelitischen
977 2287 1123 2347 Kultus¬

257 2352 434 2412 gemeinde,
477 2347 529 2407 der
559 2340 764 2400 Concordia,
803 2336 913 2396 ferner
942 2333 1118 2393 zahlreiche

257 2394 500 2454 Schriftsteller,
526 2386 852 2446 Theaterdirektoren
894 2380 956 2440 und
992 2375 1121 2435 Schau¬

262 2440 369 2500 spieler
401 2434 633 2494 eingesunden.
654 2429 756 2489 Reden
793 2426 927 2486 wurden
964 2423 1045 2483 keine
1072 2420 1123 2480 ge¬

266 2486 388 2546 jalten.

368 2788 1077 2848 OBSERVER

454 2846 479 2906 I.
492 2846 612 2906 österr.
625 2843 776 2903 behördl.
789 2843 1085 2903 konzessioniertes

406 2888 643 2948 Unternehmen
674 2885 721 2945 für
747 2885 1135 2945 Zeitungs-Ausschnitte

460 2945 607 3005 WIEN,
634 2948 684 3008 I.,
711 2948 1000 3008 WOLLZEILE
1045 2944 1090 3004 11

560 2997 777 3057 TELEPHON
809 2997 986 3057 R-23-0-43

356 3142 580 3202 Ausschnitt
606 3142 699 3202 aus:

326 3252 573 3312 AUSSCHMITT
590 3252 673 3312 VOMA:

932 3339 963 3399 4.
988 3339 1078 3399 0Kl.
1095 3344 1200 3404 1931

459 3441 549 3501 Der
601 3443 732 3503 Tag,
763 3440 935 3500 Berlin
997 3436 1057 3496 SW
1119 3436 1178 3496 68

364 3557 521 3617 AArthur
568 3555 778 3615 Schnitzlers
824 3552 1049 3612 Beisetzung.
1081 3548 1200 3608 Gestern

335 3596 447 3656 Aittag
480 3594 592 3654 wurde,
616 3593 670 3653 wie
693 3592 751 3652 uns
784 3590 820 3650 ein
857 3590 1060 3650 Drahtbericht
1088 3584 1205 3644 unseres

310 3635 685 3695 Lsy.-Korrespondenten
715 3631 774 3691 aus
804 3631 917 3691 Wien
953 3629 1078 3689 meldet,
1102 3626 1214 3686 Arthur

341 3709 563 3769 Schnitzler
605 3708 632 3768 zu
678 3706 782 3766 Grabe
828 3703 983 3763 getragen.
1024 3700 1097 3760 Nach
1125 3699 1206 3759 einer

340 3748 439 3808 kurzen
469 3747 658 3807 Trauerfeier
684 3742 705 3802 in
740 3743 787 3803 der
813 3742 967 3802 Wohnung
998 3737 1040 3797 des
1071 3736 1208 3796 Verstor¬

340 3785 426 3845 benen
453 3784 578 3844 bewegte
600 3783 642 3843 sich
669 3781 716 3841 der
742 3780 911 3840 Leichenzug
937 3778 971 3838 am
1010 3775 1208 3835 Burgtheater

340 3823 443 3883 vorbei
469 3822 520 3882 zum
563 3819 851 3879 Zentralfriedhofe,
873 3814 916 3874 wo
947 3814 993 3874 sich
1024 3814 1058 3874 am
1106 3812 1208 3872 Grabe

339 3860 493 3920 Vertreter
519 3858 568 3918 des
602 3855 1024 3915 Unterrichtsministeriums,
1071 3849 1116 3909 der
1150 3848 1208 3908 Ge¬

341 3897 449 3957 meinde
474 3895 574 3955 Wien,
596 3894 641 3954 der
671 3891 967 3951 Generalintendant
993 3887 1038 3947 der
1068 3887 1209 3947 Bundes¬

339 3935 468 3995 theater,
486 3932 722 3992 Schneiderhan,
739 3930 825 3990 sowie
851 3928 898 3988 die
924 3927 1040 3987 Wiener
1066 3924 1212 3984 Theater¬

340 3970 397 4030 und
433 3970 730 4030 Schriftstellerkreise
761 3967 951 4027 eingefunden
988 3963 1107 4023 hatten.
1152 3962 1209 4022 Die

343 4008 767 4068 Beerdigungsfeierlichkeiten
823 4005 940 4065 wurden
975 4002 1026 4062 auf
1053 4001 1208 4061 ausdrück¬

346 4046 424 4106 lichen
457 4045 568 4105 Wunsch
615 4044 665 4104 des
689 4044 898 4104 Verstorbenen
949 4041 976 4101 in
1023 4041 1204 4101 möglichster

346 4085 528 4145 Schlichtheit
553 4080 774 4140 durchgeführt.

1378 225 1505 285 box
1583 225 1809 285 43/25

2415 729 2480 789 -E

2048 756 2755 816 OBSENVER

2130 795 2155 855 I.
2168 798 2286 858 österr.
2299 804 2446 864 behördl.
2464 813 2763 873 konzessioniertes

2085 841 2317 901 Unternehmen
2348 846 2395 906 für
2421 855 2804 915 Zeitungs-Ausschnitte

2137 898 2278 958 WIEN,
2311 909 2355 969 I.,
2381 913 2664 973 WOLLZEILE
2716 923 2754 983 11

2233 956 2447 1016 TELEPHON
2479 966 2653 1026 R-23-0-43

2365 1053 2515 1113 tan
2542 1071 2655 1131 due
2669 1090 2845 1150 leese

2030 1091 2251 1151 Ausschnitt
2277 1101 2364 1161 aus:

2365 1228 2382 1288 2
2419 1228 2436 1288 4
2491 1235 2581 1295 OKT
2635 1243 2733 1303 1937

2080 1271 2097 1331 =
2134 1288 2331 1348 Echnitzlers
2360 1301 2566 1361 Begräbnis.
2631 1311 2702 1371 Aus
2730 1318 2846 1378 Wien
2884 1324 2999 1384 meldet

1994 1314 2084 1374 unser
2127 1322 2180 1382 fd.
2199 1330 2490 1390 Korrespondent:
2527 1351 2599 1411 Das
2636 1355 2823 1415 Begräbnis
2873 1364 2999 1424 Arthur

1995 1357 2180 1417 Schnitzlers
2207 1368 2308 1428 findet
2329 1373 2413 1433 heute
2441 1382 2567 1442 Freitag
2595 1386 2637 1446 all
2674 1392 2722 1452 oem
2765 1400 2997 1460 Zenkratfried¬

1994 1395 2040 1455 hof
2059 1398 2143 1458 statt,
2162 1401 2204 1461 wo
2227 1403 2278 1463 der
2302 1412 2424 1472 Dichter
2448 1416 2470 1476 in
2499 1422 2583 1482 einem
2621 1426 2677 1486 von
2705 1431 2756 1491 der
2775 1438 2990 1498 israelitischen

1989 1440 2333 1500 Religionsgemeinde
2370 1456 2574 1516 gewidmeten
2621 1469 2807 1529 Ehrengrab
2854 1481 2997 1541 bestattet

1983 1472 2083 1532 wird.
2122 1477 2179 1537 Ein
2218 1486 2404 1546 Anerbieten
2443 1495 2491 1555 der
2525 1501 2621 1561 Stadt
2650 1509 2760 1569 Wien,
2780 1515 2827 1575 die
2857 1518 2995 1578 Beerdi¬

1985 1515 2064 1575 gung
2097 1516 2125 1576 in
2163 1519 2251 1579 einem
2303 1532 2470 1592 städtischen
2509 1540 2700 1600 Ehrengrab
2743 1557 2994 1617 vorzunehmen,

1983 1553 2092 1613 mußte
2117 1559 2283 1619 abgelehnt
2303 1569 2441 1629 werden,
2461 1576 2537 1636 weil
2557 1580 2599 1640 die
2624 1585 2743 1645 Zusage
2767 1590 2800 1650 an
2829 1593 2876 1653 die
2901 1598 2991 1658 Reli¬

1981 1595 2246 1655 gionsgemeinde
2275 1606 2391 1666 bereits
2424 1613 2553 1673 vorlag.
2596 1621 2661 1681 Die
2694 1633 2982 1693 Bestattungsfeier

1981 1629 2061 1689 wird
2086 1633 2133 1693 sich
2162 1636 2185 1696 in
2219 1639 2266 1699 den
2300 1648 2467 1708 einfachsten
2501 1657 2634 1717 Formen
2663 1668 2853 1728 vollziehen,
2873 1673 2906 1733 da
2930 1676 2982 1736 der

1978 1667 2068 1727 Sohn
2112 1677 2317 1737 Schnitzlers,
2360 1685 2412 1745 der
2446 1693 2613 1753 Regisseur
2661 1702 2723 1762 und
2762 1712 2981 1772 Schauspieler

1978 1709 2178 1769 Heinrich
2203 1723 2452 1783 Schnitzler,
2468 1731 2517 1791 der
2542 1741 2796 1801 Oeffentlichkeit
2816 1754 2972 1814 folgenden

1974 1748 2126 1808 letzten
2155 1759 2317 1819 Wunsch
2346 1765 2393 1825 des
2423 1772 2633 1832 verblichenen
2662 1784 2805 1844 Dichters
2834 1793 2981 1853 bekannt¬

1972 1787 2100 1847 gegeben
2129 1793 2200 1853 hat:
2234 1805 2534 1865 „Bestimmungen,
2549 1814 2592 1874 die
2611 1817 2649 1877 ich
2673 1822 2740 1882 nach
2764 1826 2878 1886 meinem
2917 1832 2978 1892 Ab¬

1970 1825 2054 1885 leben
2100 1828 2129 1888 zu
2176 1836 2305 1896 erfüllen
2352 1844 2446 1904 bitte:
2487 1854 2657 1914 Herzstich.
2699 1861 2793 1921 Keine
2834 1871 2979 1931 Kränze!

1969 1863 2062 1923 Keine
2088 1870 2200 1930 Parte!
2226 1876 2284 1936 (So
2305 1885 2477 1945 bezeichnet
2502 1892 2565 1952 man
2595 1894 2615 1954 in
2645 1902 2832 1962 Oesterreich
2862 1909 2905 1969 die
2926 1912 2974 1972 ge¬

1973 1902 2081 1962 druckte
2111 1914 2366 1974 Todesanzeige.
2397 1923 2446 1983 D.
2466 1929 2559 1989 Red.)
2589 1934 2672 1994 Auch
2702 1937 2726 1997 in
2756 1941 2805 2001 der
2831 1949 2968 2009 Zeitung

1960 1941 2053 2001 nicht!
2074 1950 2261 2010 Begräbnis
2281 1957 2379 2017 letzter
2395 1965 2513 2025 Klasse!
2534 1971 2602 2031 Das
2622 1977 2710 2037 durch
2731 1978 2775 2038 die
2791 1986 2968 2046 Befolgung

1960 1978 2055 2038 dieser
2085 1991 2339 2051 Bestimmungen
2374 2004 2537 2064 erübrigte
2561 2011 2638 2071 Geld
2668 2017 2705 2077 ist
2725 2023 2965 2083 Spitalzwecken

1963 2022 2191 2082 zuzuwenden.
2216 2032 2313 2092 Keine
2332 2041 2453 2101 Reden!
2477 2048 2700 2108 Vermeidung
2724 2059 2794 2119 alles
2822 2065 2961 2125 rituellen

1958 2061 2125 2121 Beiwerks
2164 2072 2397 2132 (insbesondere
2431 2088 2689 2148 Leichenwächter
2718 2099 2822 2159 usw.).
2866 2106 2966 2166 Keine

1960 2100 2085 2160 Trauer
2109 2106 2216 2166 tragen
2244 2111 2309 2171 nach
2333 2119 2449 2179 meinem
2482 2125 2584 2185 Tode,
2594 2131 2715 2191 absolut
2734 2139 2826 2199 keine.
2846 2144 2966 2204 Arthur

1956 2141 2146 2201 Schnitzler.
2195 2151 2295 2211 Diese
2319 2160 2553 2220 Anordnungen
2587 2166 2634 2226 des
2664 2175 2806 2235 Dichters
2835 2184 2954 2244 werden

1953 2178 2088 2238 beachtet
2107 2184 2252 2244 werden,
2266 2191 2321 2251 und
2350 2196 2392 2256 die
2411 2202 2536 2262 Trauer
2560 2207 2611 2267 der
2634 2213 2779 2273 Freunde
2802 2220 2858 2280 und
2882 2222 2965 2282 Ver¬

1951 2216 2041 2276 ehrer
2066 2220 2118 2280 des
2147 2225 2290 2285 Dichters
2319 2230 2395 2290 wird
2420 2236 2462 2296 sich
2491 2241 2553 2301 nur
2577 2245 2601 2305 in
2630 2247 2682 2307 der
2707 2257 2893 2317 Teilnahme
2917 2263 2950 2323 an

1955 2253 2004 2313 der
2027 2261 2208 2321 Bestattung
2236 2271 2422 2331 ausdrücken
2449 2280 2581 2340 können.
2599 2284 2608 2344 —
2654 2291 2812 2351 Entgegen
2840 2301 2952 2361 anders

1947 2296 2113 2356 lautenden
2157 2308 2372 2368 Nachrichten,
2411 2315 2459 2375 die
2493 2320 2607 2380 gestern
2645 2335 2946 2395 bekanntgeworden

1946 2336 2073 2396 waren,
2089 2338 2142 2398 hat
2162 2344 2333 2404 Schnitzler
2359 2351 2412 2411 mit
2432 2354 2481 2414 der
2506 2364 2711 2424 Sichtung
2741 2372 2819 2432 und
2844 2379 2952 2439 Ver¬

1942 2379 2291 2439 öfffentlichung
2318 2393 2467 2453 seines
2494 2406 2806 2466 literarischen
2833 2419 2949 2479 Nach¬

1940 2414 2081 2474 lasses
2117 2421 2212 2481 seinen
2248 2427 2333 2487 Sohn
2364 2432 2505 2492 Heinrich
2536 2442 2708 2502 Schnitzler
2734 2452 2880 2512 betraut,
2900 2459 2950 2519 der

1942 2451 1986 2511 sich
2022 2452 2067 2512 die
2098 2461 2265 2521 Beratung
2306 2468 2361 2528 des
2402 2477 2619 2537 befreundeten
2660 2488 2801 2548 Dichters
2848 2497 2948 2557 Beer¬

1944 2493 2116 2553 Hoffmann
2150 2500 2273 2560 erbeten
2308 2508 2371 2568 hat.
2411 2514 2479 2574 Der
2514 2521 2622 2581 größte
2652 2526 2730 2586 Teil
2755 2530 2804 2590 des
2838 2537 2946 2597 litera¬

1942 2529 2049 2589 rischen
2084 2538 2260 2598 Nachlasses
2295 2548 2407 2608 besteht
2437 2551 2462 2611 in
2501 2558 2584 2618 einer
2619 2563 2731 2623 großen
2766 2569 2854 2629 Zahl
2884 2576 2937 2636 von

1944 2576 2263 2636 Tagebüchern,
2288 2584 2330 2644 die
2360 2589 2426 2649 eine
2451 2600 2746 2660 Selbstbiographie
2771 2610 2823 2670 des
2852 2614 2942 2674 Dich¬

1939 2608 2005 2668 ters
2034 2614 2182 2674 ergeben.
2222 2622 2302 2682 Doch
2331 2628 2436 2688 dürfen
2470 2632 2547 2692 diese
2576 2643 2771 2703 Tagebücher
2796 2650 2853 2710 auf
2877 2652 2944 2712 An¬

1937 2652 2081 2712 ordnung
2117 2661 2303 2721 Schnitzlers
2331 2671 2413 2731 erst
2427 2675 2517 2735 nach
2545 2684 2751 2744 dreißig,
2773 2694 2821 2754 zum
2863 2696 2938 2756 Teil

1931 2732 1989 2792 erst
2011 2740 2073 2800 nach
2101 2749 2275 2809 vierzig
2307 2758 2428 2818 Jahren
2455 2770 2804 2830 veröffentlicht
2826 2781 2931 2841 wer¬

1928 2777 2026 2837 den.
2064 2783 2175 2843 Außer
2218 2790 2316 2850 diesen
2349 2800 2568 2860 Tagebüchern
2612 2810 2742 2870 wurden
2784 2820 2929 2880 mehrere

1923 2818 2143 2878 unvollendete
2166 2828 2382 2888 Novellen
2409 2841 2642 2901 vorgefunden,
2656 2848 2709 2908 von
2740 2855 2828 2915 denen
2855 2862 2934 2922 eine,

1929 2855 2039 2915 „Der
2074 2865 2385 2925 Sekundant",
2416 2877 2477 2937 vor
2512 2881 2562 2941 der
2593 2891 2798 2951 Vollendung
2834 2900 2934 2960 stand.

1922 2894 2040 2954 Weiter
2070 2896 2114 2956 ein
2145 2906 2332 2966 Schauspiel
2357 2917 2470 2977 „Zug
2500 2922 2569 2982 der
2599 2932 2851 2992 Schatten,
2876 2939 2930 2999 das

1923 2933 2036 2993 bereits
2068 2939 2212 2999 mehrere
2240 2948 2330 3008 Male
2357 2957 2588 3017 umgearbeitet
2611 2968 2737 3028 wurde.
2755 2972 2764 3032 —
2810 2977 2927 3037 Direk¬

1917 2970 1964 3030 tor
1989 2978 2222 3038 Wildgans
2252 2987 2304 3047 hat
2323 2990 2356 3050 am
2395 2999 2610 3059 Burgtheater
2639 3007 2701 3067 eine
2725 3016 2926 3076 Trauer¬

1919 3011 2047 3071 fahne
2077 3017 2165 3077 hissen
2200 3023 2289 3083 lassen
2329 3030 2388 3090 und
2418 3034 2471 3094 der
2502 3042 2639 3102 Familie
2670 3050 2837 3110 persönlich
2872 3057 2926 3117 das

1916 3049 2038 3109 Beileid
2063 3054 2117 3114 des
2143 3065 2378 3125 Burgtheaters
2403 3079 2620 3139 ausgedrückt.
2655 3085 2733 3145 Fast
2753 3091 2807 3151 alle
2827 3096 2929 3156 geisti¬

1913 3089 1965 3149 gen
1999 3098 2262 3158 Vereinigungen
2296 3109 2405 3169 Wiens
2449 3115 2544 3175 haben
2582 3121 2621 3181 ein
2660 3127 2788 3187 gleiches
2817 3136 2927 3196 getan.

1910 3125 1974 3185 Die
2004 3132 2077 3192 erste
2107 3140 2317 3200 Trauerfeier
2357 3154 2568 3214 veranstaltet
2603 3162 2656 3222 der
2686 3169 2922 3229 österreichische

1910 3167 2078 3227 Rundfunk
2104 3176 2138 3236 am
2178 3186 2470 3246 Sonntagmittag,
2490 3198 2594 3258 wobei
2614 3201 2713 3261 Ernst
2733 3209 2846 3269 Lothar
2877 3214 2920 3274 die

1912 3207 2117 3267 Trauerrede
2142 3219 2245 3279 halten
2275 3224 2333 3284 und
2363 3231 2549 3291 Schnitzlers
2579 3246 2917 3306 „Paracelsus“

1902 3245 2079 3305 gesprochen
2108 3255 2228 3315 werden
2257 3263 2354 3323 wird.
2369 3264 2378 3324 —
2420 3273 2508 3333 Kurz
2532 3276 2588 3336 vor
2607 3285 2910 3345 Redaktionsschluß

1903 3286 2138 3346 telegraphiert
2170 3296 2265 3356 unser
2302 3310 2650 3370 fd.=Korrespondent:
2683 3323 2751 3383 Der
2788 3329 2914 3389 Anord¬

1899 3320 1982 3380 nung
2011 3323 2062 3383 des
2091 3332 2235 3392 Dichters
2264 3343 2483 3403 entsprechend
2507 3353 2563 3413 hat
2583 3356 2629 3416 die
2653 3363 2858 3423 Leichenfeier
2882 3371 2910 3431 in

1899 3362 2075 3422 einfachsten
2114 3373 2257 3433 Formen
2291 3385 2544 3445 stattgefunden.
2587 3399 2749 3459 Während
2783 3404 2831 3464 sich
2865 3408 2893 3468 im

1901 3402 2122 3462 Trauerhause
2154 3412 2213 3472 nur
2241 3417 2286 3477 die
2318 3423 2449 3483 nächsten
2482 3432 2708 3492 Angehörigen
2741 3445 2908 3505 eingefun¬

1893 3435 1943 3495 den
1977 3444 2102 3504 hatten,
2121 3448 2167 3508 die
2191 3450 2242 3510 dem
2284 3458 2381 3518 Toten
2415 3461 2465 3521 das
2499 3468 2610 3528 Geleit
2629 3475 2689 3535 auf
2713 3477 2759 3537 den
2792 3484 2908 3544 Fried¬

1889 3471 1939 3531 hof
1957 3480 2076 3540 gaben,
2090 3485 2194 3545 waren
2222 3492 2253 3552 am
2295 3502 2573 3562 Zentralfriedhof
2596 3515 2737 3575 mehrere
2760 3523 2906 3583 Hundert

1889 3513 2048 3573 Menschen
2085 3528 2308 3588 versammelt.
2349 3538 2454 3598 Unter
2486 3544 2540 3604 den
2577 3555 2814 3615 Trauergästen
2851 3561 2905 3621 be¬

1889 3551 1993 3611 fanden
2025 3558 2075 3618 sich
2108 3564 2280 3624 Vertreter
2308 3572 2362 3632 der
2390 3581 2595 3641 Regierung,
2628 3589 2682 3649 der
2719 3598 2896 3658 Gemeinde

1884 3588 1968 3648 Wien
2017 3593 2078 3653 und
2123 3604 2243 3664 nahezu
2288 3611 2447 3671 sämtliche
2487 3625 2642 3685 bekannte
2674 3632 2797 3692 Namen
2846 3640 2899 3700 der

1884 3631 2143 3691 Schriftsteller=,
2167 3646 2326 3706 Theater=
2358 3651 2422 3711 und
2454 3661 2655 3721 Kunstwelt.
2701 3669 2805 3729 Unter
2842 3675 2892 3735 den

1884 3667 2047 3727 religiösen
2078 3680 2365 3740 Trauergesängen
2392 3692 2502 3752 wurde
2524 3699 2572 3759 der
2595 3702 2683 3762 Sarg
2710 3709 2731 3769 im
2772 3712 2895 3772 Ehren¬

1877 3704 1972 3764 grabe
2004 3713 2168 3773 bestattet.
2205 3720 2333 3780 Gemäß
2374 3727 2429 3787 der
2466 3736 2671 3796 Anordnung
2712 3744 2767 3804 des
2804 3752 2917 3812 Vers,

1881 3746 2040 3806 storbenen
2071 3755 2199 3815 wurden
2231 3762 2318 3822 keine
2344 3769 2529 3829 Grabreden
2555 3776 2719 3836 gehalten.
