3392 4320
114 324 179 384 12

309 332 889 392 Schuitzler's
956 323 1193 383 Deatl

311 670 411 730 Seite
443 670 461 730 4

960 680 1082 740 Wien,
1103 683 1150 743 Se

484 909 875 969 Versteigerung

421 1055 954 1115 Gesumteinrichtung

400 1109 442 1169 der
465 1112 577 1172 Ischler
599 1112 674 1172 Villa
712 1112 760 1172 der
787 1114 970 1174 ehemaligen

344 1193 383 1253 k.
415 1191 444 1251 k.
467 1190 855 1250 Hotburgschauspielerin
898 1193 947 1253 K.
969 1191 1008 1251 Sch

396 1243 450 1303 und
478 1243 614 1303 Boiträge
647 1243 697 1303 aus
720 1244 843 1304 anderem
880 1243 971 1303 Besitz

396 1281 445 1341 vom
485 1285 534 1345 29.
549 1285 593 1345 bis
613 1285 657 1345 31.
672 1285 804 1345 Oktober
830 1285 903 1345 1931
928 1285 952 1345 im

374 1401 959 1461 DOROIRLON

403 1475 450 1535 Die
512 1474 969 1534 Versteigerungsgegenstände

396 1515 506 1575 können
556 1515 680 1575 morgen
725 1515 858 1575 Sonntag
912 1514 965 1574 den

391 1551 438 1611 25.
457 1551 594 1611 Oktober
628 1552 679 1612 von
718 1551 751 1611 10
784 1551 827 1611 bis
865 1554 878 1614 1
903 1552 973 1612 Uhr,

392 1593 503 1653 Montag
537 1593 588 1653 den
617 1590 668 1650 26.
688 1592 729 1652 bis
748 1591 889 1651 Mittwoch
913 1593 964 1653 den

531 1629 579 1689 28.
600 1634 732 1694 Oktober
757 1631 830 1691 1931

340 1703 363 1763 In
396 1701 451 1761 den
476 1697 684 1757 Runstsülen
709 1700 772 1760 des
789 1700 1021 1760 Dorotheums

523 1751 689 1811 besichtigt
713 1751 822 1811 werden

248 1934 383 1994 tativsten
428 1936 552 1996 Dichter
585 1935 672 1995 einer
705 1936 917 1996 bedeutsamen
957 1933 1102 1993 österrei¬

245 1978 369 2038 chischen
402 1980 515 2040 Epoche
570 1981 629 2041 und
662 1979 792 2039 Wiener
820 1978 987 2038 Geschichte
1036 1977 1090 2037 das

254 2022 325 2082 latzte
359 2022 564 2082 Ehrengeleit
598 2022 625 2082 zu
664 2024 774 2084 geben.
803 2021 925 2081 Nicht
953 2019 1102 2079 anwe¬

250 2064 345 2124 send
383 2065 483 2125 waren
542 2064 775 2124 sämtliche
808 2064 977 2124 Herren
1015 2059 1099 2119 Mi¬

248 2108 401 2168 nister.
426 2107 505 2167 Auch
537 2108 585 2168 der
617 2109 905 2169 Bundespräsident
930 2109 1016 2169 hatte
1041 2109 1089 2169 sich

245 2151 327 2211 nicht
355 2154 508 2214 vertreten
547 2151 618 2211 lasse

294 2196 352 2256 as
385 2196 470 2256 wäre
497 2198 523 2258 ja
557 2196 706 2256 vielleicht
733 2196 813 2256 nicht
841 2196 963 2256 einmal
991 2196 1017 2256 so
1044 2197 1097 2257 arg

244 2238 370 2298 gewesen
412 2240 467 2300 und
504 2240 574 2300 man
611 2240 691 2300 hätte
722 2240 748 2300 ja
784 2237 870 2297 unter
901 2236 1094 2296 Umständen

248 2282 421 2342 dringende
454 2282 704 2342 Amtsgeshäfte
738 2282 922 2342 vorschützen
965 2280 1101 2340 können.

247 2327 307 2387 Der
330 2327 547 2387 Minister
575 2326 625 2386 für
653 2325 820 2385 Kultus
854 2325 909 2385 und
937 2324 1098 2384 Unter¬

239 2369 344 2429 richt
372 2369 438 2429 Dr.
461 2369 677 2429 Czermak
706 2369 877 2429 allerdings
911 2369 993 2429 hätte
1022 2368 1093 2428 per¬

239 2413 344 2473 sönlich
378 2414 550 2474 erscheinen
606 2414 744 2474 müssen.
790 2412 834 2472 Er
862 2413 911 2473 dat
940 2411 967 2471 es
1001 2411 1101 2471 nicht,

244 2458 363 2518 sondern
394 2456 503 2516 schickte
529 2455 617 2515 einen
644 2455 908 2515 Untergebenen.
929 2455 1007 2515 Auch
1033 2455 1095 2515 Di¬

238 2500 335 2560 rektor
367 2501 433 2561 Dr.
455 2500 573 2560 Beer
599 2500 655 2560 vom
703 2500 867 2560 Deutschen
904 2497 1095 2557 Volksthea¬

236 2545 280 2605 ter
314 2545 396 2605 hatte
430 2544 680 2604 seltsamerweise
714 2542 825 2602 gerade
859 2542 886 2602 zu
926 2542 975 2602 der
1009 2543 1097 2603 Zeit,

235 2589 269 2649 da
310 2588 361 2648 der
396 2587 522 2647 Dichter
563 2587 745 2647 „Anatols“
781 2587 932 2647 begraben
973 2584 1099 2644 wurde,

233 2632 297 2692 eine
344 2632 524 2692 dringend:
548 2632 652 2692 Probe
705 2630 734 2690 im
775 2632 938 2692 Deutschen
973 2630 1089 2690 Volks¬

234 2674 380 2734 theater.

284 2718 353 2778 Man
395 2718 505 2778 könnte
535 2716 686 2776 übrigens
722 2715 768 2775 die
798 2715 985 2775 Absenzliste
1020 2717 1084 2777 noch

236 2762 341 2822 weiter
374 2761 548 2821 fortsetzen.
596 2761 680 2821 Aber
718 2760 791 2820 diese
824 2763 961 2823 wenigen
1004 2760 1088 2820 Fest¬

233 2808 396 2868 stellungen
436 2805 560 2865 dürften
594 2805 757 2865 genügen.

267 2924 348 2984 Die
395 2921 669 2981 Sanierung
715 2918 788 2978 der

426 2998 558 3058 Bank
594 2996 912 3056 Marmorosch

518 3076 669 3136 Blank
689 3076 708 3136 &
747 3076 813 3136 Co.
833 3074 1089 3134 mißglückt.

314 3142 383 3202 Vor
413 3144 465 3204 der
489 3142 670 3202 Gröffnung
705 3142 752 3202 des
782 3141 1003 3201 Ausgleiches.

644 3202 812 3262 Bukarest,
830 3202 881 3262 23.
899 3202 1050 3262 Oktober.

270 3264 417 3324 Obwohl
437 3264 485 3324 die
511 3264 850 3324 Nachmittagsblätter
883 3264 949 3324 noch
975 3264 1092 3324 keiner¬

227 3318 271 3378 lei
300 3321 498 3381 Meldungen
534 3318 669 3378 darüber
698 3318 851 3378 bringen,
880 3318 913 3378 ist
942 3318 987 3378 als
1022 3315 1089 3375 fest¬

227 3375 338 3435 stehend
366 3375 555 3435 anzusehen,
573 3373 628 3433 daß
656 3372 700 3432 die
723 3372 1001 3432 Stützungsaktion
1036 3370 1085 3430 für

229 3429 271 3489 die
298 3428 387 3488 Bank
415 3426 648 3486 Marmorosch,
669 3424 775 3484 Blank
797 3424 807 3484 &
845 3426 908 3486 Co.
924 3426 1077 3486 keinen

222 3484 387 3544 Ersolg
426 3482 520 3542 haben
560 3479 637 3539 wird
682 3477 742 3537 und
776 3477 831 3537 daß
865 3479 909 3539 die
943 3476 1086 3536 Schalter

224 3536 272 3596 der
306 3536 398 3596 Bank
425 3535 496 3595 auch
529 3533 566 3593 am
611 3532 768 3592 Dienstag
801 3530 975 3590 geschlossen
1008 3530 1089 3590 blei¬

220 3588 299 3648 ben.
337 3588 406 3648 Die
433 3587 550 3647 Lösung
583 3587 657 3647 kann
701 3586 764 3646 nur
802 3587 887 3647 mehr
930 3585 956 3645 in
989 3584 1073 3644 Form

226 3644 307 3704 eineg
368 3642 672 3702 Ausgleiches
733 3638 885 3698 gefunden
951 3636 1070 3696 werder

223 3697 316 3757 dessen
350 3694 577 3754 Bedingungen
633 3692 694 3752 mit
717 3692 799 3752 Hilfe
851 3690 900 3750 des
945 3691 1083 3751 Staates

230 3749 284 3809 und
313 3748 362 3808 der
390 3748 634 3808 Nationalbank
662 3745 817 3805 möglichst
862 3748 984 3808 günstig
1034 3744 1084 3804 ge¬

226 3800 326 3860 staltet
349 3802 471 3862 werden
505 3800 615 3860 sollen.

268 3852 360 3912 Diese
383 3853 551 3913 Wendung
580 3855 609 3915 in
662 3852 713 3912 den
749 3850 1085 3910 Stützungsverhand¬

220 3908 332 3968 lungen
362 3908 397 3968 ist
415 3906 533 3966 infolge
557 3905 609 3965 der
628 3906 769 3966 Haltung
799 3906 846 3966 des
870 3903 1070 3963 Präsidenten

226 3960 275 4020 der
308 3958 553 4018 Nationalbank
586 3957 891 4017 Manoilesen
930 3957 1087 4017 eingetre¬

221 4013 292 4073 ten,
314 4014 363 4074 der
392 4014 457 4074 eine
486 4012 656 4072 neuerliche
684 4011 860 4071 finanzielle
889 4011 971 4071 Hilfe
999 4011 1081 4071 nicht

225 4068 309 4128 mehr
337 4067 569 4127 verantworten
601 4066 632 4126 zu
680 4067 802 4127 können
855 4065 966 4125 glaubt
1019 4065 1077 4125 und

223 4121 295 4181 seine
346 4121 615 4181 Demission
678 4118 795 4178 andot.
863 4118 969 4178 Staat
1026 4118 1081 4178 und

225 4173 464 4233 Natonalbank
485 4172 585 4232 hatten
618 4172 724 4232 bisher
751 4171 797 4231 der
819 4169 909 4229 Bank
931 4172 1084 4232 Marmo¬

1406 309 1536 369 box
1614 306 1852 366 43/25

1483 954 1672 1014 Sonntag,
1695 950 1752 1010 25.
1781 948 1930 1008 Oktober

1462 1181 1556 1241 Vie
1590 1182 1845 1242 geguchte

1415 1923 1490 1983 VII.
1511 1921 1718 1981 Kaiserstraße
1744 1921 1794 1981 123

1912 1924 2221 1984 lavle.

1477 1966 1537 2026 IX.
1557 1963 1751 2023 Alserstraße
1772 1958 1786 2018 6

1510 2106 1577 2166 Wo
1623 2106 1736 2166 war
1783 2104 2010 2164 gestern
2057 2100 2204 2160 Herr

1733 2202 1976 2262 Miklas?

1473 2264 1705 2324 Jedenfalls
1741 2262 1831 2322 nicht
1876 2262 1916 2322 am
1990 2261 2103 2321 Grabe
2155 2257 2291 2317 Arthur

1419 2315 1640 2375 Schnitzlers.
1690 2312 1785 2372 Kann
1824 2311 1912 2371 sein,
1941 2309 1990 2369 bei
2024 2309 2112 2369 einem
2163 2307 2290 2367 Feuer¬

1419 2362 1704 2422 wehrjubiläum,
1753 2359 1810 2419 bei
1859 2360 1953 2420 einer
2028 2356 2287 2416 Mastviehaus-

1420 2413 1558 2473 stellung
1590 2411 1672 2471 oder
1704 2410 1765 2470 gar
1812 2408 1869 2468 bei
1921 2409 2008 2469 einem
2081 2406 2292 2466 Heeresbest¬

1423 2461 1580 2521 schießen.
1629 2458 1824 2518 Natürlich,
1852 2458 1896 2518 ein
1934 2455 2167 2515 Landesvater
2201 2449 2287 2509 hat's

1422 2510 1508 2570 nicht
1530 2509 1644 2569 leicht,
1666 2507 1698 2567 er
1727 2507 1802 2567 kann
1857 2506 1911 2566 sich
1960 2506 2047 2566 seine
2096 2503 2291 2563 Tagesein¬

1421 2560 1550 2620 teilung
1583 2557 1783 2617 bekanntlich
1838 2554 1924 2614 nicht
1974 2554 2179 2614 aussuchen.
2223 2550 2288 2610 Die

1425 2608 1487 2668 alte
1510 2607 1686 2667 berühmte
1716 2605 1914 2665 Höflichkeit
1938 2602 1989 2662 der
2018 2602 2148 2662 Könige
2177 2602 2217 2662 ist
2240 2599 2279 2659 ein

1427 2655 1538 2715 saures
1570 2655 1670 2715 Amt,
1697 2654 1729 2714 zu
1766 2652 1819 2712 dem
1873 2652 1941 2712 noch
1979 2650 2058 2710 dazu
2096 2650 2191 2710 frohe
2223 2648 2286 2708 und

1435 2705 1564 2765 festliche
1598 2703 1710 2763 Miene
1744 2700 1889 2760 gemacht
1917 2700 2046 2760 werden
2084 2700 2176 2760 muß.
2203 2697 2295 2757 Viel¬

1422 2755 1514 2815 leicht
1547 2752 1662 2812 wußte
1712 2750 1771 2810 der
1827 2750 1914 2810 Herr
1969 2748 2297 2808 Bundespräsident

1434 2803 1590 2863 übrigens
1620 2802 1683 2862 gar
1707 2801 1805 2861 nicht,
1829 2799 1881 2859 daß
1911 2799 2131 2859 Oesterreichs
2161 2796 2294 2856 größter

1431 2852 1561 2912 Dichter
1590 2849 1754 2909 gestorben
1794 2848 1845 2908 ist,
1868 2846 1907 2906 ich
1942 2846 2021 2906 bitt'
2038 2846 2123 2906 Sie,
2146 2843 2299 2903 Wichtig¬

1428 2900 1503 2960 keit,
1525 2900 1552 2960 in
1591 2899 1698 2959 diesen
1738 2896 1954 2956 aufgeregten
2014 2894 2155 2954 Zeiten.
2204 2891 2296 2951 Aber

1433 2948 1608 3008 schließlich
1643 2947 1716 3007 gibt
1745 2945 1773 3005 es
1808 2945 1909 3005 sogar
1961 2942 1988 3002 in
2029 2942 2085 3002 der
2131 2939 2301 2999 Republik

1433 2997 1498 3057 und
1531 2998 1558 3058 in
1603 2996 1706 3056 dieser
1740 2992 1799 3052 erst
1827 2994 1914 3054 recht
1942 2991 2012 3051 noch
2051 2990 2302 3050 Sektionschefs

1430 3047 1491 3107 und
1554 3044 1834 3104 Präsidialisten,
1907 3041 2005 3101 deren
2088 3038 2300 3098 verdammte

1439 3094 1560 3154 Pflicht
1583 3094 1648 3154 und
1682 3091 1914 3151 Schuldigkeit
1937 3088 1969 3148 es
2003 3085 2053 3145 ist,
2075 3085 2130 3145 ihr
2153 3087 2302 3147 Staats¬

1435 3142 1624 3202 oberhaupt
1657 3138 1720 3198 mit
1747 3139 1973 3199 entsprechend
2011 3136 2147 3196 devotem
2201 3136 2300 3196 Nach¬

1437 3196 1529 3256 druck
1556 3188 1763 3248 aufmerksam
1810 3189 1840 3249 zu
1882 3187 2032 3247 machen.

1524 3240 1624 3300 Herrn
1672 3238 1799 3298 Miklas
1842 3237 1899 3297 hat
1938 3235 2096 3295 niemand
2139 3234 2308 3294 aufmerk¬

1442 3293 1489 3353 sam
1537 3289 1701 3349 gemacht.
1744 3286 1829 3346 Auch
1866 3285 1951 3345 seine
1983 3284 2126 3344 Ministe
2195 3280 2312 3340 unter¬

1439 3339 1538 3399 ließen
1577 3337 1683 3397 diesen
1722 3336 1856 3396 lästigen
1895 3332 2218 3392 Friedhofsbesuch,
2246 3329 2306 3389 nur

1438 3386 1489 3446 der
1542 3386 1713 3446 erkrankte
1761 3384 2037 3444 Bürgermeister
2090 3379 2152 3439 der
2200 3378 2314 3438 Stadt

1443 3433 1530 3493 Wien
1572 3434 1629 3494 hat
1660 3434 1706 3494 sich
1744 3432 1909 3492 vertreten
1951 3429 2049 3489 lassen
2091 3429 2152 3489 und
2189 3426 2313 3486 außer¬

1443 3482 1489 3542 dem
1562 3481 1629 3541 nur
1682 3479 1759 3539 noch
1817 3479 1873 3539 der
1926 3474 2314 3534 Unterrichtsminister.

1447 3533 1528 3593 Auch
1561 3530 1663 3590 dieser
1690 3529 1776 3589 hielt
1798 3525 1830 3585 es
1863 3524 2025 3584 offenbar
2052 3526 2106 3586 für
2133 3524 2306 3584 taktvoller

1447 3582 1506 3642 und
1542 3577 1733 3637 vermutlich
1789 3576 1864 3636 auch
1920 3572 2206 3632 diplomatischer,
2252 3572 2287 3632 am

1443 3626 1556 3686 Grabe
1583 3626 1639 3686 des
1672 3626 1848 3686 Mannes,
1885 3623 1942 3683 der
1968 3623 1999 3683 in
2051 3622 2160 3682 seinem
2208 3621 2311 3681 „Pro¬

1451 3673 1546 3733 fessor
1597 3672 1819 3732 Bernhardi“
1875 3667 1936 3727 dem
2027 3667 2305 3727 ultramontanen

2241 3714 2296 3774 den

1831 3712 2150 3772 Unterrichtswesen

1446 3720 1744 3780 österreichischen

1451 3772 1629 3832 satirischen
1667 3768 1861 3828 Genickfang
1900 3765 2040 3825 gegeben
2078 3763 2186 3823 hatte,
2208 3760 2310 3820 lieber

2247 3807 2308 3867 Als

1445 3820 1535 3880 durch
1615 3814 1860 3874 Abwesenheit
1914 3814 1946 3874 zu
2010 3811 2175 3871 glänzen.

1447 3868 1654 3928 routinierte
1703 3864 1948 3924 Oesterreicher
1997 3862 2098 3922 hegen
2157 3859 2226 3919 wir
2274 3856 2316 3916 da

1447 3918 1584 3978 nämlich
1627 3915 1716 3975 einen
1780 3915 1870 3975 ganz
1923 3909 2071 3969 kleinen,
2125 3907 2304 3967 unschönen

1457 3965 1638 4025 Verdacht:
1661 3963 1693 4023 es
1733 3962 1816 4022 wird
1849 3960 1932 4020 schon
1971 3959 2031 4019 kein
2071 3957 2203 4017 Zufall,
2226 3954 2314 4014 keine

1451 4015 1734 4075 Vergeßlichkeit,
1785 4011 1874 4071 keine
1913 4008 2203 4068 Verschlampung
2265 4004 2320 4064 ge¬

1450 4065 1548 4125 wesen
1586 4063 1673 4123 sein.
1717 4060 1928 4120 Namentlich
1962 4058 2048 4118 Herr
2081 4056 2227 4116 Miklas,
2255 4053 2309 4113 das

1453 4115 1526 4175 muß
1560 4112 1611 4172 ihm
1663 4111 1759 4171 selbst
1788 4109 1844 4169 der
1896 4106 2145 4166 Parteigegner
2196 4101 2321 4161 lassen,

1454 4162 1526 4222 kann
1563 4160 1594 4220 ja
1626 4160 1699 4220 auch
1731 4157 1876 4217 anders.
1924 4155 1970 4215 Er
2018 4154 2080 4214 hat
2107 4154 2142 4214 am
2205 4152 2325 4212 Sarge

2196 4208 2310 4268 atthig.

1470 4211 1525 4271 n
1615 4210 1792 4270 mallhen
1834 4203 1979 4263 Mnnn

3119 860 3255 920 Miene

2815 972 3241 1032 Allgemeine

2304 1061 2497 1121 Schönherr
2520 1058 2628 1118 selbst,
2651 1058 2707 1118 daß
2737 1058 2781 1118 ihm
2827 1055 2883 1115 der
2907 1052 3173 1112 Glaubensmut

2306 1112 2409 1172 seines
2436 1106 2768 1166 „Sonnwendtag",
2802 1106 2861 1166 daß
2911 1103 2964 1163 ihm
3030 1102 3084 1162 die
3107 1099 3171 1159 Ge¬

2306 1157 2496 1217 sinnungs=
2527 1157 2589 1217 und
2620 1155 2966 1215 Gedankenreinheit,
2992 1151 3048 1211 der
3075 1151 3110 1211 er
3136 1147 3162 1207 in

2310 1207 2466 1267 „Glaube
2493 1205 2553 1265 und
2586 1203 2737 1263 Heimat“
2770 1201 2797 1261 so
2824 1201 2970 1261 aufrecht
2998 1198 3170 1258 gehuldigt

2305 1255 2380 1315 hat,
2421 1254 2572 1314 niemals
2623 1251 2795 1311 verziehen
2846 1249 2977 1309 werden
3033 1246 3174 1306 können.

2313 1304 2389 1364 Auch
2422 1304 2551 1364 Arthur
2585 1301 2764 1361 Schnitzler
2797 1297 2867 1357 war
2901 1298 2927 1358 in
2966 1297 3068 1357 diesen
3107 1294 3177 1354 hei¬

2311 1351 2443 1411 mischen
2477 1350 2698 1410 „Belangen“
2731 1347 2776 1407 ein
2810 1343 3053 1403 stillächelnder
3081 1342 3180 1402 Viel¬

2313 1400 2441 1460 wisser.
2488 1400 2570 1460 Man
2607 1399 2679 1459 kann
2715 1396 2772 1456 es,
2793 1396 2886 1456 wenn
2922 1393 2994 1453 man
3031 1393 3118 1453 will,
3139 1390 3170 1450 in

2313 1449 2370 1509 den
2435 1446 2636 1506 mörderisch
2700 1440 2880 1500 irnischen
2950 1440 3182 1500 Ministerial¬

2316 1500 2420 1560 szenen
2454 1497 2559 1557 seines
2593 1493 2792 1553 „Professor
2814 1488 3031 1548 Bernhardi“
3059 1486 3180 1546 studie¬

2314 1546 2389 1606 ren,
2412 1545 2525 1605 warum
2570 1542 2667 1602 solche
2695 1539 2879 1599 offiziellen
2912 1536 3183 1596 Gräberbesuche

2315 1593 2571 1653 unterbleiben,
2597 1591 2707 1651 warum
2758 1589 2797 1649 sie
2828 1587 3054 1647 unterbleiben
3095 1584 3180 1644 müs¬

2322 1644 2390 1704 sen.
2406 1642 2532 1702 Arthur
2554 1639 2754 1699 Schnitzlers
2782 1636 2887 1696 teurer
2914 1634 3061 1694 Schatten
3093 1631 3172 1691 wird

2320 1691 2402 1751 nicht
2428 1689 2666 1749 verwundert,
2688 1687 2719 1747 ja
2750 1684 2936 1744 vermutlich
2973 1682 3071 1742 sogar
3098 1679 3185 1739 ohne

2316 1739 2387 1799 alle
2426 1740 2525 1800 falsch
2570 1735 2790 1795 angebrachte
2818 1733 3044 1793 Melancholie
3089 1727 3183 1787 leicht

2319 1788 2474 1848 belustigt
2502 1787 2590 1847 sein.
2629 1785 2679 1845 In
2729 1782 2790 1842 den
2824 1781 2978 1841 Gefilden
3034 1778 3094 1838 der
3123 1772 3183 1832 Er¬

2323 1837 2487 1897 innerung
2516 1835 2581 1895 und
2604 1829 2659 1889 der
2682 1829 2863 1889 Ewigkeit,
2875 1829 2902 1889 in
2936 1828 2985 1888 die
3008 1825 3068 1885 sein
3096 1822 3189 1882 Geist

2324 1888 2396 1948 jetzt
2425 1885 2651 1945 eingegangen
2686 1881 2736 1941 ist,
2782 1878 2855 1938 kann
2895 1876 2973 1936 diese
3008 1873 3188 1933 kopfscheue

2332 1935 2441 1995 Flucht
2470 1934 2530 1994 vor
2563 1931 2651 1991 einem
2696 1927 2911 1987 Dichtergrab
2945 1924 2994 1984 sich
3028 1924 3093 1984 nur
3122 1921 3182 1981 wie

2326 1983 2396 2043 eine
2418 1981 2650 2041 unerhebliche
2672 1976 2775 2036 Posse
2819 1972 3051 2032 ausnehmen.
3100 1968 3186 2028 Eine

2333 2031 2431 2091 Posse
2454 2031 2599 2091 freilich,
2635 2027 2663 2087 so
2693 2025 2808 2085 bitter,
2826 2022 2854 2082 so
2884 2019 3093 2079 beschämend
3122 2018 3185 2078 und

2325 2081 2381 2141 von
2416 2082 2490 2142 solch
2519 2078 2639 2138 grober
2662 2072 2908 2132 parodistischer
2932 2067 3114 2127 Wirkung,
3132 2067 3188 2127 daß

2332 2132 2366 2192 sie
2407 2127 2459 2187 ein
2506 2129 2540 2189 so
2581 2125 2697 2185 zarter
2738 2121 2905 2181 Ironiker
2952 2118 3015 2178 wie
3057 2115 3189 2175 Arthur

2329 2175 2509 2235 Schnitzler
2539 2175 2589 2235 nie
2613 2172 2811 2232 geschrieben
2846 2168 2947 2228 hätte.

2419 2225 2521 2285 Trotz
2543 2222 2624 2282 allem
2668 2220 2759 2280 wäre
2787 2217 2819 2277 es
2846 2217 2911 2277 nun
2965 2215 3040 2275 doch
3090 2211 3197 2271 inter¬

2339 2276 2442 2336 essant
2472 2273 2500 2333 zu
2542 2270 2675 2330 wissen,
2698 2269 2774 2329 was
2809 2264 2889 2324 Herr
2925 2264 3075 2324 Miklas,
3099 2262 3197 2322 unser

2334 2322 2583 2382 Landesvater,
2600 2319 2725 2379 gestern
2775 2315 2987 2375 wichtigeres
3042 2312 3073 2372 zu
3134 2308 3187 2368 tun

2338 2373 2445 2433 hatte,
2468 2371 2699 2431 wichtigeres,
2728 2366 2778 2426 als
2835 2363 2965 2423 Arthur
2999 2358 3202 2418 Schnitzler,

2338 2420 2391 2480 dem
2435 2420 2543 2480 letzten
2576 2418 2695 2478 großen
2728 2414 2857 2474 Dichter
2907 2411 2972 2471 und
3026 2408 3194 2468 Träumer

2344 2470 2575 2530 Oesterreichs,
2599 2465 2669 2525 jene
2700 2462 2788 2522 letzte
2818 2456 2907 2516 Ehre
2937 2459 2966 2519 zu
3026 2455 3203 2515 erweisen,

2334 2518 2385 2578 die
2414 2518 2447 2578 er
2483 2516 2579 2576 unter
2614 2512 2797 2572 gegebenen
2837 2506 3036 2566 Umständen
3078 2505 3179 2565 keinem

2338 2567 2453 2627 braven
2533 2562 2881 2622 Veteranenobmann
2982 2557 3187 2617 verweigern

2343 2617 2475 2677 würde.
2493 2613 2557 2673 Die
2580 2611 2759 2671 Umstände
2783 2608 2921 2668 scheinen
2956 2605 3037 2665 uns,
3055 2602 3193 2662 scheinen

2343 2666 2398 2726 der
2427 2663 2551 2723 ganzen
2585 2657 2811 2717 Kulturwelt,
2834 2655 2986 2715 diesnal
3032 2650 3195 2710 durchaus

2343 2714 2506 2774 gegeben.
2530 2709 2576 2769 Es
2606 2709 2681 2769 gibt
2711 2706 2798 2766 keine
2828 2703 2985 2763 Ausrede
3015 2703 3072 2763 für
3103 2698 3201 2758 dieses

2353 2760 2589 2820 Fernbleiben,
2612 2757 2699 2817 keine
2728 2757 2799 2817 noch
2849 2754 2881 2814 so
2932 2750 3085 2810 amtliche
3136 2748 3201 2808 Ab¬

2347 2814 2505 2874 haltung,
2522 2811 2607 2871 keine
2636 2807 2709 2867 noch
2738 2805 2765 2865 so
2817 2804 2981 2864 feierliche
3027 2800 3201 2860 Dienstes¬
