<?xml version="1.0" encoding="UTF-8" standalone="yes"?>
<PcGts xmlns="http://schema.primaresearch.org/PAGE/gts/pagecontent/2013-07-15" xmlns:xsi="http://www.w3.org/2001/XMLSchema-instance" xsi:schemaLocation="http://schema.primaresearch.org/PAGE/gts/pagecontent/2013-07-15 http://schema.primaresearch.org/PAGE/gts/pagecontent/2013-07-15/pagecontent.xsd">
    <Metadata>
        <Creator>prov=READ-COOP:name=PyLaia@TranskribusPlatform:version=2.12.1:model_id=39995:lm=none:date=09_04_2024_22:52</Creator>
        <Created>2019-10-07T20:40:09.283+02:00</Created>
        <LastChange>2024-04-09T22:52:06.232+02:00</LastChange>
        <TranskribusMetadata docId="224459" pageId="9583633" pageNr="652" tsid="157631012" status="IN_PROGRESS" userId="64420" imgUrl="https://files.transkribus.eu/Get?id=PWEXWRQITIMUYJELZMQQSBDT&amp;fileType=view" xmlUrl="https://files.transkribus.eu/Get?id=ZHJYOZZDFRTFUNLDIIIJZFZK" imageId="6209403"/>
    </Metadata>
    <Page imageFilename="224459_0652.jpeg" imageWidth="3344" imageHeight="4352">
        <ReadingOrder>
            <OrderedGroup id="ro_1712938203980" caption="Regions reading order">
                <RegionRefIndexed index="0" regionRef="tr_1"/>
                <RegionRefIndexed index="1" regionRef="tr_2"/>
            </OrderedGroup>
        </ReadingOrder>
        <TextRegion orientation="0.0" id="tr_1" custom="readingOrder {index:0;}">
            <Coords points="328,362 328,4108 1220,4108 1220,362"/>
            <TextLine id="tr_1_tl_1" custom="readingOrder {index:0;}">
                <Coords points="327,410 444,390 628,419 742,387 1174,422 1185,336 760,310 670,350 486,351 328,307"/>
                <Baseline points="334,388 376,391 419,388 461,388 504,388 546,386 589,385 631,385 674,385 716,385 759,385 802,385 844,384 887,382 929,382 972,382 1014,382 1057,382 1099,382 1142,382 1185,385"/>
                <Word id="tr_1_tl_1_w1" custom="readingOrder {index:0;}">
                    <Coords points="333,350 333,410 407,410 407,350"/>
                    <TextEquiv>
                        <Unicode>Le</Unicode>
                    </TextEquiv>
                </Word>
                <Word id="tr_1_tl_1_w2" custom="readingOrder {index:1;}">
                    <Coords points="442,345 442,405 725,405 725,345"/>
                    <TextEquiv>
                        <Unicode>testament</Unicode>
                    </TextEquiv>
                </Word>
                <Word id="tr_1_tl_1_w3" custom="readingOrder {index:2;}">
                    <Coords points="759,345 759,405 817,405 817,345"/>
                    <TextEquiv>
                        <Unicode>de</Unicode>
                    </TextEquiv>
                </Word>
                <Word id="tr_1_tl_1_w4" custom="readingOrder {index:3;}">
                    <Coords points="851,342 851,402 1151,402 1151,342"/>
                    <TextEquiv>
                        <Unicode>Schnitzler</Unicode>
                    </TextEquiv>
                </Word>
                <TextEquiv>
                    <Unicode>Le testament de Schnitzler</Unicode>
                </TextEquiv>
            </TextLine>
            <TextLine id="tr_1_tl_2" custom="readingOrder {index:1;}">
                <Coords points="366,477 1183,469 1183,418 1135,410 990,441 761,440 691,409 366,436"/>
                <Baseline points="373,465 413,462 454,462 495,462 535,462 576,461 617,459 657,459 698,459 739,459 780,462 820,462 861,460 902,461 942,460 983,459 1024,459 1064,459 1105,459 1146,462 1187,462"/>
                <Word id="tr_1_tl_2_w1" custom="readingOrder {index:0;}">
                    <Coords points="363,422 363,482 480,482 480,422"/>
                    <TextEquiv>
                        <Unicode>Arthur</Unicode>
                    </TextEquiv>
                </Word>
                <Word id="tr_1_tl_2_w2" custom="readingOrder {index:1;}">
                    <Coords points="516,419 516,479 697,479 697,419"/>
                    <TextEquiv>
                        <Unicode>Schnitzler</Unicode>
                    </TextEquiv>
                </Word>
                <Word id="tr_1_tl_2_w3" custom="readingOrder {index:2;}">
                    <Coords points="733,419 733,479 748,479 748,419"/>
                    <TextEquiv>
                        <Unicode>a</Unicode>
                    </TextEquiv>
                </Word>
                <Word id="tr_1_tl_2_w4" custom="readingOrder {index:3;}">
                    <Coords points="787,421 787,481 882,481 882,421"/>
                    <TextEquiv>
                        <Unicode>laissé</Unicode>
                    </TextEquiv>
                </Word>
                <Word id="tr_1_tl_2_w5" custom="readingOrder {index:4;}">
                    <Coords points="921,420 921,480 956,480 956,420"/>
                    <TextEquiv>
                        <Unicode>un</Unicode>
                    </TextEquiv>
                </Word>
                <Word id="tr_1_tl_2_w6" custom="readingOrder {index:5;}">
                    <Coords points="1000,419 1000,479 1172,479 1172,419"/>
                    <TextEquiv>
                        <Unicode>testament</Unicode>
                    </TextEquiv>
                </Word>
                <TextEquiv>
                    <Unicode>Arthur Schnitzler a laissé un testament</Unicode>
                </TextEquiv>
            </TextLine>
            <TextLine id="tr_1_tl_3" custom="readingOrder {index:2;}">
                <Coords points="320,519 592,504 616,525 753,504 825,516 815,472 470,470 423,492 320,466"/>
                <Baseline points="328,501 353,501 378,501 403,501 428,501 453,501 478,501 503,501 528,501 553,501 578,499 603,498 628,498 653,498 678,498 703,498 728,498 753,498 778,498 803,500 829,501"/>
                <Word id="tr_1_tl_3_w1" custom="readingOrder {index:0;}">
                    <Coords points="321,461 321,521 400,521 400,461"/>
                    <TextEquiv>
                        <Unicode>dont</Unicode>
                    </TextEquiv>
                </Word>
                <Word id="tr_1_tl_3_w2" custom="readingOrder {index:1;}">
                    <Coords points="429,461 429,521 515,521 515,461"/>
                    <TextEquiv>
                        <Unicode>voici</Unicode>
                    </TextEquiv>
                </Word>
                <Word id="tr_1_tl_3_w3" custom="readingOrder {index:2;}">
                    <Coords points="540,461 540,521 563,521 563,461"/>
                    <TextEquiv>
                        <Unicode>la</Unicode>
                    </TextEquiv>
                </Word>
                <Word id="tr_1_tl_3_w4" custom="readingOrder {index:3;}">
                    <Coords points="596,458 596,518 774,518 774,458"/>
                    <TextEquiv>
                        <Unicode>traduction</Unicode>
                    </TextEquiv>
                </Word>
                <Word id="tr_1_tl_3_w5" custom="readingOrder {index:4;}">
                    <Coords points="810,460 810,520 822,520 822,460"/>
                    <TextEquiv>
                        <Unicode>:</Unicode>
                    </TextEquiv>
                </Word>
                <TextEquiv>
                    <Unicode>dont voici la traduction :</Unicode>
                </TextEquiv>
            </TextLine>
            <TextLine id="tr_1_tl_4" custom="readingOrder {index:3;}">
                <Coords points="359,586 781,599 1061,561 1175,595 1156,520 742,549 647,520 445,545 359,519"/>
                <Baseline points="367,573 407,571 448,570 488,570 529,570 570,570 610,570 651,570 691,570 732,570 773,570 813,570 854,568 894,567 935,567 976,567 1016,567 1057,567 1097,567 1138,567 1179,570"/>
                <Word id="tr_1_tl_4_w1" custom="readingOrder {index:0;}">
                    <Coords points="361,530 361,590 576,590 576,530"/>
                    <TextEquiv>
                        <Unicode>Dispositions</Unicode>
                    </TextEquiv>
                </Word>
                <Word id="tr_1_tl_4_w2" custom="readingOrder {index:1;}">
                    <Coords points="611,530 611,590 671,590 671,530"/>
                    <TextEquiv>
                        <Unicode>que</Unicode>
                    </TextEquiv>
                </Word>
                <Word id="tr_1_tl_4_w3" custom="readingOrder {index:2;}">
                    <Coords points="706,530 706,590 731,590 731,530"/>
                    <TextEquiv>
                        <Unicode>je</Unicode>
                    </TextEquiv>
                </Word>
                <Word id="tr_1_tl_4_w4" custom="readingOrder {index:3;}">
                    <Coords points="767,530 767,590 831,590 831,530"/>
                    <TextEquiv>
                        <Unicode>prie</Unicode>
                    </TextEquiv>
                </Word>
                <Word id="tr_1_tl_4_w5" custom="readingOrder {index:4;}">
                    <Coords points="865,527 865,587 1046,587 1046,527"/>
                    <TextEquiv>
                        <Unicode>d'exécuter</Unicode>
                    </TextEquiv>
                </Word>
                <Word id="tr_1_tl_4_w6" custom="readingOrder {index:5;}">
                    <Coords points="1076,527 1076,587 1171,587 1171,527"/>
                    <TextEquiv>
                        <Unicode>après</Unicode>
                    </TextEquiv>
                </Word>
                <TextEquiv>
                    <Unicode>Dispositions que je prie d'exécuter après</Unicode>
                </TextEquiv>
            </TextLine>
            <TextLine id="tr_1_tl_5" custom="readingOrder {index:4;}">
                <Coords points="320,622 350,627 371,615 403,623 450,616 474,626 512,611 533,619 533,583 503,596 465,580 441,590 409,580 360,587 320,582"/>
                <Baseline points="328,608 354,608 380,608 406,608 432,608 458,608 484,608 510,608 537,608"/>
                <Word id="tr_1_tl_5_w1" custom="readingOrder {index:0;}">
                    <Coords points="320,568 320,628 367,628 367,568"/>
                    <TextEquiv>
                        <Unicode>ma</Unicode>
                    </TextEquiv>
                </Word>
                <Word id="tr_1_tl_5_w2" custom="readingOrder {index:1;}">
                    <Coords points="400,568 400,628 487,628 487,568"/>
                    <TextEquiv>
                        <Unicode>mort</Unicode>
                    </TextEquiv>
                </Word>
                <Word id="tr_1_tl_5_w3" custom="readingOrder {index:2;}">
                    <Coords points="517,568 517,628 527,628 527,568"/>
                    <TextEquiv>
                        <Unicode>:</Unicode>
                    </TextEquiv>
                </Word>
                <TextEquiv>
                    <Unicode>ma mort :</Unicode>
                </TextEquiv>
            </TextLine>
            <TextLine id="tr_1_tl_6" custom="readingOrder {index:5;}">
                <Coords points="363,657 468,651 489,663 532,661 549,649 596,662 659,657 659,623 645,616 539,627 512,611 452,627 363,615"/>
                <Baseline points="370,644 396,644 423,644 449,644 476,644 502,644 529,644 555,644 582,644 608,644 635,644 662,647"/>
                <Word id="tr_1_tl_6_w1" custom="readingOrder {index:0;}">
                    <Coords points="360,604 360,664 476,664 476,604"/>
                    <TextEquiv>
                        <Unicode>Percer</Unicode>
                    </TextEquiv>
                </Word>
                <Word id="tr_1_tl_6_w2" custom="readingOrder {index:1;}">
                    <Coords points="500,604 500,664 528,664 528,604"/>
                    <TextEquiv>
                        <Unicode>le</Unicode>
                    </TextEquiv>
                </Word>
                <Word id="tr_1_tl_6_w3" custom="readingOrder {index:2;}">
                    <Coords points="556,604 556,664 656,664 656,604"/>
                    <TextEquiv>
                        <Unicode>cœur.</Unicode>
                    </TextEquiv>
                </Word>
                <TextEquiv>
                    <Unicode>Percer le cœur.</Unicode>
                </TextEquiv>
            </TextLine>
            <TextLine id="tr_1_tl_7" custom="readingOrder {index:6;}">
                <Coords points="366,693 427,702 501,686 545,699 560,689 632,702 701,693 701,661 683,657 564,661 549,649 489,665 472,653 366,655"/>
                <Baseline points="373,686 398,684 423,683 449,683 474,683 500,683 525,683 551,683 576,683 602,683 627,683 653,684 678,685 704,689"/>
                <Word id="tr_1_tl_7_w1" custom="readingOrder {index:0;}">
                    <Coords points="363,644 363,704 422,704 422,644"/>
                    <TextEquiv>
                        <Unicode>Pas</Unicode>
                    </TextEquiv>
                </Word>
                <Word id="tr_1_tl_7_w2" custom="readingOrder {index:1;}">
                    <Coords points="449,643 449,703 482,703 482,643"/>
                    <TextEquiv>
                        <Unicode>de</Unicode>
                    </TextEquiv>
                </Word>
                <Word id="tr_1_tl_7_w3" custom="readingOrder {index:2;}">
                    <Coords points="508,643 508,703 706,703 706,643"/>
                    <TextEquiv>
                        <Unicode>couronnes,</Unicode>
                    </TextEquiv>
                </Word>
                <TextEquiv>
                    <Unicode>Pas de couronnes,</Unicode>
                </TextEquiv>
            </TextLine>
            <TextLine id="tr_1_tl_8" custom="readingOrder {index:7;}">
                <Coords points="363,725 1175,726 1166,690 949,678 454,712 363,693"/>
                <Baseline points="370,722 410,722 450,722 491,722 531,722 572,722 612,722 653,722 693,722 734,722 774,722 814,722 855,722 895,722 936,720 976,719 1017,719 1057,719 1098,719 1138,719 1179,722"/>
                <Word id="tr_1_tl_8_w1" custom="readingOrder {index:0;}">
                    <Coords points="361,682 361,742 421,742 421,682"/>
                    <TextEquiv>
                        <Unicode>Pas</Unicode>
                    </TextEquiv>
                </Word>
                <Word id="tr_1_tl_8_w2" custom="readingOrder {index:1;}">
                    <Coords points="450,682 450,742 485,742 485,682"/>
                    <TextEquiv>
                        <Unicode>de</Unicode>
                    </TextEquiv>
                </Word>
                <Word id="tr_1_tl_8_w3" custom="readingOrder {index:2;}">
                    <Coords points="511,682 511,742 697,742 697,682"/>
                    <TextEquiv>
                        <Unicode>faire-part.</Unicode>
                    </TextEquiv>
                </Word>
                <Word id="tr_1_tl_8_w4" custom="readingOrder {index:3;}">
                    <Coords points="721,682 721,742 794,742 794,682"/>
                    <TextEquiv>
                        <Unicode>Rien</Unicode>
                    </TextEquiv>
                </Word>
                <Word id="tr_1_tl_8_w5" custom="readingOrder {index:4;}">
                    <Coords points="827,682 827,742 903,742 903,682"/>
                    <TextEquiv>
                        <Unicode>dans</Unicode>
                    </TextEquiv>
                </Word>
                <Word id="tr_1_tl_8_w6" custom="readingOrder {index:5;}">
                    <Coords points="933,679 933,739 977,739 977,679"/>
                    <TextEquiv>
                        <Unicode>les</Unicode>
                    </TextEquiv>
                </Word>
                <Word id="tr_1_tl_8_w7" custom="readingOrder {index:6;}">
                    <Coords points="1002,679 1002,739 1175,739 1175,679"/>
                    <TextEquiv>
                        <Unicode>journaux.</Unicode>
                    </TextEquiv>
                </Word>
                <TextEquiv>
                    <Unicode>Pas de faire-part. Rien dans les journaux.</Unicode>
                </TextEquiv>
            </TextLine>
            <TextLine id="tr_1_tl_9" custom="readingOrder {index:8;}">
                <Coords points="363,772 1175,770 1175,732 1146,730 363,730"/>
                <Baseline points="370,761 410,761 450,761 491,761 531,761 572,761 612,761 653,761 693,761 734,761 774,761 814,761 855,761 895,759 936,758 976,759 1017,761 1057,761 1098,760 1138,758 1179,758"/>
                <Word id="tr_1_tl_9_w1" custom="readingOrder {index:0;}">
                    <Coords points="364,721 364,781 591,781 591,721"/>
                    <TextEquiv>
                        <Unicode>Enterrement</Unicode>
                    </TextEquiv>
                </Word>
                <Word id="tr_1_tl_9_w2" custom="readingOrder {index:1;}">
                    <Coords points="623,721 623,781 658,781 658,721"/>
                    <TextEquiv>
                        <Unicode>de</Unicode>
                    </TextEquiv>
                </Word>
                <Word id="tr_1_tl_9_w3" custom="readingOrder {index:2;}">
                    <Coords points="694,721 694,781 839,781 839,721"/>
                    <TextEquiv>
                        <Unicode>dernière</Unicode>
                    </TextEquiv>
                </Word>
                <Word id="tr_1_tl_9_w4" custom="readingOrder {index:3;}">
                    <Coords points="870,718 870,778 988,778 988,718"/>
                    <TextEquiv>
                        <Unicode>classe.</Unicode>
                    </TextEquiv>
                </Word>
                <Word id="tr_1_tl_9_w5" custom="readingOrder {index:4;}">
                    <Coords points="1019,720 1019,780 1172,780 1172,720"/>
                    <TextEquiv>
                        <Unicode>L'argent</Unicode>
                    </TextEquiv>
                </Word>
                <TextEquiv>
                    <Unicode>Enterrement de dernière classe. L'argent</Unicode>
                </TextEquiv>
            </TextLine>
            <TextLine id="tr_1_tl_10" custom="readingOrder {index:9;}">
                <Coords points="330,804 622,828 663,803 844,827 1172,805 1164,765 330,764"/>
                <Baseline points="337,799 381,799 425,798 469,797 513,799 557,799 601,799 646,799 690,799 734,796 778,799 822,796 866,799 911,796 955,796 999,796 1043,796 1087,796 1131,796 1176,796"/>
                <Word id="tr_1_tl_10_w1" custom="readingOrder {index:0;}">
                    <Coords points="327,758 327,818 464,818 464,758"/>
                    <TextEquiv>
                        <Unicode>épargné</Unicode>
                    </TextEquiv>
                </Word>
                <Word id="tr_1_tl_10_w2" custom="readingOrder {index:1;}">
                    <Coords points="492,758 492,818 527,818 527,758"/>
                    <TextEquiv>
                        <Unicode>de</Unicode>
                    </TextEquiv>
                </Word>
                <Word id="tr_1_tl_10_w3" custom="readingOrder {index:2;}">
                    <Coords points="551,759 551,819 629,819 629,759"/>
                    <TextEquiv>
                        <Unicode>cette</Unicode>
                    </TextEquiv>
                </Word>
                <Word id="tr_1_tl_10_w4" custom="readingOrder {index:3;}">
                    <Coords points="660,756 660,816 797,816 797,756"/>
                    <TextEquiv>
                        <Unicode>manière</Unicode>
                    </TextEquiv>
                </Word>
                <Word id="tr_1_tl_10_w5" custom="readingOrder {index:4;}">
                    <Coords points="825,758 825,818 891,818 891,758"/>
                    <TextEquiv>
                        <Unicode>sera</Unicode>
                    </TextEquiv>
                </Word>
                <Word id="tr_1_tl_10_w6" custom="readingOrder {index:5;}">
                    <Coords points="919,756 919,816 1009,816 1009,756"/>
                    <TextEquiv>
                        <Unicode>versé</Unicode>
                    </TextEquiv>
                </Word>
                <Word id="tr_1_tl_10_w7" custom="readingOrder {index:6;}">
                    <Coords points="1033,756 1033,816 1091,816 1091,756"/>
                    <TextEquiv>
                        <Unicode>aux</Unicode>
                    </TextEquiv>
                </Word>
                <Word id="tr_1_tl_10_w8" custom="readingOrder {index:7;}">
                    <Coords points="1119,756 1119,816 1173,816 1173,756"/>
                    <TextEquiv>
                        <Unicode>hô¬</Unicode>
                    </TextEquiv>
                </Word>
                <TextEquiv>
                    <Unicode>épargné de cette manière sera versé aux hô¬</Unicode>
                </TextEquiv>
            </TextLine>
            <TextLine id="tr_1_tl_11" custom="readingOrder {index:10;}">
                <Coords points="328,851 340,856 356,847 363,851 377,844 397,847 406,843 418,844 430,854 449,852 452,813 431,817 402,811 385,816 373,805 358,813 331,805"/>
                <Baseline points="337,844 366,838 395,836 424,836 453,838"/>
                <Word id="tr_1_tl_11_w1" custom="readingOrder {index:0;}">
                    <Coords points="326,796 326,856 439,856 439,796"/>
                    <TextEquiv>
                        <Unicode>pitaux</Unicode>
                    </TextEquiv>
                </Word>
                <TextEquiv>
                    <Unicode>pitaux</Unicode>
                </TextEquiv>
            </TextLine>
            <TextLine id="tr_1_tl_12" custom="readingOrder {index:11;}">
                <Coords points="366,879 540,880 551,891 677,880 677,823 614,850 513,833 421,855 405,844 366,847"/>
                <Baseline points="373,871 398,873 424,874 449,874 475,874 500,874 526,874 552,874 577,872 603,871 628,871 654,872 680,874"/>
                <Word id="tr_1_tl_12_w1" custom="readingOrder {index:0;}">
                    <Coords points="363,832 363,892 426,892 426,832"/>
                    <TextEquiv>
                        <Unicode>Pas</Unicode>
                    </TextEquiv>
                </Word>
                <Word id="tr_1_tl_12_w2" custom="readingOrder {index:1;}">
                    <Coords points="454,834 454,894 489,894 489,834"/>
                    <TextEquiv>
                        <Unicode>de</Unicode>
                    </TextEquiv>
                </Word>
                <Word id="tr_1_tl_12_w3" custom="readingOrder {index:2;}">
                    <Coords points="517,831 517,891 682,891 682,831"/>
                    <TextEquiv>
                        <Unicode>discours.</Unicode>
                    </TextEquiv>
                </Word>
                <TextEquiv>
                    <Unicode>Pas de discours.</Unicode>
                </TextEquiv>
            </TextLine>
            <TextLine id="tr_1_tl_13" custom="readingOrder {index:12;}">
                <Coords points="363,921 1175,930 1154,856 988,891 363,882"/>
                <Baseline points="370,913 410,913 450,913 491,913 531,913 572,912 612,910 653,911 693,913 734,913 774,910 814,910 855,912 895,911 936,910 976,911 1017,911 1057,908 1098,910 1138,910 1179,907"/>
                <Word id="tr_1_tl_13_w1" custom="readingOrder {index:0;}">
                    <Coords points="361,873 361,933 425,933 425,873"/>
                    <TextEquiv>
                        <Unicode>Pas</Unicode>
                    </TextEquiv>
                </Word>
                <Word id="tr_1_tl_13_w2" custom="readingOrder {index:1;}">
                    <Coords points="458,873 458,933 494,933 494,873"/>
                    <TextEquiv>
                        <Unicode>de</Unicode>
                    </TextEquiv>
                </Word>
                <Word id="tr_1_tl_13_w3" custom="readingOrder {index:2;}">
                    <Coords points="531,871 531,931 790,931 790,871"/>
                    <TextEquiv>
                        <Unicode>manifestations</Unicode>
                    </TextEquiv>
                </Word>
                <Word id="tr_1_tl_13_w4" custom="readingOrder {index:3;}">
                    <Coords points="823,870 823,930 969,930 969,870"/>
                    <TextEquiv>
                        <Unicode>rituelles</Unicode>
                    </TextEquiv>
                </Word>
                <Word id="tr_1_tl_13_w5" custom="readingOrder {index:4;}">
                    <Coords points="1010,869 1010,929 1179,929 1179,869"/>
                    <TextEquiv>
                        <Unicode>(spéciale¬</Unicode>
                    </TextEquiv>
                </Word>
                <TextEquiv>
                    <Unicode>Pas de manifestations rituelles (spéciale¬</Unicode>
                </TextEquiv>
            </TextLine>
            <TextLine id="tr_1_tl_14" custom="readingOrder {index:13;}">
                <Coords points="320,967 433,954 691,965 691,921 677,917 497,931 452,914 426,926 320,921"/>
                <Baseline points="328,952 354,950 380,949 406,949 432,949 459,949 485,949 511,949 537,949 563,949 590,949 616,949 642,949 668,951 695,952"/>
                <Word id="tr_1_tl_14_w1" custom="readingOrder {index:0;}">
                    <Coords points="322,909 322,969 410,969 410,909"/>
                    <TextEquiv>
                        <Unicode>ment</Unicode>
                    </TextEquiv>
                </Word>
                <Word id="tr_1_tl_14_w2" custom="readingOrder {index:1;}">
                    <Coords points="434,909 434,969 482,969 482,909"/>
                    <TextEquiv>
                        <Unicode>les</Unicode>
                    </TextEquiv>
                </Word>
                <Word id="tr_1_tl_14_w3" custom="readingOrder {index:2;}">
                    <Coords points="511,909 511,969 695,969 695,909"/>
                    <TextEquiv>
                        <Unicode>veilleurs).</Unicode>
                    </TextEquiv>
                </Word>
                <TextEquiv>
                    <Unicode>ment les veilleurs).</Unicode>
                </TextEquiv>
            </TextLine>
            <TextLine id="tr_1_tl_15" custom="readingOrder {index:14;}">
                <Coords points="363,998 1182,1013 1182,963 1106,942 363,962"/>
                <Baseline points="370,985 410,988 451,988 492,988 533,988 573,988 614,988 655,988 696,988 736,988 777,988 818,988 859,988 899,988 940,988 981,988 1022,988 1062,988 1103,988 1144,988 1185,985"/>
                <Word id="tr_1_tl_15_w1" custom="readingOrder {index:0;}">
                    <Coords points="361,946 361,1006 425,1006 425,946"/>
                    <TextEquiv>
                        <Unicode>Pas</Unicode>
                    </TextEquiv>
                </Word>
                <Word id="tr_1_tl_15_w2" custom="readingOrder {index:1;}">
                    <Coords points="458,948 458,1008 490,1008 490,948"/>
                    <TextEquiv>
                        <Unicode>de</Unicode>
                    </TextEquiv>
                </Word>
                <Word id="tr_1_tl_15_w3" custom="readingOrder {index:2;}">
                    <Coords points="523,948 523,1008 611,1008 611,948"/>
                    <TextEquiv>
                        <Unicode>deuil</Unicode>
                    </TextEquiv>
                </Word>
                <Word id="tr_1_tl_15_w4" custom="readingOrder {index:3;}">
                    <Coords points="640,948 640,1008 729,1008 729,948"/>
                    <TextEquiv>
                        <Unicode>après</Unicode>
                    </TextEquiv>
                </Word>
                <Word id="tr_1_tl_15_w5" custom="readingOrder {index:4;}">
                    <Coords points="762,948 762,1008 810,1008 810,948"/>
                    <TextEquiv>
                        <Unicode>ma</Unicode>
                    </TextEquiv>
                </Word>
                <Word id="tr_1_tl_15_w6" custom="readingOrder {index:5;}">
                    <Coords points="847,948 847,1008 944,1008 944,948"/>
                    <TextEquiv>
                        <Unicode>mort,</Unicode>
                    </TextEquiv>
                </Word>
                <Word id="tr_1_tl_15_w7" custom="readingOrder {index:6;}">
                    <Coords points="973,948 973,1008 1179,1008 1179,948"/>
                    <TextEquiv>
                        <Unicode>absolument</Unicode>
                    </TextEquiv>
                </Word>
                <TextEquiv>
                    <Unicode>Pas de deuil après ma mort, absolument</Unicode>
                </TextEquiv>
            </TextLine>
            <TextLine id="tr_1_tl_16" custom="readingOrder {index:15;}">
                <Coords points="324,1040 339,1034 358,1038 374,1033 398,1044 413,1040 436,1043 445,1034 458,1032 458,1010 445,1012 430,1001 406,1005 394,998 379,1005 370,998 366,1004 351,1000 323,1006"/>
                <Baseline points="331,1026 357,1024 383,1023 409,1025 435,1027 462,1029"/>
                <Word id="tr_1_tl_16_w1" custom="readingOrder {index:0;}">
                    <Coords points="323,983 323,1043 456,1043 456,983"/>
                    <TextEquiv>
                        <Unicode>aucun.</Unicode>
                    </TextEquiv>
                </Word>
                <TextEquiv>
                    <Unicode>aucun.</Unicode>
                </TextEquiv>
            </TextLine>
            <TextLine id="tr_1_tl_17" custom="readingOrder {index:16;}">
                <Coords points="785,1072 894,1080 923,1069 966,1089 990,1080 1022,1091 1067,1068 1108,1083 1148,1071 1148,1048 1047,1013 1030,1026 997,1013 955,1033 913,1028 890,1009 840,1028 785,1028"/>
                <Baseline points="793,1062 818,1064 844,1065 869,1063 895,1062 921,1062 946,1062 972,1062 998,1064 1023,1065 1049,1063 1075,1063 1100,1065 1126,1065 1152,1065"/>
                <Word id="tr_1_tl_17_w1" custom="readingOrder {index:0;}">
                    <Coords points="788,1024 788,1084 910,1084 910,1024"/>
                    <TextEquiv>
                        <Unicode>Arthur</Unicode>
                    </TextEquiv>
                </Word>
                <Word id="tr_1_tl_17_w2" custom="readingOrder {index:1;}">
                    <Coords points="942,1023 942,1083 1139,1083 1139,1023"/>
                    <TextEquiv>
                        <Unicode>Schnitzler.</Unicode>
                    </TextEquiv>
                </Word>
                <TextEquiv>
                    <Unicode>Arthur Schnitzler.</Unicode>
                </TextEquiv>
            </TextLine>
            <TextLine id="tr_1_tl_18" custom="readingOrder {index:17;}">
                <Coords points="622,1202 698,1198 804,1221 821,1207 860,1206 892,1225 903,1222 902,1160 867,1146 766,1164 675,1127 620,1138"/>
                <Baseline points="629,1187 654,1189 679,1190 704,1192 729,1193 754,1193 779,1193 804,1193 829,1193 854,1193 879,1195 904,1196"/>
                <Word id="tr_1_tl_18_w1" custom="readingOrder {index:0;}">
                    <Coords points="626,1153 626,1213 869,1213 869,1153"/>
                    <TextEquiv>
                        <Unicode>Oraison</Unicode>
                    </TextEquiv>
                </Word>
                <TextEquiv>
                    <Unicode>Oraison</Unicode>
                </TextEquiv>
            </TextLine>
            <TextLine id="tr_1_tl_19" custom="readingOrder {index:18;}">
                <Coords points="363,1274 1175,1274 1155,1231 949,1246 823,1206 363,1242"/>
                <Baseline points="370,1262 410,1262 450,1264 491,1263 531,1264 572,1265 612,1264 653,1263 693,1265 734,1265 774,1265 814,1265 855,1265 895,1265 936,1265 976,1265 1017,1265 1057,1265 1098,1265 1138,1265 1179,1262"/>
                <Word id="tr_1_tl_19_w1" custom="readingOrder {index:0;}">
                    <Coords points="365,1222 365,1282 378,1282 378,1222"/>
                    <TextEquiv>
                        <Unicode>«</Unicode>
                    </TextEquiv>
                </Word>
                <Word id="tr_1_tl_19_w2" custom="readingOrder {index:1;}">
                    <Coords points="413,1223 413,1283 493,1283 493,1223"/>
                    <TextEquiv>
                        <Unicode>Hier</Unicode>
                    </TextEquiv>
                </Word>
                <Word id="tr_1_tl_19_w3" custom="readingOrder {index:2;}">
                    <Coords points="524,1223 524,1283 717,1283 717,1223"/>
                    <TextEquiv>
                        <Unicode>après-midi</Unicode>
                    </TextEquiv>
                </Word>
                <Word id="tr_1_tl_19_w4" custom="readingOrder {index:3;}">
                    <Coords points="747,1225 747,1285 772,1285 772,1225"/>
                    <TextEquiv>
                        <Unicode>le</Unicode>
                    </TextEquiv>
                </Word>
                <Word id="tr_1_tl_19_w5" custom="readingOrder {index:4;}">
                    <Coords points="811,1225 811,1285 991,1285 991,1225"/>
                    <TextEquiv>
                        <Unicode>littérateur</Unicode>
                    </TextEquiv>
                </Word>
                <Word id="tr_1_tl_19_w6" custom="readingOrder {index:5;}">
                    <Coords points="1026,1225 1026,1285 1085,1285 1085,1225"/>
                    <TextEquiv>
                        <Unicode>juif</Unicode>
                    </TextEquiv>
                </Word>
                <Word id="tr_1_tl_19_w7" custom="readingOrder {index:6;}">
                    <Coords points="1120,1224 1120,1284 1175,1284 1175,1224"/>
                    <TextEquiv>
                        <Unicode>Ar¬</Unicode>
                    </TextEquiv>
                </Word>
                <TextEquiv>
                    <Unicode>« Hier après-midi le littérateur juif Ar¬</Unicode>
                </TextEquiv>
            </TextLine>
            <TextLine id="tr_1_tl_20" custom="readingOrder {index:19;}">
                <Coords points="332,1313 1182,1324 1170,1274 332,1273"/>
                <Baseline points="340,1301 382,1304 424,1304 466,1304 509,1302 551,1303 593,1302 635,1301 678,1301 720,1302 762,1304 804,1304 847,1304 889,1304 931,1304 973,1304 1016,1304 1058,1304 1100,1304 1142,1307 1185,1310"/>
                <Word id="tr_1_tl_20_w1" custom="readingOrder {index:0;}">
                    <Coords points="330,1262 330,1322 398,1322 398,1262"/>
                    <TextEquiv>
                        <Unicode>thur</Unicode>
                    </TextEquiv>
                </Word>
                <Word id="tr_1_tl_20_w2" custom="readingOrder {index:1;}">
                    <Coords points="429,1262 429,1322 608,1322 608,1262"/>
                    <TextEquiv>
                        <Unicode>Schnitzler</Unicode>
                    </TextEquiv>
                </Word>
                <Word id="tr_1_tl_20_w3" custom="readingOrder {index:2;}">
                    <Coords points="634,1261 634,1321 681,1321 681,1261"/>
                    <TextEquiv>
                        <Unicode>est</Unicode>
                    </TextEquiv>
                </Word>
                <Word id="tr_1_tl_20_w4" custom="readingOrder {index:3;}">
                    <Coords points="707,1263 707,1323 805,1323 805,1263"/>
                    <TextEquiv>
                        <Unicode>mort,</Unicode>
                    </TextEquiv>
                </Word>
                <Word id="tr_1_tl_20_w5" custom="readingOrder {index:4;}">
                    <Coords points="827,1264 827,1324 839,1324 839,1264"/>
                    <TextEquiv>
                        <Unicode>à</Unicode>
                    </TextEquiv>
                </Word>
                <Word id="tr_1_tl_20_w6" custom="readingOrder {index:5;}">
                    <Coords points="870,1264 870,1324 951,1324 951,1264"/>
                    <TextEquiv>
                        <Unicode>l'âge</Unicode>
                    </TextEquiv>
                </Word>
                <Word id="tr_1_tl_20_w7" custom="readingOrder {index:6;}">
                    <Coords points="981,1264 981,1324 1019,1324 1019,1264"/>
                    <TextEquiv>
                        <Unicode>de</Unicode>
                    </TextEquiv>
                </Word>
                <Word id="tr_1_tl_20_w8" custom="readingOrder {index:7;}">
                    <Coords points="1045,1264 1045,1324 1075,1324 1075,1264"/>
                    <TextEquiv>
                        <Unicode>69</Unicode>
                    </TextEquiv>
                </Word>
                <Word id="tr_1_tl_20_w9" custom="readingOrder {index:8;}">
                    <Coords points="1105,1266 1105,1326 1178,1326 1178,1266"/>
                    <TextEquiv>
                        <Unicode>ans,</Unicode>
                    </TextEquiv>
                </Word>
                <TextEquiv>
                    <Unicode>thur Schnitzler est mort, à l'âge de 69 ans,</Unicode>
                </TextEquiv>
            </TextLine>
            <TextLine id="tr_1_tl_21" custom="readingOrder {index:20;}">
                <Coords points="332,1360 440,1341 486,1363 536,1343 874,1359 874,1324 792,1309 332,1319"/>
                <Baseline points="340,1343 366,1341 393,1340 420,1340 447,1340 474,1340 501,1340 527,1340 554,1340 581,1340 608,1340 635,1340 662,1341 689,1342 715,1343 742,1343 769,1343 796,1343 823,1343 850,1343 877,1343"/>
                <Word id="tr_1_tl_21_w1" custom="readingOrder {index:0;}">
                    <Coords points="325,1300 325,1360 417,1360 417,1300"/>
                    <TextEquiv>
                        <Unicode>après</Unicode>
                    </TextEquiv>
                </Word>
                <Word id="tr_1_tl_21_w2" custom="readingOrder {index:1;}">
                    <Coords points="445,1300 445,1360 501,1360 501,1300"/>
                    <TextEquiv>
                        <Unicode>une</Unicode>
                    </TextEquiv>
                </Word>
                <Word id="tr_1_tl_21_w3" custom="readingOrder {index:2;}">
                    <Coords points="533,1300 533,1360 640,1360 640,1300"/>
                    <TextEquiv>
                        <Unicode>courte</Unicode>
                    </TextEquiv>
                </Word>
                <Word id="tr_1_tl_21_w4" custom="readingOrder {index:3;}">
                    <Coords points="671,1303 671,1363 829,1363 829,1303"/>
                    <TextEquiv>
                        <Unicode>maladie.</Unicode>
                    </TextEquiv>
                </Word>
                <Word id="tr_1_tl_21_w5" custom="readingOrder {index:4;}">
                    <Coords points="852,1303 852,1363 863,1363 863,1303"/>
                    <TextEquiv>
                        <Unicode>»</Unicode>
                    </TextEquiv>
                </Word>
                <TextEquiv>
                    <Unicode>après une courte maladie. »</Unicode>
                </TextEquiv>
            </TextLine>
            <TextLine id="tr_1_tl_22" custom="readingOrder {index:21;}">
                <Coords points="366,1388 1172,1384 1160,1340 1099,1360 1040,1335 929,1364 366,1351"/>
                <Baseline points="373,1376 413,1379 453,1377 493,1376 533,1378 573,1379 613,1379 654,1379 694,1379 734,1379 774,1379 814,1379 854,1379 894,1379 935,1379 975,1379 1015,1379 1055,1380 1095,1382 1135,1379 1176,1379"/>
                <Word id="tr_1_tl_22_w1" custom="readingOrder {index:0;}">
                    <Coords points="364,1338 364,1398 452,1398 452,1338"/>
                    <TextEquiv>
                        <Unicode>Telle</Unicode>
                    </TextEquiv>
                </Word>
                <Word id="tr_1_tl_22_w2" custom="readingOrder {index:1;}">
                    <Coords points="484,1336 484,1396 532,1396 532,1336"/>
                    <TextEquiv>
                        <Unicode>est</Unicode>
                    </TextEquiv>
                </Word>
                <Word id="tr_1_tl_22_w3" custom="readingOrder {index:2;}">
                    <Coords points="559,1338 559,1398 580,1398 580,1338"/>
                    <TextEquiv>
                        <Unicode>la</Unicode>
                    </TextEquiv>
                </Word>
                <Word id="tr_1_tl_22_w4" custom="readingOrder {index:3;}">
                    <Coords points="612,1339 612,1399 726,1399 726,1339"/>
                    <TextEquiv>
                        <Unicode>phrase</Unicode>
                    </TextEquiv>
                </Word>
                <Word id="tr_1_tl_22_w5" custom="readingOrder {index:4;}">
                    <Coords points="753,1339 753,1399 912,1399 912,1339"/>
                    <TextEquiv>
                        <Unicode>lapidaire</Unicode>
                    </TextEquiv>
                </Word>
                <Word id="tr_1_tl_22_w6" custom="readingOrder {index:5;}">
                    <Coords points="943,1339 943,1399 1000,1399 1000,1339"/>
                    <TextEquiv>
                        <Unicode>que</Unicode>
                    </TextEquiv>
                </Word>
                <Word id="tr_1_tl_22_w7" custom="readingOrder {index:6;}">
                    <Coords points="1027,1341 1027,1401 1172,1401 1172,1341"/>
                    <TextEquiv>
                        <Unicode>l'organe</Unicode>
                    </TextEquiv>
                </Word>
                <TextEquiv>
                    <Unicode>Telle est la phrase lapidaire que l'organe</Unicode>
                </TextEquiv>
            </TextLine>
            <TextLine id="tr_1_tl_23" custom="readingOrder {index:22;}">
                <Coords points="320,1430 1179,1426 1163,1386 320,1388"/>
                <Baseline points="328,1414 370,1414 413,1417 456,1414 498,1414 541,1416 584,1417 626,1415 669,1416 712,1417 755,1415 797,1415 840,1417 883,1417 925,1417 968,1416 1011,1415 1053,1417 1096,1417 1139,1417 1182,1417"/>
                <Word id="tr_1_tl_23_w1" custom="readingOrder {index:0;}">
                    <Coords points="321,1374 321,1434 377,1434 377,1374"/>
                    <TextEquiv>
                        <Unicode>des</Unicode>
                    </TextEquiv>
                </Word>
                <Word id="tr_1_tl_23_w2" custom="readingOrder {index:1;}">
                    <Coords points="404,1376 404,1436 781,1436 781,1376"/>
                    <TextEquiv>
                        <Unicode>nationaux-socialistes</Unicode>
                    </TextEquiv>
                </Word>
                <Word id="tr_1_tl_23_w3" custom="readingOrder {index:2;}">
                    <Coords points="811,1377 811,1437 997,1437 997,1377"/>
                    <TextEquiv>
                        <Unicode>d'Autriche</Unicode>
                    </TextEquiv>
                </Word>
                <Word id="tr_1_tl_23_w4" custom="readingOrder {index:3;}">
                    <Coords points="1029,1377 1029,1437 1172,1437 1172,1377"/>
                    <TextEquiv>
                        <Unicode>consacre</Unicode>
                    </TextEquiv>
                </Word>
                <TextEquiv>
                    <Unicode>des nationaux-socialistes d'Autriche consacre</Unicode>
                </TextEquiv>
            </TextLine>
            <TextLine id="tr_1_tl_24" custom="readingOrder {index:23;}">
                <Coords points="327,1475 1172,1471 1164,1424 327,1430"/>
                <Baseline points="334,1456 376,1456 418,1456 460,1454 502,1455 544,1456 586,1456 628,1454 670,1455 712,1456 755,1456 797,1456 839,1456 881,1456 923,1456 965,1456 1007,1456 1049,1456 1091,1456 1133,1456 1176,1456"/>
                <Word id="tr_1_tl_24_w1" custom="readingOrder {index:0;}">
                    <Coords points="325,1416 325,1476 337,1476 337,1416"/>
                    <TextEquiv>
                        <Unicode>à</Unicode>
                    </TextEquiv>
                </Word>
                <Word id="tr_1_tl_24_w2" custom="readingOrder {index:1;}">
                    <Coords points="372,1416 372,1476 402,1476 402,1416"/>
                    <TextEquiv>
                        <Unicode>la</Unicode>
                    </TextEquiv>
                </Word>
                <Word id="tr_1_tl_24_w3" custom="readingOrder {index:2;}">
                    <Coords points="432,1415 432,1475 617,1475 617,1415"/>
                    <TextEquiv>
                        <Unicode>disparition</Unicode>
                    </TextEquiv>
                </Word>
                <Word id="tr_1_tl_24_w4" custom="readingOrder {index:3;}">
                    <Coords points="656,1415 656,1475 690,1475 690,1415"/>
                    <TextEquiv>
                        <Unicode>de</Unicode>
                    </TextEquiv>
                </Word>
                <Word id="tr_1_tl_24_w5" custom="readingOrder {index:4;}">
                    <Coords points="721,1416 721,1476 858,1476 858,1416"/>
                    <TextEquiv>
                        <Unicode>l'auteur</Unicode>
                    </TextEquiv>
                </Word>
                <Word id="tr_1_tl_24_w6" custom="readingOrder {index:5;}">
                    <Coords points="888,1416 888,1476 923,1476 923,1416"/>
                    <TextEquiv>
                        <Unicode>de</Unicode>
                    </TextEquiv>
                </Word>
                <Word id="tr_1_tl_24_w7" custom="readingOrder {index:6;}">
                    <Coords points="953,1416 953,1476 966,1476 966,1416"/>
                    <TextEquiv>
                        <Unicode>«</Unicode>
                    </TextEquiv>
                </Word>
                <Word id="tr_1_tl_24_w8" custom="readingOrder {index:7;}">
                    <Coords points="1000,1416 1000,1476 1176,1476 1176,1416"/>
                    <TextEquiv>
                        <Unicode>Mademoi¬</Unicode>
                    </TextEquiv>
                </Word>
                <TextEquiv>
                    <Unicode>à la disparition de l'auteur de « Mademoi¬</Unicode>
                </TextEquiv>
            </TextLine>
            <TextLine id="tr_1_tl_25" custom="readingOrder {index:24;}">
                <Coords points="330,1498 410,1505 425,1498 453,1517 484,1502 570,1497 570,1470 494,1474 476,1459 421,1459 409,1471 368,1455 330,1467"/>
                <Baseline points="337,1492 363,1492 389,1492 415,1492 441,1492 468,1492 494,1492 520,1492 546,1494 573,1495"/>
                <Word id="tr_1_tl_25_w1" custom="readingOrder {index:0;}">
                    <Coords points="324,1452 324,1512 406,1512 406,1452"/>
                    <TextEquiv>
                        <Unicode>selle</Unicode>
                    </TextEquiv>
                </Word>
                <Word id="tr_1_tl_25_w2" custom="readingOrder {index:1;}">
                    <Coords points="435,1452 435,1512 511,1512 511,1452"/>
                    <TextEquiv>
                        <Unicode>Else</Unicode>
                    </TextEquiv>
                </Word>
                <Word id="tr_1_tl_25_w3" custom="readingOrder {index:2;}">
                    <Coords points="541,1454 541,1514 574,1514 574,1454"/>
                    <TextEquiv>
                        <Unicode>».</Unicode>
                    </TextEquiv>
                </Word>
                <TextEquiv>
                    <Unicode>selle Else ».</Unicode>
                </TextEquiv>
            </TextLine>
            <TextLine id="tr_1_tl_26" custom="readingOrder {index:25;}">
                <Coords points="413,1647 1020,1647 1104,1613 862,1544 756,1545 602,1593 411,1533"/>
                <Baseline points="420,1623 454,1623 488,1623 523,1623 557,1623 591,1623 626,1623 660,1623 694,1623 729,1623 763,1623 797,1623 832,1623 866,1623 900,1623 935,1624 969,1626 1003,1626 1038,1626 1072,1626 1107,1626"/>
                <Word id="tr_1_tl_26_w1" custom="readingOrder {index:0;}">
                    <Coords points="419,1583 419,1643 691,1643 691,1583"/>
                    <TextEquiv>
                        <Unicode>Hommes</Unicode>
                    </TextEquiv>
                </Word>
                <Word id="tr_1_tl_26_w2" custom="readingOrder {index:1;}">
                    <Coords points="738,1583 738,1643 801,1643 801,1583"/>
                    <TextEquiv>
                        <Unicode>de</Unicode>
                    </TextEquiv>
                </Word>
                <Word id="tr_1_tl_26_w3" custom="readingOrder {index:2;}">
                    <Coords points="848,1586 848,1646 1093,1646 1093,1586"/>
                    <TextEquiv>
                        <Unicode>lettres...</Unicode>
                    </TextEquiv>
                </Word>
                <TextEquiv>
                    <Unicode>Hommes de lettres...</Unicode>
                </TextEquiv>
            </TextLine>
            <TextLine id="tr_1_tl_27" custom="readingOrder {index:26;}">
                <Coords points="375,1708 1185,1699 1185,1664 1150,1654 693,1672 507,1632 375,1659"/>
                <Baseline points="382,1692 422,1692 462,1692 502,1692 543,1692 583,1692 623,1692 663,1692 704,1692 744,1692 784,1689 824,1692 865,1692 905,1692 945,1692 985,1692 1026,1692 1066,1692 1106,1693 1146,1695 1187,1689"/>
                <Word id="tr_1_tl_27_w1" custom="readingOrder {index:0;}">
                    <Coords points="374,1652 374,1712 452,1712 452,1652"/>
                    <TextEquiv>
                        <Unicode>Sans</Unicode>
                    </TextEquiv>
                </Word>
                <Word id="tr_1_tl_27_w2" custom="readingOrder {index:1;}">
                    <Coords points="477,1652 477,1712 565,1712 565,1652"/>
                    <TextEquiv>
                        <Unicode>doute</Unicode>
                    </TextEquiv>
                </Word>
                <Word id="tr_1_tl_27_w3" custom="readingOrder {index:2;}">
                    <Coords points="595,1652 595,1712 624,1712 624,1652"/>
                    <TextEquiv>
                        <Unicode>ce</Unicode>
                    </TextEquiv>
                </Word>
                <Word id="tr_1_tl_27_w4" custom="readingOrder {index:3;}">
                    <Coords points="649,1652 649,1712 801,1712 801,1652"/>
                    <TextEquiv>
                        <Unicode>financier</Unicode>
                    </TextEquiv>
                </Word>
                <Word id="tr_1_tl_27_w5" custom="readingOrder {index:4;}">
                    <Coords points="826,1652 826,1712 1007,1712 1007,1652"/>
                    <TextEquiv>
                        <Unicode>exagérait,</Unicode>
                    </TextEquiv>
                </Word>
                <Word id="tr_1_tl_27_w6" custom="readingOrder {index:5;}">
                    <Coords points="1027,1652 1027,1712 1125,1712 1125,1652"/>
                    <TextEquiv>
                        <Unicode>quand</Unicode>
                    </TextEquiv>
                </Word>
                <Word id="tr_1_tl_27_w7" custom="readingOrder {index:6;}">
                    <Coords points="1155,1651 1155,1711 1179,1711 1179,1651"/>
                    <TextEquiv>
                        <Unicode>il</Unicode>
                    </TextEquiv>
                </Word>
                <TextEquiv>
                    <Unicode>Sans doute ce financier exagérait, quand il</Unicode>
                </TextEquiv>
            </TextLine>
            <TextLine id="tr_1_tl_28" custom="readingOrder {index:27;}">
                <Coords points="332,1747 1183,1738 1172,1696 446,1715 332,1688"/>
                <Baseline points="340,1728 382,1731 424,1731 467,1728 509,1730 551,1731 594,1731 636,1731 678,1729 721,1730 763,1731 805,1731 848,1731 890,1731 932,1731 975,1731 1017,1731 1059,1734 1102,1734 1144,1734 1187,1731"/>
                <Word id="tr_1_tl_28_w1" custom="readingOrder {index:0;}">
                    <Coords points="331,1690 331,1750 428,1750 428,1690"/>
                    <TextEquiv>
                        <Unicode>disait</Unicode>
                    </TextEquiv>
                </Word>
                <Word id="tr_1_tl_28_w2" custom="readingOrder {index:1;}">
                    <Coords points="453,1688 453,1748 466,1748 466,1688"/>
                    <TextEquiv>
                        <Unicode>:</Unicode>
                    </TextEquiv>
                </Word>
                <Word id="tr_1_tl_28_w3" custom="readingOrder {index:2;}">
                    <Coords points="481,1688 481,1748 489,1748 489,1688"/>
                    <TextEquiv>
                        <Unicode>«</Unicode>
                    </TextEquiv>
                </Word>
                <Word id="tr_1_tl_28_w4" custom="readingOrder {index:3;}">
                    <Coords points="518,1690 518,1750 555,1750 555,1690"/>
                    <TextEquiv>
                        <Unicode>Le</Unicode>
                    </TextEquiv>
                </Word>
                <Word id="tr_1_tl_28_w5" custom="readingOrder {index:4;}">
                    <Coords points="584,1690 584,1750 690,1750 690,1690"/>
                    <TextEquiv>
                        <Unicode>succès</Unicode>
                    </TextEquiv>
                </Word>
                <Word id="tr_1_tl_28_w6" custom="readingOrder {index:5;}">
                    <Coords points="715,1690 715,1750 747,1750 747,1690"/>
                    <TextEquiv>
                        <Unicode>de</Unicode>
                    </TextEquiv>
                </Word>
                <Word id="tr_1_tl_28_w7" custom="readingOrder {index:6;}">
                    <Coords points="771,1691 771,1751 822,1751 822,1691"/>
                    <TextEquiv>
                        <Unicode>M.</Unicode>
                    </TextEquiv>
                </Word>
                <Word id="tr_1_tl_28_w8" custom="readingOrder {index:7;}">
                    <Coords points="841,1691 841,1751 929,1751 929,1691"/>
                    <TextEquiv>
                        <Unicode>Paul</Unicode>
                    </TextEquiv>
                </Word>
                <Word id="tr_1_tl_28_w9" custom="readingOrder {index:8;}">
                    <Coords points="949,1691 949,1751 1084,1751 1084,1691"/>
                    <TextEquiv>
                        <Unicode>Valéry,</Unicode>
                    </TextEquiv>
                </Word>
                <Word id="tr_1_tl_28_w10" custom="readingOrder {index:9;}">
                    <Coords points="1103,1694 1103,1754 1182,1754 1182,1694"/>
                    <TextEquiv>
                        <Unicode>l'ad¬</Unicode>
                    </TextEquiv>
                </Word>
                <TextEquiv>
                    <Unicode>disait : « Le succès de M. Paul Valéry, l'ad¬</Unicode>
                </TextEquiv>
            </TextLine>
            <TextLine id="tr_1_tl_29" custom="readingOrder {index:28;}">
                <Coords points="327,1771 1183,1778 1175,1738 327,1753"/>
                <Baseline points="334,1767 376,1767 419,1767 461,1770 504,1770 547,1768 589,1767 632,1769 675,1770 717,1770 760,1768 803,1767 845,1767 888,1767 931,1768 973,1770 1016,1770 1059,1770 1101,1770 1144,1770 1187,1770"/>
                <Word id="tr_1_tl_29_w1" custom="readingOrder {index:0;}">
                    <Coords points="330,1727 330,1787 475,1787 475,1727"/>
                    <TextEquiv>
                        <Unicode>miration</Unicode>
                    </TextEquiv>
                </Word>
                <Word id="tr_1_tl_29_w2" custom="readingOrder {index:1;}">
                    <Coords points="516,1728 516,1788 552,1788 552,1728"/>
                    <TextEquiv>
                        <Unicode>de</Unicode>
                    </TextEquiv>
                </Word>
                <Word id="tr_1_tl_29_w3" custom="readingOrder {index:2;}">
                    <Coords points="589,1728 589,1788 638,1788 638,1728"/>
                    <TextEquiv>
                        <Unicode>M.</Unicode>
                    </TextEquiv>
                </Word>
                <Word id="tr_1_tl_29_w4" custom="readingOrder {index:3;}">
                    <Coords points="670,1730 670,1790 751,1790 751,1730"/>
                    <TextEquiv>
                        <Unicode>Paul</Unicode>
                    </TextEquiv>
                </Word>
                <Word id="tr_1_tl_29_w5" custom="readingOrder {index:4;}">
                    <Coords points="806,1727 806,1787 942,1787 942,1727"/>
                    <TextEquiv>
                        <Unicode>Valéry,</Unicode>
                    </TextEquiv>
                </Word>
                <Word id="tr_1_tl_29_w6" custom="readingOrder {index:5;}">
                    <Coords points="992,1730 992,1790 1173,1790 1173,1730"/>
                    <TextEquiv>
                        <Unicode>considérée</Unicode>
                    </TextEquiv>
                </Word>
                <TextEquiv>
                    <Unicode>miration de M. Paul Valéry, considérée</Unicode>
                </TextEquiv>
            </TextLine>
            <TextLine id="tr_1_tl_30" custom="readingOrder {index:29;}">
                <Coords points="330,1818 1187,1824 1187,1777 1143,1774 330,1786"/>
                <Baseline points="337,1802 379,1805 422,1805 464,1802 507,1802 550,1802 592,1802 635,1802 678,1804 720,1807 763,1806 806,1805 848,1804 891,1802 934,1803 976,1805 1019,1805 1062,1806 1104,1808 1147,1808 1190,1808"/>
                <Word id="tr_1_tl_30_w1" custom="readingOrder {index:0;}">
                    <Coords points="332,1765 332,1825 452,1825 452,1765"/>
                    <TextEquiv>
                        <Unicode>comme</Unicode>
                    </TextEquiv>
                </Word>
                <Word id="tr_1_tl_30_w2" custom="readingOrder {index:1;}">
                    <Coords points="482,1762 482,1822 519,1822 519,1762"/>
                    <TextEquiv>
                        <Unicode>un</Unicode>
                    </TextEquiv>
                </Word>
                <Word id="tr_1_tl_30_w3" custom="readingOrder {index:2;}">
                    <Coords points="553,1762 553,1822 665,1822 665,1762"/>
                    <TextEquiv>
                        <Unicode>brevet</Unicode>
                    </TextEquiv>
                </Word>
                <Word id="tr_1_tl_30_w4" custom="readingOrder {index:3;}">
                    <Coords points="691,1766 691,1826 728,1826 728,1766"/>
                    <TextEquiv>
                        <Unicode>de</Unicode>
                    </TextEquiv>
                </Word>
                <Word id="tr_1_tl_30_w5" custom="readingOrder {index:4;}">
                    <Coords points="758,1764 758,1824 891,1824 891,1764"/>
                    <TextEquiv>
                        <Unicode>justesse</Unicode>
                    </TextEquiv>
                </Word>
                <Word id="tr_1_tl_30_w6" custom="readingOrder {index:5;}">
                    <Coords points="925,1765 925,1825 1058,1825 1058,1765"/>
                    <TextEquiv>
                        <Unicode>d'esprit</Unicode>
                    </TextEquiv>
                </Word>
                <Word id="tr_1_tl_30_w7" custom="readingOrder {index:6;}">
                    <Coords points="1084,1767 1084,1827 1116,1827 1116,1767"/>
                    <TextEquiv>
                        <Unicode>et</Unicode>
                    </TextEquiv>
                </Word>
                <Word id="tr_1_tl_30_w8" custom="readingOrder {index:7;}">
                    <Coords points="1146,1768 1146,1828 1179,1828 1179,1768"/>
                    <TextEquiv>
                        <Unicode>de</Unicode>
                    </TextEquiv>
                </Word>
                <TextEquiv>
                    <Unicode>comme un brevet de justesse d'esprit et de</Unicode>
                </TextEquiv>
            </TextLine>
            <TextLine id="tr_1_tl_31" custom="readingOrder {index:30;}">
                <Coords points="335,1861 1185,1859 1185,1822 1136,1814 335,1824"/>
                <Baseline points="343,1853 385,1844 427,1844 469,1844 511,1844 554,1844 596,1844 638,1842 680,1843 722,1844 765,1844 807,1844 849,1844 891,1844 933,1844 976,1844 1018,1844 1060,1844 1102,1844 1144,1844 1187,1847"/>
                <Word id="tr_1_tl_31_w1" custom="readingOrder {index:0;}">
                    <Coords points="333,1806 333,1866 410,1866 410,1806"/>
                    <TextEquiv>
                        <Unicode>goût</Unicode>
                    </TextEquiv>
                </Word>
                <Word id="tr_1_tl_31_w2" custom="readingOrder {index:1;}">
                    <Coords points="432,1804 432,1864 608,1864 608,1804"/>
                    <TextEquiv>
                        <Unicode>littéraire,</Unicode>
                    </TextEquiv>
                </Word>
                <Word id="tr_1_tl_31_w3" custom="readingOrder {index:2;}">
                    <Coords points="626,1802 626,1862 707,1862 707,1802"/>
                    <TextEquiv>
                        <Unicode>voilà</Unicode>
                    </TextEquiv>
                </Word>
                <Word id="tr_1_tl_31_w4" custom="readingOrder {index:3;}">
                    <Coords points="733,1804 733,1864 793,1864 793,1804"/>
                    <TextEquiv>
                        <Unicode>qui</Unicode>
                    </TextEquiv>
                </Word>
                <Word id="tr_1_tl_31_w5" custom="readingOrder {index:4;}">
                    <Coords points="811,1804 811,1864 931,1864 931,1804"/>
                    <TextEquiv>
                        <Unicode>prouve</Unicode>
                    </TextEquiv>
                </Word>
                <Word id="tr_1_tl_31_w6" custom="readingOrder {index:5;}">
                    <Coords points="953,1804 953,1864 1013,1864 1013,1804"/>
                    <TextEquiv>
                        <Unicode>que</Unicode>
                    </TextEquiv>
                </Word>
                <Word id="tr_1_tl_31_w7" custom="readingOrder {index:6;}">
                    <Coords points="1039,1804 1039,1864 1065,1864 1065,1804"/>
                    <TextEquiv>
                        <Unicode>le</Unicode>
                    </TextEquiv>
                </Word>
                <Word id="tr_1_tl_31_w8" custom="readingOrder {index:7;}">
                    <Coords points="1091,1804 1091,1864 1176,1864 1176,1804"/>
                    <TextEquiv>
                        <Unicode>franc</Unicode>
                    </TextEquiv>
                </Word>
                <TextEquiv>
                    <Unicode>goût littéraire, voilà qui prouve que le franc</Unicode>
                </TextEquiv>
            </TextLine>
            <TextLine id="tr_1_tl_32" custom="readingOrder {index:31;}">
                <Coords points="335,1897 1182,1899 1182,1855 1084,1847 335,1861"/>
                <Baseline points="343,1883 385,1883 427,1883 469,1883 511,1881 553,1880 595,1880 637,1880 679,1882 721,1883 764,1882 806,1881 848,1882 890,1881 932,1883 974,1883 1016,1883 1058,1883 1100,1883 1142,1883 1185,1883"/>
                <Word id="tr_1_tl_32_w1" custom="readingOrder {index:0;}">
                    <Coords points="333,1843 333,1903 380,1903 380,1843"/>
                    <TextEquiv>
                        <Unicode>est</Unicode>
                    </TextEquiv>
                </Word>
                <Word id="tr_1_tl_32_w2" custom="readingOrder {index:1;}">
                    <Coords points="406,1843 406,1903 491,1903 491,1843"/>
                    <TextEquiv>
                        <Unicode>foutu</Unicode>
                    </TextEquiv>
                </Word>
                <Word id="tr_1_tl_32_w3" custom="readingOrder {index:2;}">
                    <Coords points="526,1840 526,1900 555,1900 555,1840"/>
                    <TextEquiv>
                        <Unicode>».</Unicode>
                    </TextEquiv>
                </Word>
                <Word id="tr_1_tl_32_w4" custom="readingOrder {index:3;}">
                    <Coords points="582,1840 582,1900 624,1900 624,1840"/>
                    <TextEquiv>
                        <Unicode>Ce</Unicode>
                    </TextEquiv>
                </Word>
                <Word id="tr_1_tl_32_w5" custom="readingOrder {index:4;}">
                    <Coords points="655,1842 655,1902 809,1902 809,1842"/>
                    <TextEquiv>
                        <Unicode>financier</Unicode>
                    </TextEquiv>
                </Word>
                <Word id="tr_1_tl_32_w6" custom="readingOrder {index:5;}">
                    <Coords points="839,1842 839,1902 1019,1902 1019,1842"/>
                    <TextEquiv>
                        <Unicode>exagérait.</Unicode>
                    </TextEquiv>
                </Word>
                <Word id="tr_1_tl_32_w7" custom="readingOrder {index:6;}">
                    <Coords points="1045,1843 1045,1903 1173,1903 1173,1843"/>
                    <TextEquiv>
                        <Unicode>Chacun</Unicode>
                    </TextEquiv>
                </Word>
                <TextEquiv>
                    <Unicode>est foutu ». Ce financier exagérait. Chacun</Unicode>
                </TextEquiv>
            </TextLine>
            <TextLine id="tr_1_tl_33" custom="readingOrder {index:32;}">
                <Coords points="335,1931 1185,1932 1185,1889 335,1897"/>
                <Baseline points="343,1919 385,1922 427,1922 469,1922 511,1922 554,1920 596,1919 638,1919 680,1919 722,1919 765,1919 807,1920 849,1921 891,1919 933,1920 976,1922 1018,1922 1060,1922 1102,1922 1144,1922 1187,1922"/>
                <Word id="tr_1_tl_33_w1" custom="readingOrder {index:0;}">
                    <Coords points="333,1880 333,1940 395,1940 395,1880"/>
                    <TextEquiv>
                        <Unicode>sait</Unicode>
                    </TextEquiv>
                </Word>
                <Word id="tr_1_tl_33_w2" custom="readingOrder {index:1;}">
                    <Coords points="420,1882 420,1942 478,1942 478,1882"/>
                    <TextEquiv>
                        <Unicode>que</Unicode>
                    </TextEquiv>
                </Word>
                <Word id="tr_1_tl_33_w3" custom="readingOrder {index:2;}">
                    <Coords points="512,1879 512,1939 686,1939 686,1879"/>
                    <TextEquiv>
                        <Unicode>désormais</Unicode>
                    </TextEquiv>
                </Word>
                <Word id="tr_1_tl_33_w4" custom="readingOrder {index:3;}">
                    <Coords points="716,1879 716,1939 794,1939 794,1879"/>
                    <TextEquiv>
                        <Unicode>pour</Unicode>
                    </TextEquiv>
                </Word>
                <Word id="tr_1_tl_33_w5" custom="readingOrder {index:4;}">
                    <Coords points="828,1879 828,1939 932,1939 932,1879"/>
                    <TextEquiv>
                        <Unicode>passer</Unicode>
                    </TextEquiv>
                </Word>
                <Word id="tr_1_tl_33_w6" custom="readingOrder {index:5;}">
                    <Coords points="961,1881 961,1941 990,1941 990,1881"/>
                    <TextEquiv>
                        <Unicode>le</Unicode>
                    </TextEquiv>
                </Word>
                <Word id="tr_1_tl_33_w7" custom="readingOrder {index:6;}">
                    <Coords points="1020,1882 1020,1942 1115,1942 1115,1882"/>
                    <TextEquiv>
                        <Unicode>canal</Unicode>
                    </TextEquiv>
                </Word>
                <Word id="tr_1_tl_33_w8" custom="readingOrder {index:7;}">
                    <Coords points="1140,1882 1140,1942 1177,1942 1177,1882"/>
                    <TextEquiv>
                        <Unicode>de</Unicode>
                    </TextEquiv>
                </Word>
                <TextEquiv>
                    <Unicode>sait que désormais pour passer le canal de</Unicode>
                </TextEquiv>
            </TextLine>
            <TextLine id="tr_1_tl_34" custom="readingOrder {index:33;}">
                <Coords points="335,1977 1185,1968 1166,1928 335,1931"/>
                <Baseline points="343,1961 385,1958 427,1958 469,1960 511,1959 554,1958 596,1958 638,1958 680,1958 722,1959 765,1960 807,1959 849,1960 891,1959 933,1961 976,1961 1018,1961 1060,1961 1102,1961 1144,1961 1187,1961"/>
                <Word id="tr_1_tl_34_w1" custom="readingOrder {index:0;}">
                    <Coords points="333,1918 333,1978 413,1978 413,1918"/>
                    <TextEquiv>
                        <Unicode>Sucz</Unicode>
                    </TextEquiv>
                </Word>
                <Word id="tr_1_tl_34_w2" custom="readingOrder {index:1;}">
                    <Coords points="434,1919 434,1979 465,1979 465,1919"/>
                    <TextEquiv>
                        <Unicode>on</Unicode>
                    </TextEquiv>
                </Word>
                <Word id="tr_1_tl_34_w3" custom="readingOrder {index:2;}">
                    <Coords points="494,1918 494,1978 607,1978 607,1918"/>
                    <TextEquiv>
                        <Unicode>payera</Unicode>
                    </TextEquiv>
                </Word>
                <Word id="tr_1_tl_34_w4" custom="readingOrder {index:3;}">
                    <Coords points="636,1919 636,1979 810,1979 810,1919"/>
                    <TextEquiv>
                        <Unicode>désormais</Unicode>
                    </TextEquiv>
                </Word>
                <Word id="tr_1_tl_34_w5" custom="readingOrder {index:4;}">
                    <Coords points="834,1919 834,1979 882,1979 882,1919"/>
                    <TextEquiv>
                        <Unicode>son</Unicode>
                    </TextEquiv>
                </Word>
                <Word id="tr_1_tl_34_w6" custom="readingOrder {index:5;}">
                    <Coords points="911,1921 911,1981 999,1981 999,1921"/>
                    <TextEquiv>
                        <Unicode>droit</Unicode>
                    </TextEquiv>
                </Word>
                <Word id="tr_1_tl_34_w7" custom="readingOrder {index:6;}">
                    <Coords points="1020,1921 1020,1981 1052,1981 1052,1921"/>
                    <TextEquiv>
                        <Unicode>de</Unicode>
                    </TextEquiv>
                </Word>
                <Word id="tr_1_tl_34_w8" custom="readingOrder {index:7;}">
                    <Coords points="1081,1921 1081,1981 1177,1981 1177,1921"/>
                    <TextEquiv>
                        <Unicode>péage</Unicode>
                    </TextEquiv>
                </Word>
                <TextEquiv>
                    <Unicode>Sucz on payera désormais son droit de péage</Unicode>
                </TextEquiv>
            </TextLine>
            <TextLine id="tr_1_tl_35" custom="readingOrder {index:34;}">
                <Coords points="330,2015 1183,2013 1183,1977 1131,1970 330,1979"/>
                <Baseline points="337,1996 379,1996 422,1996 464,1996 507,1996 549,1996 592,1996 634,1996 677,1996 719,1996 762,1997 804,1998 847,1996 889,1996 932,1996 974,1996 1017,1996 1059,1996 1102,1999 1144,1996 1187,1996"/>
                <Word id="tr_1_tl_35_w1" custom="readingOrder {index:0;}">
                    <Coords points="332,1956 332,2016 365,2016 365,1956"/>
                    <TextEquiv>
                        <Unicode>en</Unicode>
                    </TextEquiv>
                </Word>
                <Word id="tr_1_tl_35_w2" custom="readingOrder {index:1;}">
                    <Coords points="399,1956 399,2016 507,2016 507,1956"/>
                    <TextEquiv>
                        <Unicode>francs</Unicode>
                    </TextEquiv>
                </Word>
                <Word id="tr_1_tl_35_w3" custom="readingOrder {index:2;}">
                    <Coords points="541,1956 541,2016 573,2016 573,1956"/>
                    <TextEquiv>
                        <Unicode>de</Unicode>
                    </TextEquiv>
                </Word>
                <Word id="tr_1_tl_35_w4" custom="readingOrder {index:3;}">
                    <Coords points="607,1956 607,2016 778,2016 778,1956"/>
                    <TextEquiv>
                        <Unicode>Poincaré.</Unicode>
                    </TextEquiv>
                </Word>
                <Word id="tr_1_tl_35_w5" custom="readingOrder {index:4;}">
                    <Coords points="804,1957 804,2017 845,2017 845,1957"/>
                    <TextEquiv>
                        <Unicode>La</Unicode>
                    </TextEquiv>
                </Word>
                <Word id="tr_1_tl_35_w6" custom="readingOrder {index:5;}">
                    <Coords points="879,1956 879,2016 1004,2016 1004,1956"/>
                    <TextEquiv>
                        <Unicode>France</Unicode>
                    </TextEquiv>
                </Word>
                <Word id="tr_1_tl_35_w7" custom="readingOrder {index:6;}">
                    <Coords points="1033,1958 1033,2018 1179,2018 1179,1958"/>
                    <TextEquiv>
                        <Unicode>s’appuie</Unicode>
                    </TextEquiv>
                </Word>
                <TextEquiv>
                    <Unicode>en francs de Poincaré. La France s’appuie</Unicode>
                </TextEquiv>
            </TextLine>
            <TextLine id="tr_1_tl_36" custom="readingOrder {index:35;}">
                <Coords points="339,2044 1182,2045 1156,2005 339,2017"/>
                <Baseline points="346,2032 390,2035 434,2035 478,2032 522,2035 566,2035 610,2035 655,2035 699,2035 743,2035 787,2035 831,2035 875,2035 920,2035 964,2035 1008,2035 1052,2035 1096,2035 1140,2035 1185,2035"/>
                <Word id="tr_1_tl_36_w1" custom="readingOrder {index:0;}">
                    <Coords points="332,1992 332,2052 383,2052 383,1992"/>
                    <TextEquiv>
                        <Unicode>sur</Unicode>
                    </TextEquiv>
                </Word>
                <Word id="tr_1_tl_36_w2" custom="readingOrder {index:1;}">
                    <Coords points="415,1995 415,2055 438,2055 438,1995"/>
                    <TextEquiv>
                        <Unicode>le</Unicode>
                    </TextEquiv>
                </Word>
                <Word id="tr_1_tl_36_w3" custom="readingOrder {index:2;}">
                    <Coords points="470,1994 470,2054 560,2054 560,1994"/>
                    <TextEquiv>
                        <Unicode>franc</Unicode>
                    </TextEquiv>
                </Word>
                <Word id="tr_1_tl_36_w4" custom="readingOrder {index:3;}">
                    <Coords points="592,1995 592,2055 627,2055 627,1995"/>
                    <TextEquiv>
                        <Unicode>de</Unicode>
                    </TextEquiv>
                </Word>
                <Word id="tr_1_tl_36_w5" custom="readingOrder {index:4;}">
                    <Coords points="659,1995 659,2055 813,2055 813,1995"/>
                    <TextEquiv>
                        <Unicode>Poincaré</Unicode>
                    </TextEquiv>
                </Word>
                <Word id="tr_1_tl_36_w6" custom="readingOrder {index:5;}">
                    <Coords points="845,1995 845,2055 875,2055 875,1995"/>
                    <TextEquiv>
                        <Unicode>et</Unicode>
                    </TextEquiv>
                </Word>
                <Word id="tr_1_tl_36_w7" custom="readingOrder {index:6;}">
                    <Coords points="900,1995 900,2055 954,2055 954,1995"/>
                    <TextEquiv>
                        <Unicode>sur</Unicode>
                    </TextEquiv>
                </Word>
                <Word id="tr_1_tl_36_w8" custom="readingOrder {index:7;}">
                    <Coords points="983,1995 983,2055 1112,2055 1112,1995"/>
                    <TextEquiv>
                        <Unicode>l'œuvre</Unicode>
                    </TextEquiv>
                </Word>
                <Word id="tr_1_tl_36_w9" custom="readingOrder {index:8;}">
                    <Coords points="1144,1995 1144,2055 1179,2055 1179,1995"/>
                    <TextEquiv>
                        <Unicode>de</Unicode>
                    </TextEquiv>
                </Word>
                <TextEquiv>
                    <Unicode>sur le franc de Poincaré et sur l'œuvre de</Unicode>
                </TextEquiv>
            </TextLine>
            <TextLine id="tr_1_tl_37" custom="readingOrder {index:36;}">
                <Coords points="344,2078 1187,2085 1187,2042 972,2065 890,2039 344,2042"/>
                <Baseline points="352,2071 393,2071 435,2074 477,2074 519,2072 561,2071 603,2073 645,2074 687,2074 729,2074 771,2074 812,2074 854,2074 896,2074 938,2074 980,2074 1022,2074 1064,2074 1106,2074 1148,2074 1190,2074"/>
                <Word id="tr_1_tl_37_w1" custom="readingOrder {index:0;}">
                    <Coords points="338,2031 338,2091 381,2091 381,2031"/>
                    <TextEquiv>
                        <Unicode>M.</Unicode>
                    </TextEquiv>
                </Word>
                <Word id="tr_1_tl_37_w2" custom="readingOrder {index:1;}">
                    <Coords points="404,2034 404,2094 492,2094 492,2034"/>
                    <TextEquiv>
                        <Unicode>Paul</Unicode>
                    </TextEquiv>
                </Word>
                <Word id="tr_1_tl_37_w3" custom="readingOrder {index:2;}">
                    <Coords points="515,2031 515,2091 647,2091 647,2031"/>
                    <TextEquiv>
                        <Unicode>Valéry.</Unicode>
                    </TextEquiv>
                </Word>
                <Word id="tr_1_tl_37_w4" custom="readingOrder {index:3;}">
                    <Coords points="683,2034 683,2094 727,2094 727,2034"/>
                    <TextEquiv>
                        <Unicode>Ce</Unicode>
                    </TextEquiv>
                </Word>
                <Word id="tr_1_tl_37_w5" custom="readingOrder {index:4;}">
                    <Coords points="776,2034 776,2094 930,2094 930,2034"/>
                    <TextEquiv>
                        <Unicode>financier</Unicode>
                    </TextEquiv>
                </Word>
                <Word id="tr_1_tl_37_w6" custom="readingOrder {index:5;}">
                    <Coords points="975,2034 975,2094 1142,2094 1142,2034"/>
                    <TextEquiv>
                        <Unicode>apportait</Unicode>
                    </TextEquiv>
                </Word>
                <Word id="tr_1_tl_37_w7" custom="readingOrder {index:6;}">
                    <Coords points="1165,2034 1165,2094 1173,2094 1173,2034"/>
                    <TextEquiv>
                        <Unicode>à</Unicode>
                    </TextEquiv>
                </Word>
                <TextEquiv>
                    <Unicode>M. Paul Valéry. Ce financier apportait à</Unicode>
                </TextEquiv>
            </TextLine>
            <TextLine id="tr_1_tl_38" custom="readingOrder {index:37;}">
                <Coords points="332,2127 1189,2121 1164,2082 332,2078"/>
                <Baseline points="340,2110 382,2110 425,2110 467,2110 510,2110 552,2112 595,2113 637,2113 680,2111 722,2112 765,2112 807,2110 850,2110 892,2110 935,2110 977,2111 1020,2113 1062,2113 1105,2113 1147,2113 1190,2116"/>
                <Word id="tr_1_tl_38_w1" custom="readingOrder {index:0;}">
                    <Coords points="334,2070 334,2130 553,2130 553,2070"/>
                    <TextEquiv>
                        <Unicode>l'application</Unicode>
                    </TextEquiv>
                </Word>
                <Word id="tr_1_tl_38_w2" custom="readingOrder {index:1;}">
                    <Coords points="596,2073 596,2133 634,2133 634,2073"/>
                    <TextEquiv>
                        <Unicode>de</Unicode>
                    </TextEquiv>
                </Word>
                <Word id="tr_1_tl_38_w3" custom="readingOrder {index:2;}">
                    <Coords points="669,2071 669,2131 699,2131 699,2071"/>
                    <TextEquiv>
                        <Unicode>la</Unicode>
                    </TextEquiv>
                </Word>
                <Word id="tr_1_tl_38_w4" custom="readingOrder {index:3;}">
                    <Coords points="738,2070 738,2130 884,2130 884,2070"/>
                    <TextEquiv>
                        <Unicode>méthode</Unicode>
                    </TextEquiv>
                </Word>
                <Word id="tr_1_tl_38_w5" custom="readingOrder {index:4;}">
                    <Coords points="940,2072 940,2132 1086,2132 1086,2072"/>
                    <TextEquiv>
                        <Unicode>marxiste</Unicode>
                    </TextEquiv>
                </Word>
                <Word id="tr_1_tl_38_w6" custom="readingOrder {index:5;}">
                    <Coords points="1142,2073 1142,2133 1176,2133 1176,2073"/>
                    <TextEquiv>
                        <Unicode>un</Unicode>
                    </TextEquiv>
                </Word>
                <TextEquiv>
                    <Unicode>l'application de la méthode marxiste un</Unicode>
                </TextEquiv>
            </TextLine>
            <TextLine id="tr_1_tl_39" custom="readingOrder {index:38;}">
                <Coords points="335,2163 1051,2160 966,2117 783,2139 728,2115 335,2128"/>
                <Baseline points="343,2149 378,2149 414,2149 449,2149 485,2149 520,2149 556,2149 591,2149 627,2149 662,2149 698,2149 733,2149 769,2149 804,2149 840,2149 875,2149 911,2149 946,2149 982,2150 1017,2152 1053,2155"/>
                <Word id="tr_1_tl_39_w1" custom="readingOrder {index:0;}">
                    <Coords points="333,2109 333,2169 424,2169 424,2109"/>
                    <TextEquiv>
                        <Unicode>excès</Unicode>
                    </TextEquiv>
                </Word>
                <Word id="tr_1_tl_39_w2" custom="readingOrder {index:1;}">
                    <Coords points="459,2109 459,2169 492,2169 492,2109"/>
                    <TextEquiv>
                        <Unicode>de</Unicode>
                    </TextEquiv>
                </Word>
                <Word id="tr_1_tl_39_w3" custom="readingOrder {index:2;}">
                    <Coords points="530,2109 530,2169 791,2169 791,2109"/>
                    <TextEquiv>
                        <Unicode>simplification.</Unicode>
                    </TextEquiv>
                </Word>
                <Word id="tr_1_tl_39_w4" custom="readingOrder {index:3;}">
                    <Coords points="820,2109 820,2169 1055,2169 1055,2109"/>
                    <TextEquiv>
                        <Unicode>Cependant...</Unicode>
                    </TextEquiv>
                </Word>
                <TextEquiv>
                    <Unicode>excès de simplification. Cependant...</Unicode>
                </TextEquiv>
            </TextLine>
            <TextLine id="tr_1_tl_40" custom="readingOrder {index:39;}">
                <Coords points="368,2200 1187,2210 1187,2156 1160,2152 368,2156"/>
                <Baseline points="376,2184 416,2184 457,2186 498,2187 538,2185 579,2186 620,2187 660,2187 701,2187 742,2187 783,2187 823,2187 864,2187 905,2187 945,2187 986,2187 1027,2187 1067,2187 1108,2187 1149,2188 1190,2190"/>
                <Word id="tr_1_tl_40_w1" custom="readingOrder {index:0;}">
                    <Coords points="371,2144 371,2204 414,2204 414,2144"/>
                    <TextEquiv>
                        <Unicode>On</Unicode>
                    </TextEquiv>
                </Word>
                <Word id="tr_1_tl_40_w2" custom="readingOrder {index:1;}">
                    <Coords points="446,2146 446,2206 552,2206 552,2146"/>
                    <TextEquiv>
                        <Unicode>publie</Unicode>
                    </TextEquiv>
                </Word>
                <Word id="tr_1_tl_40_w3" custom="readingOrder {index:2;}">
                    <Coords points="579,2146 579,2206 636,2206 636,2146"/>
                    <TextEquiv>
                        <Unicode>une</Unicode>
                    </TextEquiv>
                </Word>
                <Word id="tr_1_tl_40_w4" custom="readingOrder {index:3;}">
                    <Coords points="663,2147 663,2207 778,2207 778,2147"/>
                    <TextEquiv>
                        <Unicode>édition</Unicode>
                    </TextEquiv>
                </Word>
                <Word id="tr_1_tl_40_w5" custom="readingOrder {index:4;}">
                    <Coords points="810,2147 810,2207 845,2207 845,2147"/>
                    <TextEquiv>
                        <Unicode>de</Unicode>
                    </TextEquiv>
                </Word>
                <Word id="tr_1_tl_40_w6" custom="readingOrder {index:5;}">
                    <Coords points="872,2147 872,2207 942,2207 942,2147"/>
                    <TextEquiv>
                        <Unicode>luxe</Unicode>
                    </TextEquiv>
                </Word>
                <Word id="tr_1_tl_40_w7" custom="readingOrder {index:6;}">
                    <Coords points="970,2147 970,2207 1005,2207 1005,2147"/>
                    <TextEquiv>
                        <Unicode>de</Unicode>
                    </TextEquiv>
                </Word>
                <Word id="tr_1_tl_40_w8" custom="readingOrder {index:7;}">
                    <Coords points="1032,2147 1032,2207 1081,2207 1081,2147"/>
                    <TextEquiv>
                        <Unicode>M.</Unicode>
                    </TextEquiv>
                </Word>
                <Word id="tr_1_tl_40_w9" custom="readingOrder {index:8;}">
                    <Coords points="1103,2147 1103,2207 1187,2207 1187,2147"/>
                    <TextEquiv>
                        <Unicode>Paul</Unicode>
                    </TextEquiv>
                </Word>
                <TextEquiv>
                    <Unicode>On publie une édition de luxe de M. Paul</Unicode>
                </TextEquiv>
            </TextLine>
            <TextLine id="tr_1_tl_41" custom="readingOrder {index:40;}">
                <Coords points="339,2227 1182,2242 1182,2206 1120,2195 468,2211 339,2184"/>
                <Baseline points="346,2223 390,2223 434,2223 478,2226 522,2226 566,2223 610,2226 655,2226 699,2226 743,2226 787,2223 831,2226 875,2226 920,2226 964,2226 1008,2226 1052,2224 1096,2225 1140,2226 1185,2226"/>
                <Word id="tr_1_tl_41_w1" custom="readingOrder {index:0;}">
                    <Coords points="337,2183 337,2243 465,2243 465,2183"/>
                    <TextEquiv>
                        <Unicode>Valéry.</Unicode>
                    </TextEquiv>
                </Word>
                <Word id="tr_1_tl_41_w2" custom="readingOrder {index:1;}">
                    <Coords points="492,2186 492,2246 534,2246 534,2186"/>
                    <TextEquiv>
                        <Unicode>Le</Unicode>
                    </TextEquiv>
                </Word>
                <Word id="tr_1_tl_41_w3" custom="readingOrder {index:2;}">
                    <Coords points="564,2186 564,2246 680,2246 680,2186"/>
                    <TextEquiv>
                        <Unicode>barnum</Unicode>
                    </TextEquiv>
                </Word>
                <Word id="tr_1_tl_41_w4" custom="readingOrder {index:3;}">
                    <Coords points="728,2185 728,2245 761,2245 761,2185"/>
                    <TextEquiv>
                        <Unicode>en</Unicode>
                    </TextEquiv>
                </Word>
                <Word id="tr_1_tl_41_w5" custom="readingOrder {index:4;}">
                    <Coords points="796,2185 796,2245 843,2245 843,2185"/>
                    <TextEquiv>
                        <Unicode>est</Unicode>
                    </TextEquiv>
                </Word>
                <Word id="tr_1_tl_41_w6" custom="readingOrder {index:5;}">
                    <Coords points="873,2186 873,2246 924,2246 924,2186"/>
                    <TextEquiv>
                        <Unicode>M.</Unicode>
                    </TextEquiv>
                </Word>
                <Word id="tr_1_tl_41_w7" custom="readingOrder {index:6;}">
                    <Coords points="951,2186 951,2246 1053,2246 1053,2186"/>
                    <TextEquiv>
                        <Unicode>André</Unicode>
                    </TextEquiv>
                </Word>
                <Word id="tr_1_tl_41_w8" custom="readingOrder {index:7;}">
                    <Coords points="1088,2185 1088,2245 1182,2245 1182,2185"/>
                    <TextEquiv>
                        <Unicode>Mau¬</Unicode>
                    </TextEquiv>
                </Word>
                <TextEquiv>
                    <Unicode>Valéry. Le barnum en est M. André Mau¬</Unicode>
                </TextEquiv>
            </TextLine>
            <TextLine id="tr_1_tl_42" custom="readingOrder {index:41;}">
                <Coords points="335,2283 1182,2270 1182,2242 1130,2234 335,2227"/>
                <Baseline points="343,2265 385,2262 427,2265 469,2262 511,2262 553,2262 595,2262 637,2262 679,2262 721,2262 764,2262 806,2262 848,2262 890,2262 932,2262 974,2263 1016,2264 1058,2263 1100,2265 1142,2265 1185,2262"/>
                <Word id="tr_1_tl_42_w1" custom="readingOrder {index:0;}">
                    <Coords points="333,2222 333,2282 410,2282 410,2222"/>
                    <TextEquiv>
                        <Unicode>rois,</Unicode>
                    </TextEquiv>
                </Word>
                <Word id="tr_1_tl_42_w2" custom="readingOrder {index:1;}">
                    <Coords points="419,2223 419,2283 470,2283 470,2223"/>
                    <TextEquiv>
                        <Unicode>qui</Unicode>
                    </TextEquiv>
                </Word>
                <Word id="tr_1_tl_42_w3" custom="readingOrder {index:2;}">
                    <Coords points="492,2222 492,2282 637,2282 637,2222"/>
                    <TextEquiv>
                        <Unicode>compare</Unicode>
                    </TextEquiv>
                </Word>
                <Word id="tr_1_tl_42_w4" custom="readingOrder {index:3;}">
                    <Coords points="663,2222 663,2282 710,2282 710,2222"/>
                    <TextEquiv>
                        <Unicode>M.</Unicode>
                    </TextEquiv>
                </Word>
                <Word id="tr_1_tl_42_w5" custom="readingOrder {index:4;}">
                    <Coords points="732,2222 732,2282 847,2282 847,2222"/>
                    <TextEquiv>
                        <Unicode>Valére</Unicode>
                    </TextEquiv>
                </Word>
                <Word id="tr_1_tl_42_w6" custom="readingOrder {index:5;}">
                    <Coords points="874,2222 874,2282 933,2282 933,2222"/>
                    <TextEquiv>
                        <Unicode>aux</Unicode>
                    </TextEquiv>
                </Word>
                <Word id="tr_1_tl_42_w7" custom="readingOrder {index:6;}">
                    <Coords points="964,2223 964,2283 1079,2283 1079,2223"/>
                    <TextEquiv>
                        <Unicode>grands</Unicode>
                    </TextEquiv>
                </Word>
                <Word id="tr_1_tl_42_w8" custom="readingOrder {index:7;}">
                    <Coords points="1101,2225 1101,2285 1182,2285 1182,2225"/>
                    <TextEquiv>
                        <Unicode>clas¬</Unicode>
                    </TextEquiv>
                </Word>
                <TextEquiv>
                    <Unicode>rois, qui compare M. Valére aux grands clas¬</Unicode>
                </TextEquiv>
            </TextLine>
            <TextLine id="tr_1_tl_43" custom="readingOrder {index:42;}">
                <Coords points="332,2306 1175,2310 1175,2271 332,2281"/>
                <Baseline points="340,2301 384,2301 428,2301 472,2301 516,2301 560,2301 604,2301 649,2301 693,2301 737,2301 781,2301 825,2301 869,2301 914,2301 958,2301 1002,2301 1046,2301 1090,2301 1134,2303 1179,2304"/>
                <Word id="tr_1_tl_43_w1" custom="readingOrder {index:0;}">
                    <Coords points="334,2261 334,2321 450,2321 450,2261"/>
                    <TextEquiv>
                        <Unicode>siques.</Unicode>
                    </TextEquiv>
                </Word>
                <Word id="tr_1_tl_43_w2" custom="readingOrder {index:1;}">
                    <Coords points="487,2261 487,2321 548,2321 548,2261"/>
                    <TextEquiv>
                        <Unicode>Les</Unicode>
                    </TextEquiv>
                </Word>
                <Word id="tr_1_tl_43_w3" custom="readingOrder {index:2;}">
                    <Coords points="585,2261 585,2321 726,2321 726,2261"/>
                    <TextEquiv>
                        <Unicode>hommes</Unicode>
                    </TextEquiv>
                </Word>
                <Word id="tr_1_tl_43_w4" custom="readingOrder {index:3;}">
                    <Coords points="763,2261 763,2321 799,2321 799,2261"/>
                    <TextEquiv>
                        <Unicode>de</Unicode>
                    </TextEquiv>
                </Word>
                <Word id="tr_1_tl_43_w5" custom="readingOrder {index:4;}">
                    <Coords points="840,2261 840,2321 1018,2321 1018,2261"/>
                    <TextEquiv>
                        <Unicode>l'industrie</Unicode>
                    </TextEquiv>
                </Word>
                <Word id="tr_1_tl_43_w6" custom="readingOrder {index:5;}">
                    <Coords points="1059,2262 1059,2322 1167,2322 1167,2262"/>
                    <TextEquiv>
                        <Unicode>lourde</Unicode>
                    </TextEquiv>
                </Word>
                <TextEquiv>
                    <Unicode>siques. Les hommes de l'industrie lourde</Unicode>
                </TextEquiv>
            </TextLine>
            <TextLine id="tr_1_tl_44" custom="readingOrder {index:43;}">
                <Coords points="335,2352 1187,2353 1156,2310 335,2305"/>
                <Baseline points="343,2340 385,2340 427,2340 470,2340 512,2340 554,2340 597,2340 639,2340 681,2340 724,2340 766,2340 808,2340 851,2340 893,2340 935,2341 978,2343 1020,2343 1062,2340 1105,2343 1147,2343 1190,2346"/>
                <Word id="tr_1_tl_44_w1" custom="readingOrder {index:0;}">
                    <Coords points="337,2300 337,2360 378,2360 378,2300"/>
                    <TextEquiv>
                        <Unicode>les</Unicode>
                    </TextEquiv>
                </Word>
                <Word id="tr_1_tl_44_w2" custom="readingOrder {index:1;}">
                    <Coords points="420,2300 420,2360 578,2360 578,2300"/>
                    <TextEquiv>
                        <Unicode>médecins</Unicode>
                    </TextEquiv>
                </Word>
                <Word id="tr_1_tl_44_w3" custom="readingOrder {index:2;}">
                    <Coords points="620,2300 620,2360 829,2360 829,2300"/>
                    <TextEquiv>
                        <Unicode>bibliophiles</Unicode>
                    </TextEquiv>
                </Word>
                <Word id="tr_1_tl_44_w4" custom="readingOrder {index:3;}">
                    <Coords points="867,2300 867,2360 895,2360 895,2300"/>
                    <TextEquiv>
                        <Unicode>et</Unicode>
                    </TextEquiv>
                </Word>
                <Word id="tr_1_tl_44_w5" custom="readingOrder {index:4;}">
                    <Coords points="933,2301 933,2361 979,2361 979,2301"/>
                    <TextEquiv>
                        <Unicode>les</Unicode>
                    </TextEquiv>
                </Word>
                <Word id="tr_1_tl_44_w6" custom="readingOrder {index:5;}">
                    <Coords points="1017,2300 1017,2360 1129,2360 1129,2300"/>
                    <TextEquiv>
                        <Unicode>lettrés</Unicode>
                    </TextEquiv>
                </Word>
                <Word id="tr_1_tl_44_w7" custom="readingOrder {index:6;}">
                    <Coords points="1163,2304 1163,2364 1175,2364 1175,2304"/>
                    <TextEquiv>
                        <Unicode>à</Unicode>
                    </TextEquiv>
                </Word>
                <TextEquiv>
                    <Unicode>les médecins bibliophiles et les lettrés à</Unicode>
                </TextEquiv>
            </TextLine>
            <TextLine id="tr_1_tl_45" custom="readingOrder {index:44;}">
                <Coords points="332,2387 910,2389 909,2357 871,2346 673,2364 631,2345 331,2354"/>
                <Baseline points="340,2375 368,2375 397,2375 425,2375 454,2377 483,2378 511,2378 540,2378 569,2378 597,2378 626,2378 655,2378 683,2378 712,2378 741,2378 769,2378 798,2378 827,2378 855,2378 884,2379 913,2381"/>
                <Word id="tr_1_tl_45_w1" custom="readingOrder {index:0;}">
                    <Coords points="332,2335 332,2395 495,2395 495,2335"/>
                    <TextEquiv>
                        <Unicode>mauvaise</Unicode>
                    </TextEquiv>
                </Word>
                <Word id="tr_1_tl_45_w2" custom="readingOrder {index:1;}">
                    <Coords points="529,2338 529,2398 655,2398 655,2338"/>
                    <TextEquiv>
                        <Unicode>haleine</Unicode>
                    </TextEquiv>
                </Word>
                <Word id="tr_1_tl_45_w3" custom="readingOrder {index:2;}">
                    <Coords points="693,2338 693,2398 907,2398 907,2338"/>
                    <TextEquiv>
                        <Unicode>souscriront.</Unicode>
                    </TextEquiv>
                </Word>
                <TextEquiv>
                    <Unicode>mauvaise haleine souscriront.</Unicode>
                </TextEquiv>
            </TextLine>
            <TextLine id="tr_1_tl_46" custom="readingOrder {index:45;}">
                <Coords points="371,2424 1183,2435 1183,2365 1138,2354 1033,2397 371,2389"/>
                <Baseline points="379,2417 419,2417 459,2417 500,2417 540,2417 581,2417 621,2417 661,2417 702,2417 742,2417 783,2414 823,2417 863,2417 904,2417 944,2417 985,2415 1025,2415 1065,2417 1106,2417 1146,2417 1187,2417"/>
                <Word id="tr_1_tl_46_w1" custom="readingOrder {index:0;}">
                    <Coords points="373,2377 373,2437 414,2437 414,2377"/>
                    <TextEquiv>
                        <Unicode>La</Unicode>
                    </TextEquiv>
                </Word>
                <Word id="tr_1_tl_46_w2" custom="readingOrder {index:1;}">
                    <Coords points="448,2377 448,2437 577,2437 577,2377"/>
                    <TextEquiv>
                        <Unicode>Faculté</Unicode>
                    </TextEquiv>
                </Word>
                <Word id="tr_1_tl_46_w3" custom="readingOrder {index:2;}">
                    <Coords points="607,2377 607,2437 644,2437 644,2377"/>
                    <TextEquiv>
                        <Unicode>de</Unicode>
                    </TextEquiv>
                </Word>
                <Word id="tr_1_tl_46_w4" custom="readingOrder {index:3;}">
                    <Coords points="674,2377 674,2437 757,2437 757,2377"/>
                    <TextEquiv>
                        <Unicode>Lyon</Unicode>
                    </TextEquiv>
                </Word>
                <Word id="tr_1_tl_46_w5" custom="readingOrder {index:4;}">
                    <Coords points="791,2377 791,2437 895,2437 895,2377"/>
                    <TextEquiv>
                        <Unicode>donne</Unicode>
                    </TextEquiv>
                </Word>
                <Word id="tr_1_tl_46_w6" custom="readingOrder {index:5;}">
                    <Coords points="925,2376 925,2436 987,2436 987,2376"/>
                    <TextEquiv>
                        <Unicode>aux</Unicode>
                    </TextEquiv>
                </Word>
                <Word id="tr_1_tl_46_w7" custom="readingOrder {index:6;}">
                    <Coords points="1017,2377 1017,2437 1183,2437 1183,2377"/>
                    <TextEquiv>
                        <Unicode>candidats</Unicode>
                    </TextEquiv>
                </Word>
                <TextEquiv>
                    <Unicode>La Faculté de Lyon donne aux candidats</Unicode>
                </TextEquiv>
            </TextLine>
            <TextLine id="tr_1_tl_47" custom="readingOrder {index:46;}">
                <Coords points="335,2467 1182,2466 1182,2433 1120,2425 335,2429"/>
                <Baseline points="343,2456 385,2456 427,2453 469,2455 511,2456 553,2456 595,2456 637,2454 679,2455 721,2456 764,2456 806,2456 848,2456 890,2455 932,2453 974,2456 1016,2456 1058,2456 1100,2456 1142,2456 1185,2456"/>
                <Word id="tr_1_tl_47_w1" custom="readingOrder {index:0;}">
                    <Coords points="337,2416 337,2476 371,2476 371,2416"/>
                    <TextEquiv>
                        <Unicode>au</Unicode>
                    </TextEquiv>
                </Word>
                <Word id="tr_1_tl_47_w2" custom="readingOrder {index:1;}">
                    <Coords points="397,2414 397,2474 512,2474 512,2414"/>
                    <TextEquiv>
                        <Unicode>bachot</Unicode>
                    </TextEquiv>
                </Word>
                <Word id="tr_1_tl_47_w3" custom="readingOrder {index:2;}">
                    <Coords points="539,2416 539,2476 573,2476 573,2416"/>
                    <TextEquiv>
                        <Unicode>un</Unicode>
                    </TextEquiv>
                </Word>
                <Word id="tr_1_tl_47_w4" custom="readingOrder {index:3;}">
                    <Coords points="603,2414 603,2474 684,2474 684,2414"/>
                    <TextEquiv>
                        <Unicode>texte</Unicode>
                    </TextEquiv>
                </Word>
                <Word id="tr_1_tl_47_w5" custom="readingOrder {index:4;}">
                    <Coords points="710,2416 710,2476 744,2476 744,2416"/>
                    <TextEquiv>
                        <Unicode>de</Unicode>
                    </TextEquiv>
                </Word>
                <Word id="tr_1_tl_47_w6" custom="readingOrder {index:5;}">
                    <Coords points="771,2416 771,2476 822,2476 822,2416"/>
                    <TextEquiv>
                        <Unicode>M.</Unicode>
                    </TextEquiv>
                </Word>
                <Word id="tr_1_tl_47_w7" custom="readingOrder {index:6;}">
                    <Coords points="844,2415 844,2475 924,2475 924,2415"/>
                    <TextEquiv>
                        <Unicode>Paul</Unicode>
                    </TextEquiv>
                </Word>
                <Word id="tr_1_tl_47_w8" custom="readingOrder {index:7;}">
                    <Coords points="946,2416 946,2476 1079,2476 1079,2416"/>
                    <TextEquiv>
                        <Unicode>Valéry,</Unicode>
                    </TextEquiv>
                </Word>
                <Word id="tr_1_tl_47_w9" custom="readingOrder {index:8;}">
                    <Coords points="1101,2416 1101,2476 1186,2476 1186,2416"/>
                    <TextEquiv>
                        <Unicode>com¬</Unicode>
                    </TextEquiv>
                </Word>
                <TextEquiv>
                    <Unicode>au bachot un texte de M. Paul Valéry, com¬</Unicode>
                </TextEquiv>
            </TextLine>
            <TextLine id="tr_1_tl_48" custom="readingOrder {index:47;}">
                <Coords points="335,2508 402,2525 584,2498 645,2526 661,2510 709,2526 815,2515 813,2472 704,2459 335,2467"/>
                <Baseline points="343,2495 369,2493 395,2492 422,2492 448,2492 474,2492 501,2492 527,2492 553,2494 580,2495 606,2495 632,2495 659,2495 685,2493 711,2492 738,2492 764,2493 790,2495 817,2498"/>
                <Word id="tr_1_tl_48_w1" custom="readingOrder {index:0;}">
                    <Coords points="333,2453 333,2513 380,2513 380,2453"/>
                    <TextEquiv>
                        <Unicode>me</Unicode>
                    </TextEquiv>
                </Word>
                <Word id="tr_1_tl_48_w2" custom="readingOrder {index:1;}">
                    <Coords points="411,2452 411,2512 494,2512 494,2452"/>
                    <TextEquiv>
                        <Unicode>sujet</Unicode>
                    </TextEquiv>
                </Word>
                <Word id="tr_1_tl_48_w3" custom="readingOrder {index:2;}">
                    <Coords points="525,2454 525,2514 815,2514 815,2454"/>
                    <TextEquiv>
                        <Unicode>d’amplification.</Unicode>
                    </TextEquiv>
                </Word>
                <TextEquiv>
                    <Unicode>me sujet d’amplification.</Unicode>
                </TextEquiv>
            </TextLine>
            <TextLine id="tr_1_tl_49" custom="readingOrder {index:48;}">
                <Coords points="378,2578 1183,2590 1183,2533 1124,2529 378,2538"/>
                <Baseline points="385,2567 425,2567 465,2567 505,2567 545,2569 585,2570 625,2570 665,2570 705,2570 745,2570 786,2570 826,2570 866,2570 906,2570 946,2570 986,2570 1026,2570 1066,2570 1106,2570 1146,2570 1187,2570"/>
                <Word id="tr_1_tl_49_w1" custom="readingOrder {index:0;}">
                    <Coords points="376,2527 376,2587 416,2587 416,2527"/>
                    <TextEquiv>
                        <Unicode>On</Unicode>
                    </TextEquiv>
                </Word>
                <Word id="tr_1_tl_49_w2" custom="readingOrder {index:1;}">
                    <Coords points="451,2527 451,2587 513,2587 513,2527"/>
                    <TextEquiv>
                        <Unicode>sait</Unicode>
                    </TextEquiv>
                </Word>
                <Word id="tr_1_tl_49_w3" custom="readingOrder {index:2;}">
                    <Coords points="540,2529 540,2589 628,2589 628,2529"/>
                    <TextEquiv>
                        <Unicode>aussi</Unicode>
                    </TextEquiv>
                </Word>
                <Word id="tr_1_tl_49_w4" custom="readingOrder {index:3;}">
                    <Coords points="651,2530 651,2590 744,2590 744,2530"/>
                    <TextEquiv>
                        <Unicode>qu’on</Unicode>
                    </TextEquiv>
                </Word>
                <Word id="tr_1_tl_49_w5" custom="readingOrder {index:4;}">
                    <Coords points="775,2530 775,2590 788,2590 788,2530"/>
                    <TextEquiv>
                        <Unicode>a</Unicode>
                    </TextEquiv>
                </Word>
                <Word id="tr_1_tl_49_w6" custom="readingOrder {index:5;}">
                    <Coords points="820,2530 820,2590 966,2590 966,2530"/>
                    <TextEquiv>
                        <Unicode>comparé</Unicode>
                    </TextEquiv>
                </Word>
                <Word id="tr_1_tl_49_w7" custom="readingOrder {index:6;}">
                    <Coords points="993,2530 993,2590 1045,2590 1045,2530"/>
                    <TextEquiv>
                        <Unicode>M.</Unicode>
                    </TextEquiv>
                </Word>
                <Word id="tr_1_tl_49_w8" custom="readingOrder {index:7;}">
                    <Coords points="1068,2530 1068,2590 1183,2590 1183,2530"/>
                    <TextEquiv>
                        <Unicode>Valéry</Unicode>
                    </TextEquiv>
                </Word>
                <TextEquiv>
                    <Unicode>On sait aussi qu’on a comparé M. Valéry</Unicode>
                </TextEquiv>
            </TextLine>
            <TextLine id="tr_1_tl_50" custom="readingOrder {index:49;}">
                <Coords points="375,2617 405,2612 433,2622 465,2613 482,2621 511,2613 547,2620 582,2613 582,2575 517,2586 446,2571 434,2581 375,2577"/>
                <Baseline points="382,2605 407,2605 432,2605 458,2605 483,2605 508,2605 534,2605 559,2605 585,2605"/>
                <Word id="tr_1_tl_50_w1" custom="readingOrder {index:0;}">
                    <Coords points="378,2565 378,2625 578,2625 578,2565"/>
                    <TextEquiv>
                        <Unicode>Mallarmé.</Unicode>
                    </TextEquiv>
                </Word>
                <TextEquiv>
                    <Unicode>Mallarmé.</Unicode>
                </TextEquiv>
            </TextLine>
            <TextLine id="tr_1_tl_51" custom="readingOrder {index:50;}">
                <Coords points="378,2652 1183,2652 1175,2605 378,2614"/>
                <Baseline points="385,2644 425,2644 465,2644 505,2644 545,2644 585,2644 625,2644 665,2644 705,2644 745,2644 786,2644 826,2644 866,2644 906,2644 946,2644 986,2644 1026,2644 1066,2644 1106,2644 1146,2644 1187,2644"/>
                <Word id="tr_1_tl_51_w1" custom="readingOrder {index:0;}">
                    <Coords points="376,2604 376,2664 457,2664 457,2604"/>
                    <TextEquiv>
                        <Unicode>Pavé</Unicode>
                    </TextEquiv>
                </Word>
                <Word id="tr_1_tl_51_w2" custom="readingOrder {index:1;}">
                    <Coords points="488,2604 488,2664 521,2664 521,2604"/>
                    <TextEquiv>
                        <Unicode>de</Unicode>
                    </TextEquiv>
                </Word>
                <Word id="tr_1_tl_51_w3" custom="readingOrder {index:2;}">
                    <Coords points="556,2604 556,2664 672,2664 672,2604"/>
                    <TextEquiv>
                        <Unicode>l'ours.</Unicode>
                    </TextEquiv>
                </Word>
                <Word id="tr_1_tl_51_w4" custom="readingOrder {index:3;}">
                    <Coords points="698,2604 698,2664 741,2664 741,2604"/>
                    <TextEquiv>
                        <Unicode>La</Unicode>
                    </TextEquiv>
                </Word>
                <Word id="tr_1_tl_51_w5" custom="readingOrder {index:4;}">
                    <Coords points="771,2604 771,2664 912,2664 912,2604"/>
                    <TextEquiv>
                        <Unicode>subtilité</Unicode>
                    </TextEquiv>
                </Word>
                <Word id="tr_1_tl_51_w6" custom="readingOrder {index:5;}">
                    <Coords points="943,2604 943,2664 981,2664 981,2604"/>
                    <TextEquiv>
                        <Unicode>de</Unicode>
                    </TextEquiv>
                </Word>
                <Word id="tr_1_tl_51_w7" custom="readingOrder {index:6;}">
                    <Coords points="1012,2604 1012,2664 1179,2664 1179,2604"/>
                    <TextEquiv>
                        <Unicode>Mallarmé</Unicode>
                    </TextEquiv>
                </Word>
                <TextEquiv>
                    <Unicode>Pavé de l'ours. La subtilité de Mallarmé</Unicode>
                </TextEquiv>
            </TextLine>
            <TextLine id="tr_1_tl_52" custom="readingOrder {index:51;}">
                <Coords points="335,2688 1187,2695 1174,2652 335,2663"/>
                <Baseline points="343,2680 385,2683 427,2683 470,2683 512,2683 554,2683 597,2683 639,2681 681,2680 724,2680 766,2680 808,2680 851,2681 893,2683 935,2683 978,2683 1020,2683 1062,2683 1105,2683 1147,2683 1190,2680"/>
                <Word id="tr_1_tl_52_w1" custom="readingOrder {index:0;}">
                    <Coords points="337,2643 337,2703 453,2703 453,2643"/>
                    <TextEquiv>
                        <Unicode>n'était</Unicode>
                    </TextEquiv>
                </Word>
                <Word id="tr_1_tl_52_w2" custom="readingOrder {index:1;}">
                    <Coords points="479,2643 479,2703 532,2703 532,2643"/>
                    <TextEquiv>
                        <Unicode>pas</Unicode>
                    </TextEquiv>
                </Word>
                <Word id="tr_1_tl_52_w3" custom="readingOrder {index:2;}">
                    <Coords points="558,2643 558,2703 628,2703 628,2643"/>
                    <TextEquiv>
                        <Unicode>d'un</Unicode>
                    </TextEquiv>
                </Word>
                <Word id="tr_1_tl_52_w4" custom="readingOrder {index:3;}">
                    <Coords points="666,2640 666,2700 775,2700 775,2640"/>
                    <TextEquiv>
                        <Unicode>devoir</Unicode>
                    </TextEquiv>
                </Word>
                <Word id="tr_1_tl_52_w5" custom="readingOrder {index:4;}">
                    <Coords points="804,2641 804,2701 937,2701 937,2641"/>
                    <TextEquiv>
                        <Unicode>scolaire</Unicode>
                    </TextEquiv>
                </Word>
                <Word id="tr_1_tl_52_w6" custom="readingOrder {index:5;}">
                    <Coords points="967,2643 967,2703 1079,2703 1079,2643"/>
                    <TextEquiv>
                        <Unicode>épuré.</Unicode>
                    </TextEquiv>
                </Word>
                <Word id="tr_1_tl_52_w7" custom="readingOrder {index:6;}">
                    <Coords points="1104,2643 1104,2703 1187,2703 1187,2643"/>
                    <TextEquiv>
                        <Unicode>Mal¬</Unicode>
                    </TextEquiv>
                </Word>
                <TextEquiv>
                    <Unicode>n'était pas d'un devoir scolaire épuré. Mal¬</Unicode>
                </TextEquiv>
            </TextLine>
            <TextLine id="tr_1_tl_53" custom="readingOrder {index:52;}">
                <Coords points="332,2738 1182,2726 1182,2692 1101,2684 332,2684"/>
                <Baseline points="340,2722 382,2722 424,2719 466,2722 509,2722 551,2722 593,2722 635,2720 678,2719 720,2721 762,2720 804,2719 847,2719 889,2719 931,2720 973,2722 1016,2722 1058,2722 1100,2722 1142,2722 1185,2716"/>
                <Word id="tr_1_tl_53_w1" custom="readingOrder {index:0;}">
                    <Coords points="333,2682 333,2742 431,2742 431,2682"/>
                    <TextEquiv>
                        <Unicode>larmé</Unicode>
                    </TextEquiv>
                </Word>
                <Word id="tr_1_tl_53_w2" custom="readingOrder {index:1;}">
                    <Coords points="470,2682 470,2742 584,2742 584,2682"/>
                    <TextEquiv>
                        <Unicode>n'était</Unicode>
                    </TextEquiv>
                </Word>
                <Word id="tr_1_tl_53_w3" custom="readingOrder {index:2;}">
                    <Coords points="615,2679 615,2739 672,2739 672,2679"/>
                    <TextEquiv>
                        <Unicode>pas</Unicode>
                    </TextEquiv>
                </Word>
                <Word id="tr_1_tl_53_w4" custom="readingOrder {index:3;}">
                    <Coords points="711,2680 711,2740 744,2740 744,2680"/>
                    <TextEquiv>
                        <Unicode>un</Unicode>
                    </TextEquiv>
                </Word>
                <Word id="tr_1_tl_53_w5" custom="readingOrder {index:4;}">
                    <Coords points="783,2679 783,2739 1038,2739 1038,2679"/>
                    <TextEquiv>
                        <Unicode>commentateur</Unicode>
                    </TextEquiv>
                </Word>
                <Word id="tr_1_tl_53_w6" custom="readingOrder {index:5;}">
                    <Coords points="1073,2682 1073,2742 1187,2742 1187,2682"/>
                    <TextEquiv>
                        <Unicode>acadé¬</Unicode>
                    </TextEquiv>
                </Word>
                <TextEquiv>
                    <Unicode>larmé n'était pas un commentateur acadé¬</Unicode>
                </TextEquiv>
            </TextLine>
            <TextLine id="tr_1_tl_54" custom="readingOrder {index:53;}">
                <Coords points="332,2774 1189,2772 1189,2728 332,2742"/>
                <Baseline points="340,2758 382,2758 425,2758 467,2758 510,2758 552,2758 595,2758 637,2758 680,2758 722,2758 765,2758 807,2758 850,2759 892,2761 935,2761 977,2761 1020,2761 1062,2761 1105,2761 1147,2761 1190,2758"/>
                <Word id="tr_1_tl_54_w1" custom="readingOrder {index:0;}">
                    <Coords points="334,2718 334,2778 439,2778 439,2718"/>
                    <TextEquiv>
                        <Unicode>mique</Unicode>
                    </TextEquiv>
                </Word>
                <Word id="tr_1_tl_54_w2" custom="readingOrder {index:1;}">
                    <Coords points="467,2718 467,2778 499,2778 499,2718"/>
                    <TextEquiv>
                        <Unicode>de</Unicode>
                    </TextEquiv>
                </Word>
                <Word id="tr_1_tl_54_w3" custom="readingOrder {index:2;}">
                    <Coords points="532,2718 532,2778 581,2778 581,2718"/>
                    <TextEquiv>
                        <Unicode>son</Unicode>
                    </TextEquiv>
                </Word>
                <Word id="tr_1_tl_54_w4" custom="readingOrder {index:3;}">
                    <Coords points="613,2718 613,2778 755,2778 755,2718"/>
                    <TextEquiv>
                        <Unicode>époque,</Unicode>
                    </TextEquiv>
                </Word>
                <Word id="tr_1_tl_54_w5" custom="readingOrder {index:4;}">
                    <Coords points="784,2719 784,2779 954,2779 954,2719"/>
                    <TextEquiv>
                        <Unicode>Mallarmé</Unicode>
                    </TextEquiv>
                </Word>
                <Word id="tr_1_tl_54_w6" custom="readingOrder {index:5;}">
                    <Coords points="987,2721 987,2781 1100,2781 1100,2721"/>
                    <TextEquiv>
                        <Unicode>n'était</Unicode>
                    </TextEquiv>
                </Word>
                <Word id="tr_1_tl_54_w7" custom="readingOrder {index:6;}">
                    <Coords points="1129,2720 1129,2780 1185,2780 1185,2720"/>
                    <TextEquiv>
                        <Unicode>pas</Unicode>
                    </TextEquiv>
                </Word>
                <TextEquiv>
                    <Unicode>mique de son époque, Mallarmé n'était pas</Unicode>
                </TextEquiv>
            </TextLine>
            <TextLine id="tr_1_tl_55" custom="readingOrder {index:54;}">
                <Coords points="339,2802 1193,2805 1182,2768 339,2775"/>
                <Baseline points="346,2796 388,2799 431,2796 473,2796 516,2796 558,2796 601,2796 643,2796 686,2796 728,2796 771,2796 813,2796 856,2796 898,2796 941,2796 983,2797 1026,2798 1068,2796 1111,2796 1153,2796 1196,2799"/>
                <Word id="tr_1_tl_55_w1" custom="readingOrder {index:0;}">
                    <Coords points="337,2756 337,2816 372,2816 372,2756"/>
                    <TextEquiv>
                        <Unicode>un</Unicode>
                    </TextEquiv>
                </Word>
                <Word id="tr_1_tl_55_w2" custom="readingOrder {index:1;}">
                    <Coords points="409,2756 409,2816 599,2816 599,2756"/>
                    <TextEquiv>
                        <Unicode>philosophe</Unicode>
                    </TextEquiv>
                </Word>
                <Word id="tr_1_tl_55_w3" custom="readingOrder {index:2;}">
                    <Coords points="636,2756 636,2816 813,2816 813,2756"/>
                    <TextEquiv>
                        <Unicode>courtisan.</Unicode>
                    </TextEquiv>
                </Word>
                <Word id="tr_1_tl_55_w4" custom="readingOrder {index:3;}">
                    <Coords points="846,2756 846,2816 878,2816 878,2756"/>
                    <TextEquiv>
                        <Unicode>Il</Unicode>
                    </TextEquiv>
                </Word>
                <Word id="tr_1_tl_55_w5" custom="readingOrder {index:4;}">
                    <Coords points="907,2756 907,2816 1024,2816 1024,2756"/>
                    <TextEquiv>
                        <Unicode>n'était</Unicode>
                    </TextEquiv>
                </Word>
                <Word id="tr_1_tl_55_w6" custom="readingOrder {index:5;}">
                    <Coords points="1052,2756 1052,2816 1109,2816 1109,2756"/>
                    <TextEquiv>
                        <Unicode>pas</Unicode>
                    </TextEquiv>
                </Word>
                <Word id="tr_1_tl_55_w7" custom="readingOrder {index:6;}">
                    <Coords points="1145,2756 1145,2816 1177,2816 1177,2756"/>
                    <TextEquiv>
                        <Unicode>un</Unicode>
                    </TextEquiv>
                </Word>
                <TextEquiv>
                    <Unicode>un philosophe courtisan. Il n'était pas un</Unicode>
                </TextEquiv>
            </TextLine>
            <TextLine id="tr_1_tl_56" custom="readingOrder {index:55;}">
                <Coords points="332,2854 1190,2854 1190,2805 1124,2799 332,2819"/>
                <Baseline points="340,2835 382,2835 425,2835 467,2835 510,2835 553,2835 595,2835 638,2835 681,2835 723,2835 766,2835 809,2835 851,2835 894,2835 937,2835 979,2835 1022,2835 1065,2835 1107,2835 1150,2835 1193,2835"/>
                <Word id="tr_1_tl_56_w1" custom="readingOrder {index:0;}">
                    <Coords points="334,2795 334,2855 561,2855 561,2795"/>
                    <TextEquiv>
                        <Unicode>ambassadeur</Unicode>
                    </TextEquiv>
                </Word>
                <Word id="tr_1_tl_56_w2" custom="readingOrder {index:1;}">
                    <Coords points="586,2795 586,2855 622,2855 622,2795"/>
                    <TextEquiv>
                        <Unicode>de</Unicode>
                    </TextEquiv>
                </Word>
                <Word id="tr_1_tl_56_w3" custom="readingOrder {index:2;}">
                    <Coords points="646,2795 646,2855 768,2855 768,2795"/>
                    <TextEquiv>
                        <Unicode>lettres.</Unicode>
                    </TextEquiv>
                </Word>
                <Word id="tr_1_tl_56_w4" custom="readingOrder {index:3;}">
                    <Coords points="789,2795 789,2855 926,2855 926,2795"/>
                    <TextEquiv>
                        <Unicode>Réfugié</Unicode>
                    </TextEquiv>
                </Word>
                <Word id="tr_1_tl_56_w5" custom="readingOrder {index:4;}">
                    <Coords points="951,2795 951,2855 979,2855 979,2795"/>
                    <TextEquiv>
                        <Unicode>en</Unicode>
                    </TextEquiv>
                </Word>
                <Word id="tr_1_tl_56_w6" custom="readingOrder {index:5;}">
                    <Coords points="1008,2795 1008,2855 1190,2855 1190,2795"/>
                    <TextEquiv>
                        <Unicode>lui-même,</Unicode>
                    </TextEquiv>
                </Word>
                <TextEquiv>
                    <Unicode>ambassadeur de lettres. Réfugié en lui-même,</Unicode>
                </TextEquiv>
            </TextLine>
            <TextLine id="tr_1_tl_57" custom="readingOrder {index:56;}">
                <Coords points="332,2873 1190,2884 1158,2845 997,2835 966,2861 332,2858"/>
                <Baseline points="340,2871 382,2874 425,2874 467,2874 510,2874 553,2872 595,2873 638,2872 681,2873 723,2874 766,2874 809,2874 851,2874 894,2874 937,2874 979,2874 1022,2874 1065,2874 1107,2874 1150,2874 1193,2871"/>
                <Word id="tr_1_tl_57_w1" custom="readingOrder {index:0;}">
                    <Coords points="333,2831 333,2891 344,2891 344,2831"/>
                    <TextEquiv>
                        <Unicode>«</Unicode>
                    </TextEquiv>
                </Word>
                <Word id="tr_1_tl_57_w2" custom="readingOrder {index:1;}">
                    <Coords points="379,2834 379,2894 424,2894 424,2834"/>
                    <TextEquiv>
                        <Unicode>tel</Unicode>
                    </TextEquiv>
                </Word>
                <Word id="tr_1_tl_57_w3" custom="readingOrder {index:2;}">
                    <Coords points="447,2834 447,2894 538,2894 538,2834"/>
                    <TextEquiv>
                        <Unicode>qu'en</Unicode>
                    </TextEquiv>
                </Word>
                <Word id="tr_1_tl_57_w4" custom="readingOrder {index:3;}">
                    <Coords points="573,2832 573,2892 737,2892 737,2832"/>
                    <TextEquiv>
                        <Unicode>lui-même</Unicode>
                    </TextEquiv>
                </Word>
                <Word id="tr_1_tl_57_w5" custom="readingOrder {index:4;}">
                    <Coords points="772,2834 772,2894 870,2894 870,2834"/>
                    <TextEquiv>
                        <Unicode>enfin.</Unicode>
                    </TextEquiv>
                </Word>
                <Word id="tr_1_tl_57_w6" custom="readingOrder {index:5;}">
                    <Coords points="886,2834 886,2894 897,2894 897,2834"/>
                    <TextEquiv>
                        <Unicode>.</Unicode>
                    </TextEquiv>
                </Word>
                <Word id="tr_1_tl_57_w7" custom="readingOrder {index:6;}">
                    <Coords points="921,2834 921,2894 955,2894 955,2834"/>
                    <TextEquiv>
                        <Unicode>»,</Unicode>
                    </TextEquiv>
                </Word>
                <Word id="tr_1_tl_57_w8" custom="readingOrder {index:7;}">
                    <Coords points="982,2834 982,2894 1008,2894 1008,2834"/>
                    <TextEquiv>
                        <Unicode>il</Unicode>
                    </TextEquiv>
                </Word>
                <Word id="tr_1_tl_57_w9" custom="readingOrder {index:8;}">
                    <Coords points="1031,2834 1031,2894 1069,2894 1069,2834"/>
                    <TextEquiv>
                        <Unicode>ne</Unicode>
                    </TextEquiv>
                </Word>
                <Word id="tr_1_tl_57_w10" custom="readingOrder {index:9;}">
                    <Coords points="1100,2834 1100,2894 1191,2894 1191,2834"/>
                    <TextEquiv>
                        <Unicode>mon¬</Unicode>
                    </TextEquiv>
                </Word>
                <TextEquiv>
                    <Unicode>« tel qu'en lui-même enfin. . », il ne mon¬</Unicode>
                </TextEquiv>
            </TextLine>
            <TextLine id="tr_1_tl_58" custom="readingOrder {index:57;}">
                <Coords points="335,2920 1191,2919 1174,2878 559,2902 335,2874"/>
                <Baseline points="343,2913 385,2913 428,2913 470,2913 513,2913 555,2913 598,2913 640,2913 683,2911 725,2912 768,2913 810,2913 853,2912 895,2910 938,2910 980,2910 1023,2910 1065,2910 1108,2913 1150,2910 1193,2907"/>
                <Word id="tr_1_tl_58_w1" custom="readingOrder {index:0;}">
                    <Coords points="336,2873 336,2933 446,2933 446,2873"/>
                    <TextEquiv>
                        <Unicode>navait</Unicode>
                    </TextEquiv>
                </Word>
                <Word id="tr_1_tl_58_w2" custom="readingOrder {index:1;}">
                    <Coords points="477,2873 477,2933 533,2933 533,2873"/>
                    <TextEquiv>
                        <Unicode>pas</Unicode>
                    </TextEquiv>
                </Word>
                <Word id="tr_1_tl_58_w3" custom="readingOrder {index:2;}">
                    <Coords points="568,2873 568,2933 617,2933 617,2873"/>
                    <TextEquiv>
                        <Unicode>son</Unicode>
                    </TextEquiv>
                </Word>
                <Word id="tr_1_tl_58_w4" custom="readingOrder {index:3;}">
                    <Coords points="652,2871 652,2931 789,2931 789,2871"/>
                    <TextEquiv>
                        <Unicode>éternité</Unicode>
                    </TextEquiv>
                </Word>
                <Word id="tr_1_tl_58_w5" custom="readingOrder {index:4;}">
                    <Coords points="823,2870 823,2930 941,2930 941,2870"/>
                    <TextEquiv>
                        <Unicode>devant</Unicode>
                    </TextEquiv>
                </Word>
                <Word id="tr_1_tl_58_w6" custom="readingOrder {index:5;}">
                    <Coords points="991,2870 991,2930 1036,2930 1036,2870"/>
                    <TextEquiv>
                        <Unicode>les</Unicode>
                    </TextEquiv>
                </Word>
                <Word id="tr_1_tl_58_w7" custom="readingOrder {index:6;}">
                    <Coords points="1086,2870 1086,2930 1188,2930 1188,2870"/>
                    <TextEquiv>
                        <Unicode>maré¬</Unicode>
                    </TextEquiv>
                </Word>
                <TextEquiv>
                    <Unicode>navait pas son éternité devant les maré¬</Unicode>
                </TextEquiv>
            </TextLine>
            <TextLine id="tr_1_tl_59" custom="readingOrder {index:58;}">
                <Coords points="342,2956 1187,2956 1158,2916 342,2919"/>
                <Baseline points="349,2952 391,2952 433,2949 475,2952 517,2949 559,2949 601,2949 643,2949 685,2949 727,2949 769,2951 811,2950 853,2949 895,2949 937,2949 979,2949 1021,2949 1063,2949 1105,2952 1147,2949 1190,2949"/>
                <Word id="tr_1_tl_59_w1" custom="readingOrder {index:0;}">
                    <Coords points="340,2911 340,2971 453,2971 453,2911"/>
                    <TextEquiv>
                        <Unicode>chaux.</Unicode>
                    </TextEquiv>
                </Word>
                <Word id="tr_1_tl_59_w2" custom="readingOrder {index:1;}">
                    <Coords points="486,2909 486,2969 530,2969 530,2909"/>
                    <TextEquiv>
                        <Unicode>Et</Unicode>
                    </TextEquiv>
                </Word>
                <Word id="tr_1_tl_59_w3" custom="readingOrder {index:2;}">
                    <Coords points="567,2909 567,2969 757,2969 757,2909"/>
                    <TextEquiv>
                        <Unicode>Mailarmé,</Unicode>
                    </TextEquiv>
                </Word>
                <Word id="tr_1_tl_59_w4" custom="readingOrder {index:3;}">
                    <Coords points="790,2910 790,2970 818,2970 818,2910"/>
                    <TextEquiv>
                        <Unicode>si</Unicode>
                    </TextEquiv>
                </Word>
                <Word id="tr_1_tl_59_w5" custom="readingOrder {index:4;}">
                    <Coords points="855,2909 855,2969 1062,2969 1062,2909"/>
                    <TextEquiv>
                        <Unicode>mallarméen</Unicode>
                    </TextEquiv>
                </Word>
                <Word id="tr_1_tl_59_w6" custom="readingOrder {index:5;}">
                    <Coords points="1103,2909 1103,2969 1187,2969 1187,2909"/>
                    <TextEquiv>
                        <Unicode>qu'il</Unicode>
                    </TextEquiv>
                </Word>
                <TextEquiv>
                    <Unicode>chaux. Et Mailarmé, si mallarméen qu'il</Unicode>
                </TextEquiv>
            </TextLine>
            <TextLine id="tr_1_tl_60" custom="readingOrder {index:59;}">
                <Coords points="342,2996 1187,3000 1187,2956 342,2957"/>
                <Baseline points="349,2990 391,2987 433,2987 475,2987 517,2987 559,2987 601,2987 643,2987 685,2987 727,2987 769,2987 811,2987 853,2987 895,2987 937,2987 979,2987 1021,2986 1063,2984 1105,2984 1147,2987 1190,2987"/>
                <Word id="tr_1_tl_60_w1" custom="readingOrder {index:0;}">
                    <Coords points="339,2948 339,3008 403,3008 403,2948"/>
                    <TextEquiv>
                        <Unicode>fût,</Unicode>
                    </TextEquiv>
                </Word>
                <Word id="tr_1_tl_60_w2" custom="readingOrder {index:1;}">
                    <Coords points="419,2947 419,3007 445,3007 445,2947"/>
                    <TextEquiv>
                        <Unicode>se</Unicode>
                    </TextEquiv>
                </Word>
                <Word id="tr_1_tl_60_w3" custom="readingOrder {index:2;}">
                    <Coords points="472,2947 472,3007 510,3007 510,2947"/>
                    <TextEquiv>
                        <Unicode>lia</Unicode>
                    </TextEquiv>
                </Word>
                <Word id="tr_1_tl_60_w4" custom="readingOrder {index:3;}">
                    <Coords points="537,2947 537,3007 701,3007 701,2947"/>
                    <TextEquiv>
                        <Unicode>lui-même</Unicode>
                    </TextEquiv>
                </Word>
                <Word id="tr_1_tl_60_w5" custom="readingOrder {index:4;}">
                    <Coords points="724,2947 724,3007 731,3007 731,2947"/>
                    <TextEquiv>
                        <Unicode>à</Unicode>
                    </TextEquiv>
                </Word>
                <Word id="tr_1_tl_60_w6" custom="readingOrder {index:5;}">
                    <Coords points="758,2947 758,3007 861,3007 861,2947"/>
                    <TextEquiv>
                        <Unicode>toutes</Unicode>
                    </TextEquiv>
                </Word>
                <Word id="tr_1_tl_60_w7" custom="readingOrder {index:6;}">
                    <Coords points="884,2947 884,3007 929,3007 929,2947"/>
                    <TextEquiv>
                        <Unicode>les</Unicode>
                    </TextEquiv>
                </Word>
                <Word id="tr_1_tl_60_w8" custom="readingOrder {index:7;}">
                    <Coords points="952,2946 952,3006 1051,3006 1051,2946"/>
                    <TextEquiv>
                        <Unicode>forces</Unicode>
                    </TextEquiv>
                </Word>
                <Word id="tr_1_tl_60_w9" custom="readingOrder {index:8;}">
                    <Coords points="1074,2944 1074,3004 1108,3004 1108,2944"/>
                    <TextEquiv>
                        <Unicode>de</Unicode>
                    </TextEquiv>
                </Word>
                <Word id="tr_1_tl_60_w10" custom="readingOrder {index:9;}">
                    <Coords points="1131,2947 1131,3007 1180,3007 1180,2947"/>
                    <TextEquiv>
                        <Unicode>son</Unicode>
                    </TextEquiv>
                </Word>
                <TextEquiv>
                    <Unicode>fût, se lia lui-même à toutes les forces de son</Unicode>
                </TextEquiv>
            </TextLine>
            <TextLine id="tr_1_tl_61" custom="readingOrder {index:60;}">
                <Coords points="344,3036 1190,3040 1190,3002 1118,2994 344,2998"/>
                <Baseline points="352,3029 394,3026 436,3026 478,3026 520,3026 562,3026 604,3026 646,3026 688,3026 730,3026 772,3026 814,3026 856,3026 898,3026 940,3026 982,3026 1024,3026 1066,3023 1108,3026 1150,3026 1193,3029"/>
                <Word id="tr_1_tl_61_w1" custom="readingOrder {index:0;}">
                    <Coords points="342,2986 342,3046 458,3046 458,2986"/>
                    <TextEquiv>
                        <Unicode>époque</Unicode>
                    </TextEquiv>
                </Word>
                <Word id="tr_1_tl_61_w2" custom="readingOrder {index:1;}">
                    <Coords points="496,2986 496,3046 554,3046 554,2986"/>
                    <TextEquiv>
                        <Unicode>que</Unicode>
                    </TextEquiv>
                </Word>
                <Word id="tr_1_tl_61_w3" custom="readingOrder {index:2;}">
                    <Coords points="593,2986 593,3046 617,3046 617,2986"/>
                    <TextEquiv>
                        <Unicode>la</Unicode>
                    </TextEquiv>
                </Word>
                <Word id="tr_1_tl_61_w4" custom="readingOrder {index:3;}">
                    <Coords points="655,2986 655,3046 860,3046 860,2986"/>
                    <TextEquiv>
                        <Unicode>philosophie</Unicode>
                    </TextEquiv>
                </Word>
                <Word id="tr_1_tl_61_w5" custom="readingOrder {index:4;}">
                    <Coords points="898,2986 898,3046 935,3046 935,2986"/>
                    <TextEquiv>
                        <Unicode>de</Unicode>
                    </TextEquiv>
                </Word>
                <Word id="tr_1_tl_61_w6" custom="readingOrder {index:5;}">
                    <Coords points="973,2986 973,3046 1023,3046 1023,2986"/>
                    <TextEquiv>
                        <Unicode>M.</Unicode>
                    </TextEquiv>
                </Word>
                <Word id="tr_1_tl_61_w7" custom="readingOrder {index:6;}">
                    <Coords points="1057,2986 1057,3046 1194,3046 1194,2986"/>
                    <TextEquiv>
                        <Unicode>Valéry,</Unicode>
                    </TextEquiv>
                </Word>
                <TextEquiv>
                    <Unicode>époque que la philosophie de M. Valéry,</Unicode>
                </TextEquiv>
            </TextLine>
            <TextLine id="tr_1_tl_62" custom="readingOrder {index:61;}">
                <Coords points="342,3073 1193,3078 1193,3038 342,3034"/>
                <Baseline points="349,3065 391,3065 433,3065 476,3065 518,3065 560,3065 603,3065 645,3065 687,3063 730,3064 772,3065 814,3065 857,3064 899,3062 941,3062 984,3062 1026,3062 1068,3062 1111,3062 1153,3065 1196,3062"/>
                <Word id="tr_1_tl_62_w1" custom="readingOrder {index:0;}">
                    <Coords points="340,3025 340,3085 518,3085 518,3025"/>
                    <TextEquiv>
                        <Unicode>cristalline</Unicode>
                    </TextEquiv>
                </Word>
                <Word id="tr_1_tl_62_w2" custom="readingOrder {index:1;}">
                    <Coords points="547,3025 547,3085 559,3085 559,3025"/>
                    <TextEquiv>
                        <Unicode>à</Unicode>
                    </TextEquiv>
                </Word>
                <Word id="tr_1_tl_62_w3" custom="readingOrder {index:2;}">
                    <Coords points="596,3025 596,3085 619,3085 619,3025"/>
                    <TextEquiv>
                        <Unicode>la</Unicode>
                    </TextEquiv>
                </Word>
                <Word id="tr_1_tl_62_w4" custom="readingOrder {index:3;}">
                    <Coords points="653,3023 653,3083 742,3083 742,3023"/>
                    <TextEquiv>
                        <Unicode>façon</Unicode>
                    </TextEquiv>
                </Word>
                <Word id="tr_1_tl_62_w5" custom="readingOrder {index:4;}">
                    <Coords points="779,3025 779,3085 815,3085 815,3025"/>
                    <TextEquiv>
                        <Unicode>de</Unicode>
                    </TextEquiv>
                </Word>
                <Word id="tr_1_tl_62_w6" custom="readingOrder {index:5;}">
                    <Coords points="848,3022 848,3082 982,3082 982,3022"/>
                    <TextEquiv>
                        <Unicode>Lalique</Unicode>
                    </TextEquiv>
                </Word>
                <Word id="tr_1_tl_62_w7" custom="readingOrder {index:6;}">
                    <Coords points="1019,3022 1019,3082 1108,3082 1108,3022"/>
                    <TextEquiv>
                        <Unicode>n'eut</Unicode>
                    </TextEquiv>
                </Word>
                <Word id="tr_1_tl_62_w8" custom="readingOrder {index:7;}">
                    <Coords points="1137,3024 1137,3084 1193,3084 1193,3024"/>
                    <TextEquiv>
                        <Unicode>pas</Unicode>
                    </TextEquiv>
                </Word>
                <TextEquiv>
                    <Unicode>cristalline à la façon de Lalique n'eut pas</Unicode>
                </TextEquiv>
            </TextLine>
            <TextLine id="tr_1_tl_63" custom="readingOrder {index:62;}">
                <Coords points="342,3114 1187,3110 1187,3079 1116,3067 941,3090 825,3067 797,3094 342,3074"/>
                <Baseline points="349,3101 391,3104 433,3104 475,3104 517,3104 559,3102 601,3103 643,3102 685,3101 727,3102 769,3104 811,3103 853,3101 895,3102 937,3104 979,3101 1021,3101 1063,3101 1105,3101 1147,3101 1190,3101"/>
                <Word id="tr_1_tl_63_w1" custom="readingOrder {index:0;}">
                    <Coords points="340,3064 340,3124 472,3124 472,3064"/>
                    <TextEquiv>
                        <Unicode>manqué</Unicode>
                    </TextEquiv>
                </Word>
                <Word id="tr_1_tl_63_w2" custom="readingOrder {index:1;}">
                    <Coords points="509,3063 509,3123 545,3123 545,3063"/>
                    <TextEquiv>
                        <Unicode>de</Unicode>
                    </TextEquiv>
                </Word>
                <Word id="tr_1_tl_63_w3" custom="readingOrder {index:2;}">
                    <Coords points="598,3061 598,3121 763,3121 763,3061"/>
                    <TextEquiv>
                        <Unicode>répudier.</Unicode>
                    </TextEquiv>
                </Word>
                <Word id="tr_1_tl_63_w4" custom="readingOrder {index:3;}">
                    <Coords points="817,3061 817,3121 909,3121 909,3061"/>
                    <TextEquiv>
                        <Unicode>Mille</Unicode>
                    </TextEquiv>
                </Word>
                <Word id="tr_1_tl_63_w5" custom="readingOrder {index:4;}">
                    <Coords points="962,3061 962,3121 1184,3121 1184,3061"/>
                    <TextEquiv>
                        <Unicode>témoignages</Unicode>
                    </TextEquiv>
                </Word>
                <TextEquiv>
                    <Unicode>manqué de répudier. Mille témoignages</Unicode>
                </TextEquiv>
            </TextLine>
            <TextLine id="tr_1_tl_64" custom="readingOrder {index:63;}">
                <Coords points="342,3149 1187,3154 1164,3111 342,3120"/>
                <Baseline points="349,3140 391,3140 433,3140 475,3140 517,3140 559,3143 601,3140 643,3140 685,3142 727,3141 769,3140 811,3140 853,3140 895,3140 937,3140 979,3140 1021,3140 1063,3140 1105,3140 1147,3137 1190,3137"/>
                <Word id="tr_1_tl_64_w1" custom="readingOrder {index:0;}">
                    <Coords points="339,3100 339,3160 476,3160 476,3100"/>
                    <TextEquiv>
                        <Unicode>existent</Unicode>
                    </TextEquiv>
                </Word>
                <Word id="tr_1_tl_64_w2" custom="readingOrder {index:1;}">
                    <Coords points="507,3100 507,3160 542,3160 542,3100"/>
                    <TextEquiv>
                        <Unicode>de</Unicode>
                    </TextEquiv>
                </Word>
                <Word id="tr_1_tl_64_w3" custom="readingOrder {index:2;}">
                    <Coords points="578,3101 578,3161 793,3161 793,3101"/>
                    <TextEquiv>
                        <Unicode>l'admiration</Unicode>
                    </TextEquiv>
                </Word>
                <Word id="tr_1_tl_64_w4" custom="readingOrder {index:3;}">
                    <Coords points="832,3100 832,3160 867,3160 867,3100"/>
                    <TextEquiv>
                        <Unicode>de</Unicode>
                    </TextEquiv>
                </Word>
                <Word id="tr_1_tl_64_w5" custom="readingOrder {index:4;}">
                    <Coords points="906,3100 906,3160 1070,3160 1070,3100"/>
                    <TextEquiv>
                        <Unicode>Mallarmé</Unicode>
                    </TextEquiv>
                </Word>
                <Word id="tr_1_tl_64_w6" custom="readingOrder {index:5;}">
                    <Coords points="1110,3097 1110,3157 1184,3157 1184,3097"/>
                    <TextEquiv>
                        <Unicode>pour</Unicode>
                    </TextEquiv>
                </Word>
                <TextEquiv>
                    <Unicode>existent de l'admiration de Mallarmé pour</Unicode>
                </TextEquiv>
            </TextLine>
            <TextLine id="tr_1_tl_65" custom="readingOrder {index:64;}">
                <Coords points="342,3193 1193,3195 1193,3156 1132,3144 859,3169 342,3149"/>
                <Baseline points="349,3181 391,3181 433,3181 476,3178 518,3178 560,3178 603,3178 645,3178 687,3178 730,3178 772,3178 814,3179 857,3180 899,3178 941,3178 984,3178 1026,3177 1068,3175 1111,3178 1153,3175 1196,3178"/>
                <Word id="tr_1_tl_65_w1" custom="readingOrder {index:0;}">
                    <Coords points="340,3141 340,3201 434,3201 434,3141"/>
                    <TextEquiv>
                        <Unicode>Zola,</Unicode>
                    </TextEquiv>
                </Word>
                <Word id="tr_1_tl_65_w2" custom="readingOrder {index:1;}">
                    <Coords points="460,3138 460,3198 571,3198 571,3138"/>
                    <TextEquiv>
                        <Unicode>Monet</Unicode>
                    </TextEquiv>
                </Word>
                <Word id="tr_1_tl_65_w3" custom="readingOrder {index:2;}">
                    <Coords points="598,3138 598,3198 631,3198 631,3138"/>
                    <TextEquiv>
                        <Unicode>ou</Unicode>
                    </TextEquiv>
                </Word>
                <Word id="tr_1_tl_65_w4" custom="readingOrder {index:3;}">
                    <Coords points="666,3138 666,3198 807,3198 807,3138"/>
                    <TextEquiv>
                        <Unicode>Mirbeau</Unicode>
                    </TextEquiv>
                </Word>
                <Word id="tr_1_tl_65_w5" custom="readingOrder {index:4;}">
                    <Coords points="829,3139 829,3199 854,3199 854,3139"/>
                    <TextEquiv>
                        <Unicode>..</Unicode>
                    </TextEquiv>
                </Word>
                <Word id="tr_1_tl_65_w6" custom="readingOrder {index:5;}">
                    <Coords points="881,3138 881,3198 962,3198 962,3138"/>
                    <TextEquiv>
                        <Unicode>Mais</Unicode>
                    </TextEquiv>
                </Word>
                <Word id="tr_1_tl_65_w7" custom="readingOrder {index:6;}">
                    <Coords points="992,3137 992,3197 1043,3197 1043,3137"/>
                    <TextEquiv>
                        <Unicode>M.</Unicode>
                    </TextEquiv>
                </Word>
                <Word id="tr_1_tl_65_w8" custom="readingOrder {index:7;}">
                    <Coords points="1069,3136 1069,3196 1185,3196 1185,3136"/>
                    <TextEquiv>
                        <Unicode>Valéry</Unicode>
                    </TextEquiv>
                </Word>
                <TextEquiv>
                    <Unicode>Zola, Monet ou Mirbeau .. Mais M. Valéry</Unicode>
                </TextEquiv>
            </TextLine>
            <TextLine id="tr_1_tl_66" custom="readingOrder {index:65;}">
                <Coords points="342,3225 1193,3223 1193,3195 1059,3180 342,3193"/>
                <Baseline points="349,3220 391,3220 433,3217 476,3217 518,3217 560,3217 603,3217 645,3217 687,3217 730,3217 772,3215 814,3214 857,3215 899,3217 941,3216 984,3214 1026,3215 1068,3217 1111,3217 1153,3214 1196,3214"/>
                <Word id="tr_1_tl_66_w1" custom="readingOrder {index:0;}">
                    <Coords points="339,3180 339,3240 375,3240 375,3180"/>
                    <TextEquiv>
                        <Unicode>ne</Unicode>
                    </TextEquiv>
                </Word>
                <Word id="tr_1_tl_66_w2" custom="readingOrder {index:1;}">
                    <Coords points="405,3177 405,3237 463,3237 463,3177"/>
                    <TextEquiv>
                        <Unicode>put</Unicode>
                    </TextEquiv>
                </Word>
                <Word id="tr_1_tl_66_w3" custom="readingOrder {index:2;}">
                    <Coords points="490,3177 490,3237 588,3237 588,3177"/>
                    <TextEquiv>
                        <Unicode>même</Unicode>
                    </TextEquiv>
                </Word>
                <Word id="tr_1_tl_66_w4" custom="readingOrder {index:3;}">
                    <Coords points="622,3177 622,3237 677,3237 677,3177"/>
                    <TextEquiv>
                        <Unicode>pas</Unicode>
                    </TextEquiv>
                </Word>
                <Word id="tr_1_tl_66_w5" custom="readingOrder {index:4;}">
                    <Coords points="706,3175 706,3235 824,3235 824,3175"/>
                    <TextEquiv>
                        <Unicode>tolérer</Unicode>
                    </TextEquiv>
                </Word>
                <Word id="tr_1_tl_66_w6" custom="readingOrder {index:5;}">
                    <Coords points="853,3176 853,3236 930,3236 930,3176"/>
                    <TextEquiv>
                        <Unicode>dans</Unicode>
                    </TextEquiv>
                </Word>
                <Word id="tr_1_tl_66_w7" custom="readingOrder {index:6;}">
                    <Coords points="960,3174 960,3234 1011,3234 1011,3174"/>
                    <TextEquiv>
                        <Unicode>son</Unicode>
                    </TextEquiv>
                </Word>
                <Word id="tr_1_tl_66_w8" custom="readingOrder {index:7;}">
                    <Coords points="1044,3176 1044,3236 1187,3236 1187,3176"/>
                    <TextEquiv>
                        <Unicode>discours</Unicode>
                    </TextEquiv>
                </Word>
                <TextEquiv>
                    <Unicode>ne put même pas tolérer dans son discours</Unicode>
                </TextEquiv>
            </TextLine>
            <TextLine id="tr_1_tl_67" custom="readingOrder {index:66;}">
                <Coords points="344,3268 1190,3264 1190,3223 344,3228"/>
                <Baseline points="352,3256 394,3256 436,3256 478,3256 520,3256 562,3256 604,3256 646,3256 688,3256 730,3256 772,3254 814,3255 856,3256 898,3256 940,3255 982,3253 1024,3253 1066,3253 1108,3253 1150,3253 1193,3253"/>
                <Word id="tr_1_tl_67_w1" custom="readingOrder {index:0;}">
                    <Coords points="342,3216 342,3276 353,3276 353,3216"/>
                    <TextEquiv>
                        <Unicode>à</Unicode>
                    </TextEquiv>
                </Word>
                <Word id="tr_1_tl_67_w2" custom="readingOrder {index:1;}">
                    <Coords points="386,3216 386,3276 580,3276 580,3216"/>
                    <TextEquiv>
                        <Unicode>l'Académie</Unicode>
                    </TextEquiv>
                </Word>
                <Word id="tr_1_tl_67_w3" custom="readingOrder {index:2;}">
                    <Coords points="612,3216 612,3276 644,3276 644,3216"/>
                    <TextEquiv>
                        <Unicode>ce</Unicode>
                    </TextEquiv>
                </Word>
                <Word id="tr_1_tl_67_w4" custom="readingOrder {index:3;}">
                    <Coords points="673,3216 673,3276 757,3276 757,3216"/>
                    <TextEquiv>
                        <Unicode>qu’il</Unicode>
                    </TextEquiv>
                </Word>
                <Word id="tr_1_tl_67_w5" custom="readingOrder {index:4;}">
                    <Coords points="783,3214 783,3274 794,3274 794,3214"/>
                    <TextEquiv>
                        <Unicode>y</Unicode>
                    </TextEquiv>
                </Word>
                <Word id="tr_1_tl_67_w6" custom="readingOrder {index:5;}">
                    <Coords points="827,3216 827,3276 916,3276 916,3216"/>
                    <TextEquiv>
                        <Unicode>avait</Unicode>
                    </TextEquiv>
                </Word>
                <Word id="tr_1_tl_67_w7" custom="readingOrder {index:6;}">
                    <Coords points="940,3214 940,3274 976,3274 976,3214"/>
                    <TextEquiv>
                        <Unicode>de</Unicode>
                    </TextEquiv>
                </Word>
                <Word id="tr_1_tl_67_w8" custom="readingOrder {index:7;}">
                    <Coords points="1005,3213 1005,3273 1069,3273 1069,3213"/>
                    <TextEquiv>
                        <Unicode>sain</Unicode>
                    </TextEquiv>
                </Word>
                <Word id="tr_1_tl_67_w9" custom="readingOrder {index:8;}">
                    <Coords points="1102,3213 1102,3273 1114,3273 1114,3213"/>
                    <TextEquiv>
                        <Unicode>—</Unicode>
                    </TextEquiv>
                </Word>
                <Word id="tr_1_tl_67_w10" custom="readingOrder {index:9;}">
                    <Coords points="1163,3213 1163,3273 1190,3273 1190,3213"/>
                    <TextEquiv>
                        <Unicode>si</Unicode>
                    </TextEquiv>
                </Word>
                <TextEquiv>
                    <Unicode>à l'Académie ce qu’il y avait de sain — si</Unicode>
                </TextEquiv>
            </TextLine>
            <TextLine id="tr_1_tl_68" custom="readingOrder {index:67;}">
                <Coords points="342,3302 1193,3327 1193,3271 1124,3256 342,3267"/>
                <Baseline points="349,3295 391,3295 433,3295 476,3292 518,3292 560,3294 603,3295 645,3295 687,3295 730,3295 772,3293 814,3292 857,3293 899,3295 941,3293 984,3290 1026,3294 1068,3292 1111,3292 1153,3292 1196,3289"/>
                <Word id="tr_1_tl_68_w1" custom="readingOrder {index:0;}">
                    <Coords points="340,3255 340,3315 400,3315 400,3255"/>
                    <TextEquiv>
                        <Unicode>l'on</Unicode>
                    </TextEquiv>
                </Word>
                <Word id="tr_1_tl_68_w2" custom="readingOrder {index:1;}">
                    <Coords points="433,3252 433,3312 517,3312 517,3252"/>
                    <TextEquiv>
                        <Unicode>tient</Unicode>
                    </TextEquiv>
                </Word>
                <Word id="tr_1_tl_68_w3" custom="readingOrder {index:2;}">
                    <Coords points="542,3255 542,3315 667,3315 667,3255"/>
                    <TextEquiv>
                        <Unicode>compte</Unicode>
                    </TextEquiv>
                </Word>
                <Word id="tr_1_tl_68_w4" custom="readingOrder {index:3;}">
                    <Coords points="696,3255 696,3315 732,3315 732,3255"/>
                    <TextEquiv>
                        <Unicode>de</Unicode>
                    </TextEquiv>
                </Word>
                <Word id="tr_1_tl_68_w5" custom="readingOrder {index:4;}">
                    <Coords points="764,3252 764,3312 910,3312 910,3252"/>
                    <TextEquiv>
                        <Unicode>l'époque</Unicode>
                    </TextEquiv>
                </Word>
                <Word id="tr_1_tl_68_w6" custom="readingOrder {index:5;}">
                    <Coords points="943,3252 943,3312 955,3312 955,3252"/>
                    <TextEquiv>
                        <Unicode>—</Unicode>
                    </TextEquiv>
                </Word>
                <Word id="tr_1_tl_68_w7" custom="readingOrder {index:6;}">
                    <Coords points="1008,3253 1008,3313 1080,3313 1080,3253"/>
                    <TextEquiv>
                        <Unicode>chez</Unicode>
                    </TextEquiv>
                </Word>
                <Word id="tr_1_tl_68_w8" custom="readingOrder {index:7;}">
                    <Coords points="1109,3252 1109,3312 1193,3312 1193,3252"/>
                    <TextEquiv>
                        <Unicode>Ana¬</Unicode>
                    </TextEquiv>
                </Word>
                <TextEquiv>
                    <Unicode>l'on tient compte de l'époque — chez Ana¬</Unicode>
                </TextEquiv>
            </TextLine>
            <TextLine id="tr_1_tl_69" custom="readingOrder {index:68;}">
                <Coords points="347,3339 374,3347 387,3339 457,3335 496,3350 513,3342 532,3351 564,3342 564,3310 478,3312 445,3302 413,3315 391,3302 347,3307"/>
                <Baseline points="355,3334 381,3334 408,3333 434,3331 461,3331 487,3331 514,3331 540,3330 567,3328"/>
                <Word id="tr_1_tl_69_w1" custom="readingOrder {index:0;}">
                    <Coords points="344,3294 344,3354 403,3354 403,3294"/>
                    <TextEquiv>
                        <Unicode>tole</Unicode>
                    </TextEquiv>
                </Word>
                <Word id="tr_1_tl_69_w2" custom="readingOrder {index:1;}">
                    <Coords points="431,3291 431,3351 557,3351 557,3291"/>
                    <TextEquiv>
                        <Unicode>France</Unicode>
                    </TextEquiv>
                </Word>
                <TextEquiv>
                    <Unicode>tole France</Unicode>
                </TextEquiv>
            </TextLine>
            <TextLine id="tr_1_tl_70" custom="readingOrder {index:69;}">
                <Coords points="381,3378 1197,3374 1197,3341 1116,3326 381,3339"/>
                <Baseline points="388,3369 428,3369 469,3369 509,3369 550,3369 590,3369 631,3370 671,3371 712,3369 752,3369 793,3369 834,3369 874,3369 915,3367 955,3366 996,3366 1036,3366 1077,3366 1117,3366 1158,3366 1199,3363"/>
                <Word id="tr_1_tl_70_w1" custom="readingOrder {index:0;}">
                    <Coords points="378,3329 378,3389 550,3389 550,3329"/>
                    <TextEquiv>
                        <Unicode>Mallarmé</Unicode>
                    </TextEquiv>
                </Word>
                <Word id="tr_1_tl_70_w2" custom="readingOrder {index:1;}">
                    <Coords points="574,3329 574,3389 649,3389 649,3329"/>
                    <TextEquiv>
                        <Unicode>était</Unicode>
                    </TextEquiv>
                </Word>
                <Word id="tr_1_tl_70_w3" custom="readingOrder {index:2;}">
                    <Coords points="673,3329 673,3389 751,3389 751,3329"/>
                    <TextEquiv>
                        <Unicode>pour</Unicode>
                    </TextEquiv>
                </Word>
                <Word id="tr_1_tl_70_w4" custom="readingOrder {index:3;}">
                    <Coords points="771,3329 771,3389 876,3389 876,3329"/>
                    <TextEquiv>
                        <Unicode>vivre,</Unicode>
                    </TextEquiv>
                </Word>
                <Word id="tr_1_tl_70_w5" custom="readingOrder {index:4;}">
                    <Coords points="896,3326 896,3386 1080,3386 1080,3326"/>
                    <TextEquiv>
                        <Unicode>professeur</Unicode>
                    </TextEquiv>
                </Word>
                <Word id="tr_1_tl_70_w6" custom="readingOrder {index:5;}">
                    <Coords points="1100,3326 1100,3386 1190,3386 1190,3326"/>
                    <TextEquiv>
                        <Unicode>d'an¬</Unicode>
                    </TextEquiv>
                </Word>
                <TextEquiv>
                    <Unicode>Mallarmé était pour vivre, professeur d'an¬</Unicode>
                </TextEquiv>
            </TextLine>
            <TextLine id="tr_1_tl_71" custom="readingOrder {index:70;}">
                <Coords points="347,3426 1187,3413 1159,3375 628,3397 347,3375"/>
                <Baseline points="355,3414 396,3410 438,3408 480,3408 522,3408 563,3408 605,3408 647,3408 689,3408 730,3408 772,3408 814,3408 856,3408 897,3408 939,3408 981,3407 1023,3405 1064,3405 1106,3405 1148,3405 1190,3405"/>
                <Word id="tr_1_tl_71_w1" custom="readingOrder {index:0;}">
                    <Coords points="345,3370 345,3430 439,3430 439,3370"/>
                    <TextEquiv>
                        <Unicode>glais.</Unicode>
                    </TextEquiv>
                </Word>
                <Word id="tr_1_tl_71_w2" custom="readingOrder {index:1;}">
                    <Coords points="465,3368 465,3428 607,3428 607,3368"/>
                    <TextEquiv>
                        <Unicode>L’œuvre</Unicode>
                    </TextEquiv>
                </Word>
                <Word id="tr_1_tl_71_w3" custom="readingOrder {index:2;}">
                    <Coords points="641,3368 641,3428 675,3428 675,3368"/>
                    <TextEquiv>
                        <Unicode>de</Unicode>
                    </TextEquiv>
                </Word>
                <Word id="tr_1_tl_71_w4" custom="readingOrder {index:3;}">
                    <Coords points="706,3368 706,3428 753,3428 753,3368"/>
                    <TextEquiv>
                        <Unicode>M.</Unicode>
                    </TextEquiv>
                </Word>
                <Word id="tr_1_tl_71_w5" custom="readingOrder {index:4;}">
                    <Coords points="779,3368 779,3428 865,3428 865,3368"/>
                    <TextEquiv>
                        <Unicode>Paul</Unicode>
                    </TextEquiv>
                </Word>
                <Word id="tr_1_tl_71_w6" custom="readingOrder {index:5;}">
                    <Coords points="891,3367 891,3427 1006,3427 1006,3367"/>
                    <TextEquiv>
                        <Unicode>Valéry</Unicode>
                    </TextEquiv>
                </Word>
                <Word id="tr_1_tl_71_w7" custom="readingOrder {index:6;}">
                    <Coords points="1037,3365 1037,3425 1084,3425 1084,3365"/>
                    <TextEquiv>
                        <Unicode>fut</Unicode>
                    </TextEquiv>
                </Word>
                <Word id="tr_1_tl_71_w8" custom="readingOrder {index:7;}">
                    <Coords points="1110,3365 1110,3425 1187,3425 1187,3365"/>
                    <TextEquiv>
                        <Unicode>mise</Unicode>
                    </TextEquiv>
                </Word>
                <TextEquiv>
                    <Unicode>glais. L’œuvre de M. Paul Valéry fut mise</Unicode>
                </TextEquiv>
            </TextLine>
            <TextLine id="tr_1_tl_72" custom="readingOrder {index:71;}">
                <Coords points="347,3457 1193,3453 1193,3413 347,3426"/>
                <Baseline points="355,3447 397,3447 439,3447 481,3447 523,3444 565,3447 607,3447 649,3445 691,3446 733,3447 775,3445 817,3446 859,3446 901,3444 943,3444 985,3444 1027,3444 1069,3444 1111,3444 1153,3441 1196,3441"/>
                <Word id="tr_1_tl_72_w1" custom="readingOrder {index:0;}">
                    <Coords points="340,3407 340,3467 368,3467 368,3407"/>
                    <TextEquiv>
                        <Unicode>en</Unicode>
                    </TextEquiv>
                </Word>
                <Word id="tr_1_tl_72_w2" custom="readingOrder {index:1;}">
                    <Coords points="403,3407 403,3467 518,3467 518,3407"/>
                    <TextEquiv>
                        <Unicode>société</Unicode>
                    </TextEquiv>
                </Word>
                <Word id="tr_1_tl_72_w3" custom="readingOrder {index:2;}">
                    <Coords points="550,3405 550,3465 707,3465 707,3405"/>
                    <TextEquiv>
                        <Unicode>anonyme</Unicode>
                    </TextEquiv>
                </Word>
                <Word id="tr_1_tl_72_w4" custom="readingOrder {index:3;}">
                    <Coords points="743,3405 743,3465 799,3465 799,3405"/>
                    <TextEquiv>
                        <Unicode>par</Unicode>
                    </TextEquiv>
                </Word>
                <Word id="tr_1_tl_72_w5" custom="readingOrder {index:4;}">
                    <Coords points="831,3404 831,3464 988,3464 988,3404"/>
                    <TextEquiv>
                        <Unicode>quelques</Unicode>
                    </TextEquiv>
                </Word>
                <Word id="tr_1_tl_72_w6" custom="readingOrder {index:5;}">
                    <Coords points="1020,3404 1020,3464 1190,3464 1190,3404"/>
                    <TextEquiv>
                        <Unicode>duchesses</Unicode>
                    </TextEquiv>
                </Word>
                <TextEquiv>
                    <Unicode>en société anonyme par quelques duchesses</Unicode>
                </TextEquiv>
            </TextLine>
            <TextLine id="tr_1_tl_73" custom="readingOrder {index:72;}">
                <Coords points="347,3500 1197,3493 1197,3465 1120,3453 347,3457"/>
                <Baseline points="355,3486 397,3483 439,3483 481,3483 523,3486 566,3486 608,3486 650,3486 692,3486 734,3484 777,3483 819,3483 861,3483 903,3483 945,3483 988,3482 1030,3480 1072,3480 1114,3480 1156,3480 1199,3480"/>
                <Word id="tr_1_tl_73_w1" custom="readingOrder {index:0;}">
                    <Coords points="345,3443 345,3503 470,3503 470,3443"/>
                    <TextEquiv>
                        <Unicode>frottées</Unicode>
                    </TextEquiv>
                </Word>
                <Word id="tr_1_tl_73_w2" custom="readingOrder {index:1;}">
                    <Coords points="502,3445 502,3505 538,3505 538,3445"/>
                    <TextEquiv>
                        <Unicode>de</Unicode>
                    </TextEquiv>
                </Word>
                <Word id="tr_1_tl_73_w3" custom="readingOrder {index:2;}">
                    <Coords points="571,3446 571,3506 696,3506 696,3446"/>
                    <TextEquiv>
                        <Unicode>lettres.</Unicode>
                    </TextEquiv>
                </Word>
                <Word id="tr_1_tl_73_w4" custom="readingOrder {index:3;}">
                    <Coords points="725,3443 725,3503 773,3503 773,3443"/>
                    <TextEquiv>
                        <Unicode>M.</Unicode>
                    </TextEquiv>
                </Word>
                <Word id="tr_1_tl_73_w5" custom="readingOrder {index:4;}">
                    <Coords points="802,3443 802,3503 919,3503 919,3443"/>
                    <TextEquiv>
                        <Unicode>Valéry</Unicode>
                    </TextEquiv>
                </Word>
                <Word id="tr_1_tl_73_w6" custom="readingOrder {index:5;}">
                    <Coords points="952,3442 952,3502 1004,3502 1004,3442"/>
                    <TextEquiv>
                        <Unicode>fut</Unicode>
                    </TextEquiv>
                </Word>
                <Word id="tr_1_tl_73_w7" custom="readingOrder {index:6;}">
                    <Coords points="1028,3440 1028,3500 1040,3500 1040,3440"/>
                    <TextEquiv>
                        <Unicode>«</Unicode>
                    </TextEquiv>
                </Word>
                <Word id="tr_1_tl_73_w8" custom="readingOrder {index:7;}">
                    <Coords points="1073,3440 1073,3500 1190,3500 1190,3440"/>
                    <TextEquiv>
                        <Unicode>encou¬</Unicode>
                    </TextEquiv>
                </Word>
                <TextEquiv>
                    <Unicode>frottées de lettres. M. Valéry fut « encou¬</Unicode>
                </TextEquiv>
            </TextLine>
            <TextLine id="tr_1_tl_74" custom="readingOrder {index:73;}">
                <Coords points="344,3531 1189,3538 1190,3488 346,3500"/>
                <Baseline points="352,3525 394,3522 436,3522 478,3525 520,3525 562,3522 604,3525 646,3523 688,3522 730,3522 772,3522 814,3522 856,3522 898,3523 940,3524 982,3522 1024,3521 1066,3519 1108,3519 1150,3519 1193,3516"/>
                <Word id="tr_1_tl_74_w1" custom="readingOrder {index:0;}">
                    <Coords points="338,3483 338,3543 410,3543 410,3483"/>
                    <TextEquiv>
                        <Unicode>ragé</Unicode>
                    </TextEquiv>
                </Word>
                <Word id="tr_1_tl_74_w2" custom="readingOrder {index:1;}">
                    <Coords points="439,3482 439,3542 451,3542 451,3482"/>
                    <TextEquiv>
                        <Unicode>»</Unicode>
                    </TextEquiv>
                </Word>
                <Word id="tr_1_tl_74_w3" custom="readingOrder {index:2;}">
                    <Coords points="480,3485 480,3545 536,3545 536,3485"/>
                    <TextEquiv>
                        <Unicode>par</Unicode>
                    </TextEquiv>
                </Word>
                <Word id="tr_1_tl_74_w4" custom="readingOrder {index:3;}">
                    <Coords points="565,3483 565,3543 597,3543 597,3483"/>
                    <TextEquiv>
                        <Unicode>un</Unicode>
                    </TextEquiv>
                </Word>
                <Word id="tr_1_tl_74_w5" custom="readingOrder {index:4;}">
                    <Coords points="634,3482 634,3542 756,3542 756,3482"/>
                    <TextEquiv>
                        <Unicode>capital</Unicode>
                    </TextEquiv>
                </Word>
                <Word id="tr_1_tl_74_w6" custom="readingOrder {index:5;}">
                    <Coords points="781,3482 781,3542 931,3542 931,3482"/>
                    <TextEquiv>
                        <Unicode>élégant,</Unicode>
                    </TextEquiv>
                </Word>
                <Word id="tr_1_tl_74_w7" custom="readingOrder {index:6;}">
                    <Coords points="951,3482 951,3542 1012,3542 1012,3482"/>
                    <TextEquiv>
                        <Unicode>par</Unicode>
                    </TextEquiv>
                </Word>
                <Word id="tr_1_tl_74_w8" custom="readingOrder {index:7;}">
                    <Coords points="1037,3479 1037,3539 1073,3539 1073,3479"/>
                    <TextEquiv>
                        <Unicode>un</Unicode>
                    </TextEquiv>
                </Word>
                <Word id="tr_1_tl_74_w9" custom="readingOrder {index:8;}">
                    <Coords points="1106,3479 1106,3539 1191,3539 1191,3479"/>
                    <TextEquiv>
                        <Unicode>capi¬</Unicode>
                    </TextEquiv>
                </Word>
                <TextEquiv>
                    <Unicode>ragé » par un capital élégant, par un capi¬</Unicode>
                </TextEquiv>
            </TextLine>
            <TextLine id="tr_1_tl_75" custom="readingOrder {index:74;}">
                <Coords points="347,3567 907,3589 1123,3560 1193,3586 1193,3538 1135,3530 347,3539"/>
                <Baseline points="355,3563 397,3560 439,3560 481,3560 523,3560 565,3560 607,3560 649,3560 691,3560 733,3560 775,3560 817,3562 859,3562 901,3560 943,3560 985,3560 1027,3560 1069,3558 1111,3560 1153,3560 1196,3555"/>
                <Word id="tr_1_tl_75_w1" custom="readingOrder {index:0;}">
                    <Coords points="344,3522 344,3582 391,3582 391,3522"/>
                    <TextEquiv>
                        <Unicode>tal</Unicode>
                    </TextEquiv>
                </Word>
                <Word id="tr_1_tl_75_w2" custom="readingOrder {index:1;}">
                    <Coords points="415,3520 415,3580 473,3580 473,3520"/>
                    <TextEquiv>
                        <Unicode>qui</Unicode>
                    </TextEquiv>
                </Word>
                <Word id="tr_1_tl_75_w3" custom="readingOrder {index:2;}">
                    <Coords points="497,3520 497,3580 618,3580 618,3520"/>
                    <TextEquiv>
                        <Unicode>sentait</Unicode>
                    </TextEquiv>
                </Word>
                <Word id="tr_1_tl_75_w4" custom="readingOrder {index:3;}">
                    <Coords points="646,3520 646,3580 798,3580 798,3520"/>
                    <TextEquiv>
                        <Unicode>l'origan.</Unicode>
                    </TextEquiv>
                </Word>
                <Word id="tr_1_tl_75_w5" custom="readingOrder {index:4;}">
                    <Coords points="830,3520 830,3580 931,3580 931,3520"/>
                    <TextEquiv>
                        <Unicode>Non.,</Unicode>
                    </TextEquiv>
                </Word>
                <Word id="tr_1_tl_75_w6" custom="readingOrder {index:5;}">
                    <Coords points="959,3520 959,3580 990,3580 990,3520"/>
                    <TextEquiv>
                        <Unicode>ce</Unicode>
                    </TextEquiv>
                </Word>
                <Word id="tr_1_tl_75_w7" custom="readingOrder {index:6;}">
                    <Coords points="1022,3518 1022,3578 1104,3578 1104,3518"/>
                    <TextEquiv>
                        <Unicode>n'est</Unicode>
                    </TextEquiv>
                </Word>
                <Word id="tr_1_tl_75_w8" custom="readingOrder {index:7;}">
                    <Coords points="1135,3518 1135,3578 1190,3578 1190,3518"/>
                    <TextEquiv>
                        <Unicode>pas</Unicode>
                    </TextEquiv>
                </Word>
                <TextEquiv>
                    <Unicode>tal qui sentait l'origan. Non., ce n'est pas</Unicode>
                </TextEquiv>
            </TextLine>
            <TextLine id="tr_1_tl_76" custom="readingOrder {index:75;}">
                <Coords points="347,3610 460,3621 509,3602 596,3617 776,3607 776,3570 757,3568 347,3571"/>
                <Baseline points="355,3602 381,3599 408,3599 434,3599 461,3599 487,3599 514,3599 540,3599 567,3599 593,3599 620,3599 646,3599 673,3599 699,3599 726,3599 752,3599 779,3599"/>
                <Word id="tr_1_tl_76_w1" custom="readingOrder {index:0;}">
                    <Coords points="345,3559 345,3619 492,3619 492,3559"/>
                    <TextEquiv>
                        <Unicode>l’époque</Unicode>
                    </TextEquiv>
                </Word>
                <Word id="tr_1_tl_76_w2" custom="readingOrder {index:1;}">
                    <Coords points="524,3559 524,3619 558,3619 558,3559"/>
                    <TextEquiv>
                        <Unicode>de</Unicode>
                    </TextEquiv>
                </Word>
                <Word id="tr_1_tl_76_w3" custom="readingOrder {index:2;}">
                    <Coords points="589,3559 589,3619 780,3619 780,3559"/>
                    <TextEquiv>
                        <Unicode>Mallarmé.</Unicode>
                    </TextEquiv>
                </Word>
                <TextEquiv>
                    <Unicode>l’époque de Mallarmé.</Unicode>
                </TextEquiv>
            </TextLine>
            <TextLine id="tr_1_tl_77" custom="readingOrder {index:76;}">
                <Coords points="381,3657 1135,3650 1193,3639 1194,3595 926,3625 381,3607"/>
                <Baseline points="388,3638 428,3638 468,3638 509,3638 549,3636 590,3635 630,3636 670,3638 711,3638 751,3638 792,3635 832,3635 872,3635 913,3635 953,3633 994,3632 1034,3632 1074,3632 1115,3632 1155,3632 1196,3629"/>
                <Word id="tr_1_tl_77_w1" custom="readingOrder {index:0;}">
                    <Coords points="382,3598 382,3658 441,3658 441,3598"/>
                    <TextEquiv>
                        <Unicode>Les</Unicode>
                    </TextEquiv>
                </Word>
                <Word id="tr_1_tl_77_w2" custom="readingOrder {index:1;}">
                    <Coords points="469,3597 469,3657 586,3657 586,3597"/>
                    <TextEquiv>
                        <Unicode>soirées</Unicode>
                    </TextEquiv>
                </Word>
                <Word id="tr_1_tl_77_w3" custom="readingOrder {index:2;}">
                    <Coords points="614,3597 614,3657 688,3657 688,3597"/>
                    <TextEquiv>
                        <Unicode>chez</Unicode>
                    </TextEquiv>
                </Word>
                <Word id="tr_1_tl_77_w4" custom="readingOrder {index:3;}">
                    <Coords points="720,3595 720,3655 936,3655 936,3595"/>
                    <TextEquiv>
                        <Unicode>Mallarmé...</Unicode>
                    </TextEquiv>
                </Word>
                <Word id="tr_1_tl_77_w5" custom="readingOrder {index:4;}">
                    <Coords points="964,3592 964,3652 1081,3652 1081,3592"/>
                    <TextEquiv>
                        <Unicode>C'était</Unicode>
                    </TextEquiv>
                </Word>
                <Word id="tr_1_tl_77_w6" custom="readingOrder {index:5;}">
                    <Coords points="1113,3592 1113,3652 1195,3652 1195,3592"/>
                    <TextEquiv>
                        <Unicode>com¬</Unicode>
                    </TextEquiv>
                </Word>
                <TextEquiv>
                    <Unicode>Les soirées chez Mallarmé... C'était com¬</Unicode>
                </TextEquiv>
            </TextLine>
            <TextLine id="tr_1_tl_78" custom="readingOrder {index:77;}">
                <Coords points="344,3689 1194,3682 1183,3637 344,3650"/>
                <Baseline points="352,3677 394,3677 436,3674 478,3677 520,3677 563,3674 605,3676 647,3675 689,3674 731,3674 774,3674 816,3674 858,3674 900,3673 942,3672 985,3673 1027,3671 1069,3671 1111,3671 1153,3671 1196,3674"/>
                <Word id="tr_1_tl_78_w1" custom="readingOrder {index:0;}">
                    <Coords points="345,3637 345,3697 392,3697 392,3637"/>
                    <TextEquiv>
                        <Unicode>me</Unicode>
                    </TextEquiv>
                </Word>
                <Word id="tr_1_tl_78_w2" custom="readingOrder {index:1;}">
                    <Coords points="416,3634 416,3694 450,3694 450,3634"/>
                    <TextEquiv>
                        <Unicode>on</Unicode>
                    </TextEquiv>
                </Word>
                <Word id="tr_1_tl_78_w3" custom="readingOrder {index:2;}">
                    <Coords points="482,3635 482,3695 599,3695 599,3635"/>
                    <TextEquiv>
                        <Unicode>voudra</Unicode>
                    </TextEquiv>
                </Word>
                <Word id="tr_1_tl_78_w4" custom="readingOrder {index:3;}">
                    <Coords points="627,3634 627,3694 780,3694 780,3634"/>
                    <TextEquiv>
                        <Unicode>touchant</Unicode>
                    </TextEquiv>
                </Word>
                <Word id="tr_1_tl_78_w5" custom="readingOrder {index:4;}">
                    <Coords points="803,3634 803,3694 834,3694 834,3634"/>
                    <TextEquiv>
                        <Unicode>ou</Unicode>
                    </TextEquiv>
                </Word>
                <Word id="tr_1_tl_78_w6" custom="readingOrder {index:5;}">
                    <Coords points="866,3632 866,3692 1019,3692 1019,3632"/>
                    <TextEquiv>
                        <Unicode>ridicule.</Unicode>
                    </TextEquiv>
                </Word>
                <Word id="tr_1_tl_78_w7" custom="readingOrder {index:6;}">
                    <Coords points="1039,3631 1039,3691 1120,3691 1120,3631"/>
                    <TextEquiv>
                        <Unicode>Mais</Unicode>
                    </TextEquiv>
                </Word>
                <Word id="tr_1_tl_78_w8" custom="readingOrder {index:7;}">
                    <Coords points="1148,3632 1148,3692 1195,3692 1195,3632"/>
                    <TextEquiv>
                        <Unicode>M.</Unicode>
                    </TextEquiv>
                </Word>
                <TextEquiv>
                    <Unicode>me on voudra touchant ou ridicule. Mais M.</Unicode>
                </TextEquiv>
            </TextLine>
            <TextLine id="tr_1_tl_79" custom="readingOrder {index:78;}">
                <Coords points="354,3723 1193,3716 1162,3677 354,3682"/>
                <Baseline points="361,3713 402,3713 444,3713 486,3713 528,3713 569,3713 611,3713 653,3713 695,3715 736,3714 778,3713 820,3711 862,3710 903,3710 945,3710 987,3710 1029,3709 1070,3708 1112,3710 1154,3710 1196,3707"/>
                <Word id="tr_1_tl_79_w1" custom="readingOrder {index:0;}">
                    <Coords points="352,3673 352,3733 460,3733 460,3673"/>
                    <TextEquiv>
                        <Unicode>Valéry</Unicode>
                    </TextEquiv>
                </Word>
                <Word id="tr_1_tl_79_w2" custom="readingOrder {index:1;}">
                    <Coords points="485,3673 485,3733 521,3733 521,3673"/>
                    <TextEquiv>
                        <Unicode>ne</Unicode>
                    </TextEquiv>
                </Word>
                <Word id="tr_1_tl_79_w3" custom="readingOrder {index:2;}">
                    <Coords points="546,3673 546,3733 675,3733 675,3673"/>
                    <TextEquiv>
                        <Unicode>connaît</Unicode>
                    </TextEquiv>
                </Word>
                <Word id="tr_1_tl_79_w4" custom="readingOrder {index:3;}">
                    <Coords points="700,3674 700,3734 752,3734 752,3674"/>
                    <TextEquiv>
                        <Unicode>pas</Unicode>
                    </TextEquiv>
                </Word>
                <Word id="tr_1_tl_79_w5" custom="readingOrder {index:4;}">
                    <Coords points="777,3672 777,3732 805,3732 805,3672"/>
                    <TextEquiv>
                        <Unicode>ce</Unicode>
                    </TextEquiv>
                </Word>
                <Word id="tr_1_tl_79_w6" custom="readingOrder {index:5;}">
                    <Coords points="834,3670 834,3730 983,3730 983,3670"/>
                    <TextEquiv>
                        <Unicode>ridicule.</Unicode>
                    </TextEquiv>
                </Word>
                <Word id="tr_1_tl_79_w7" custom="readingOrder {index:6;}">
                    <Coords points="1004,3669 1004,3729 1048,3729 1048,3669"/>
                    <TextEquiv>
                        <Unicode>Au</Unicode>
                    </TextEquiv>
                </Word>
                <Word id="tr_1_tl_79_w8" custom="readingOrder {index:7;}">
                    <Coords points="1077,3670 1077,3730 1193,3730 1193,3670"/>
                    <TextEquiv>
                        <Unicode>temple</Unicode>
                    </TextEquiv>
                </Word>
                <TextEquiv>
                    <Unicode>Valéry ne connaît pas ce ridicule. Au temple</Unicode>
                </TextEquiv>
            </TextLine>
            <TextLine id="tr_1_tl_80" custom="readingOrder {index:79;}">
                <Coords points="354,3757 1197,3757 1197,3725 1136,3717 354,3721"/>
                <Baseline points="361,3755 402,3752 444,3752 486,3755 528,3752 570,3752 612,3752 654,3752 696,3752 738,3752 780,3752 821,3750 863,3749 905,3749 947,3749 989,3748 1031,3746 1073,3746 1115,3746 1157,3746 1199,3743"/>
                <Word id="tr_1_tl_80_w1" custom="readingOrder {index:0;}">
                    <Coords points="352,3712 352,3772 501,3772 501,3712"/>
                    <TextEquiv>
                        <Unicode>littéraire</Unicode>
                    </TextEquiv>
                </Word>
                <Word id="tr_1_tl_80_w2" custom="readingOrder {index:1;}">
                    <Coords points="533,3712 533,3772 566,3772 566,3712"/>
                    <TextEquiv>
                        <Unicode>ce</Unicode>
                    </TextEquiv>
                </Word>
                <Word id="tr_1_tl_80_w3" custom="readingOrder {index:2;}">
                    <Coords points="599,3712 599,3772 723,3772 723,3712"/>
                    <TextEquiv>
                        <Unicode>délicat</Unicode>
                    </TextEquiv>
                </Word>
                <Word id="tr_1_tl_80_w4" custom="readingOrder {index:3;}">
                    <Coords points="752,3712 752,3772 768,3772 768,3712"/>
                    <TextEquiv>
                        <Unicode>a</Unicode>
                    </TextEquiv>
                </Word>
                <Word id="tr_1_tl_80_w5" custom="readingOrder {index:4;}">
                    <Coords points="801,3709 801,3769 958,3769 958,3709"/>
                    <TextEquiv>
                        <Unicode>substitué</Unicode>
                    </TextEquiv>
                </Word>
                <Word id="tr_1_tl_80_w6" custom="readingOrder {index:5;}">
                    <Coords points="996,3707 996,3767 1020,3767 1020,3707"/>
                    <TextEquiv>
                        <Unicode>la</Unicode>
                    </TextEquiv>
                </Word>
                <Word id="tr_1_tl_80_w7" custom="readingOrder {index:6;}">
                    <Coords points="1056,3706 1056,3766 1193,3766 1193,3706"/>
                    <TextEquiv>
                        <Unicode>baraque</Unicode>
                    </TextEquiv>
                </Word>
                <TextEquiv>
                    <Unicode>littéraire ce délicat a substitué la baraque</Unicode>
                </TextEquiv>
            </TextLine>
            <TextLine id="tr_1_tl_81" custom="readingOrder {index:80;}">
                <Coords points="347,3799 1193,3796 1193,3757 1045,3747 973,3772 347,3760"/>
                <Baseline points="355,3793 397,3790 439,3790 481,3790 523,3790 565,3790 607,3790 649,3790 691,3788 733,3787 775,3787 817,3787 859,3786 901,3785 943,3786 985,3784 1027,3784 1069,3784 1111,3784 1153,3784 1196,3784"/>
                <Word id="tr_1_tl_81_w1" custom="readingOrder {index:0;}">
                    <Coords points="344,3750 344,3810 485,3810 485,3750"/>
                    <TextEquiv>
                        <Unicode>foraine.</Unicode>
                    </TextEquiv>
                </Word>
                <Word id="tr_1_tl_81_w2" custom="readingOrder {index:1;}">
                    <Coords points="513,3750 513,3810 586,3810 586,3750"/>
                    <TextEquiv>
                        <Unicode>Lors</Unicode>
                    </TextEquiv>
                </Word>
                <Word id="tr_1_tl_81_w3" custom="readingOrder {index:2;}">
                    <Coords points="618,3749 618,3809 716,3809 716,3749"/>
                    <TextEquiv>
                        <Unicode>d'une</Unicode>
                    </TextEquiv>
                </Word>
                <Word id="tr_1_tl_81_w4" custom="readingOrder {index:3;}">
                    <Coords points="748,3746 748,3806 936,3806 936,3746"/>
                    <TextEquiv>
                        <Unicode>conférence</Unicode>
                    </TextEquiv>
                </Word>
                <Word id="tr_1_tl_81_w5" custom="readingOrder {index:4;}">
                    <Coords points="975,3744 975,3804 1057,3804 1057,3744"/>
                    <TextEquiv>
                        <Unicode>qu'il</Unicode>
                    </TextEquiv>
                </Word>
                <Word id="tr_1_tl_81_w6" custom="readingOrder {index:5;}">
                    <Coords points="1089,3744 1089,3804 1190,3804 1190,3744"/>
                    <TextEquiv>
                        <Unicode>donna</Unicode>
                    </TextEquiv>
                </Word>
                <TextEquiv>
                    <Unicode>foraine. Lors d'une conférence qu'il donna</Unicode>
                </TextEquiv>
            </TextLine>
            <TextLine id="tr_1_tl_82" custom="readingOrder {index:81;}">
                <Coords points="347,3842 984,3827 1051,3850 1193,3832 1194,3798 348,3800"/>
                <Baseline points="355,3832 397,3829 439,3829 481,3829 523,3829 565,3829 607,3829 649,3827 691,3826 733,3826 775,3826 817,3824 859,3823 901,3823 943,3823 985,3823 1027,3823 1069,3823 1111,3820 1153,3820 1196,3820"/>
                <Word id="tr_1_tl_82_w1" custom="readingOrder {index:0;}">
                    <Coords points="345,3792 345,3852 357,3852 357,3792"/>
                    <TextEquiv>
                        <Unicode>à</Unicode>
                    </TextEquiv>
                </Word>
                <Word id="tr_1_tl_82_w2" custom="readingOrder {index:1;}">
                    <Coords points="384,3789 384,3849 490,3849 490,3789"/>
                    <TextEquiv>
                        <Unicode>Lyon,</Unicode>
                    </TextEquiv>
                </Word>
                <Word id="tr_1_tl_82_w3" custom="readingOrder {index:2;}">
                    <Coords points="508,3789 508,3849 542,3849 542,3789"/>
                    <TextEquiv>
                        <Unicode>on</Unicode>
                    </TextEquiv>
                </Word>
                <Word id="tr_1_tl_82_w4" custom="readingOrder {index:3;}">
                    <Coords points="572,3787 572,3847 717,3847 717,3787"/>
                    <TextEquiv>
                        <Unicode>organisa</Unicode>
                    </TextEquiv>
                </Word>
                <Word id="tr_1_tl_82_w5" custom="readingOrder {index:4;}">
                    <Coords points="748,3786 748,3846 782,3846 782,3786"/>
                    <TextEquiv>
                        <Unicode>un</Unicode>
                    </TextEquiv>
                </Word>
                <Word id="tr_1_tl_82_w6" custom="readingOrder {index:5;}">
                    <Coords points="809,3783 809,3843 859,3843 859,3783"/>
                    <TextEquiv>
                        <Unicode>thé</Unicode>
                    </TextEquiv>
                </Word>
                <Word id="tr_1_tl_82_w7" custom="readingOrder {index:6;}">
                    <Coords points="886,3783 886,3843 971,3843 971,3783"/>
                    <TextEquiv>
                        <Unicode>Paul</Unicode>
                    </TextEquiv>
                </Word>
                <Word id="tr_1_tl_82_w8" custom="readingOrder {index:7;}">
                    <Coords points="989,3783 989,3843 1121,3843 1121,3783"/>
                    <TextEquiv>
                        <Unicode>Valéry.</Unicode>
                    </TextEquiv>
                </Word>
                <Word id="tr_1_tl_82_w9" custom="readingOrder {index:8;}">
                    <Coords points="1143,3780 1143,3840 1185,3840 1185,3780"/>
                    <TextEquiv>
                        <Unicode>On</Unicode>
                    </TextEquiv>
                </Word>
                <TextEquiv>
                    <Unicode>à Lyon, on organisa un thé Paul Valéry. On</Unicode>
                </TextEquiv>
            </TextLine>
            <TextLine id="tr_1_tl_83" custom="readingOrder {index:82;}">
                <Coords points="354,3882 1197,3873 1197,3831 1143,3823 1052,3850 354,3844"/>
                <Baseline points="361,3871 402,3868 444,3868 486,3868 528,3865 570,3865 612,3865 654,3865 696,3865 738,3863 780,3864 821,3863 863,3862 905,3862 947,3862 989,3861 1031,3859 1073,3859 1115,3859 1157,3856 1199,3856"/>
                <Word id="tr_1_tl_83_w1" custom="readingOrder {index:0;}">
                    <Coords points="347,3828 347,3888 453,3888 453,3828"/>
                    <TextEquiv>
                        <Unicode>payait</Unicode>
                    </TextEquiv>
                </Word>
                <Word id="tr_1_tl_83_w2" custom="readingOrder {index:1;}">
                    <Coords points="481,3825 481,3885 650,3885 650,3825"/>
                    <TextEquiv>
                        <Unicode>cinquante</Unicode>
                    </TextEquiv>
                </Word>
                <Word id="tr_1_tl_83_w3" custom="readingOrder {index:2;}">
                    <Coords points="682,3823 682,3883 788,3883 788,3823"/>
                    <TextEquiv>
                        <Unicode>francs</Unicode>
                    </TextEquiv>
                </Word>
                <Word id="tr_1_tl_83_w4" custom="readingOrder {index:3;}">
                    <Coords points="816,3822 816,3882 894,3882 894,3822"/>
                    <TextEquiv>
                        <Unicode>pour</Unicode>
                    </TextEquiv>
                </Word>
                <Word id="tr_1_tl_83_w5" custom="readingOrder {index:4;}">
                    <Coords points="922,3821 922,3881 1044,3881 1044,3821"/>
                    <TextEquiv>
                        <Unicode>entrer.</Unicode>
                    </TextEquiv>
                </Word>
                <Word id="tr_1_tl_83_w6" custom="readingOrder {index:5;}">
                    <Coords points="1072,3819 1072,3879 1115,3879 1115,3819"/>
                    <TextEquiv>
                        <Unicode>On</Unicode>
                    </TextEquiv>
                </Word>
                <Word id="tr_1_tl_83_w7" custom="readingOrder {index:6;}">
                    <Coords points="1151,3816 1151,3876 1202,3876 1202,3816"/>
                    <TextEquiv>
                        <Unicode>lus</Unicode>
                    </TextEquiv>
                </Word>
                <TextEquiv>
                    <Unicode>payait cinquante francs pour entrer. On lus</Unicode>
                </TextEquiv>
            </TextLine>
            <TextLine id="tr_1_tl_84" custom="readingOrder {index:83;}">
                <Coords points="347,3922 1197,3903 1197,3870 1143,3858 347,3889"/>
                <Baseline points="355,3907 397,3904 439,3904 481,3904 523,3904 566,3904 608,3904 650,3904 692,3902 734,3901 777,3901 819,3901 861,3901 903,3900 945,3898 988,3898 1030,3897 1072,3895 1114,3895 1156,3895 1199,3895"/>
                <Word id="tr_1_tl_84_w1" custom="readingOrder {index:0;}">
                    <Coords points="345,3864 345,3924 440,3924 440,3864"/>
                    <TextEquiv>
                        <Unicode>remit</Unicode>
                    </TextEquiv>
                </Word>
                <Word id="tr_1_tl_84_w2" custom="readingOrder {index:1;}">
                    <Coords points="470,3864 470,3924 498,3924 498,3864"/>
                    <TextEquiv>
                        <Unicode>le</Unicode>
                    </TextEquiv>
                </Word>
                <Word id="tr_1_tl_84_w3" custom="readingOrder {index:2;}">
                    <Coords points="528,3864 528,3924 598,3924 598,3864"/>
                    <TextEquiv>
                        <Unicode>prix</Unicode>
                    </TextEquiv>
                </Word>
                <Word id="tr_1_tl_84_w4" custom="readingOrder {index:3;}">
                    <Coords points="632,3863 632,3923 685,3923 685,3863"/>
                    <TextEquiv>
                        <Unicode>des</Unicode>
                    </TextEquiv>
                </Word>
                <Word id="tr_1_tl_84_w5" custom="readingOrder {index:4;}">
                    <Coords points="715,3861 715,3921 856,3921 856,3861"/>
                    <TextEquiv>
                        <Unicode>entrées.</Unicode>
                    </TextEquiv>
                </Word>
                <Word id="tr_1_tl_84_w6" custom="readingOrder {index:5;}">
                    <Coords points="886,3859 886,3919 931,3919 931,3859"/>
                    <TextEquiv>
                        <Unicode>M.</Unicode>
                    </TextEquiv>
                </Word>
                <Word id="tr_1_tl_84_w7" custom="readingOrder {index:6;}">
                    <Coords points="961,3857 961,3917 1047,3917 1047,3857"/>
                    <TextEquiv>
                        <Unicode>Paul</Unicode>
                    </TextEquiv>
                </Word>
                <Word id="tr_1_tl_84_w8" custom="readingOrder {index:7;}">
                    <Coords points="1077,3855 1077,3915 1189,3915 1189,3855"/>
                    <TextEquiv>
                        <Unicode>Valéry</Unicode>
                    </TextEquiv>
                </Word>
                <TextEquiv>
                    <Unicode>remit le prix des entrées. M. Paul Valéry</Unicode>
                </TextEquiv>
            </TextLine>
            <TextLine id="tr_1_tl_85" custom="readingOrder {index:84;}">
                <Coords points="344,3964 1194,3941 1181,3895 344,3924"/>
                <Baseline points="352,3943 394,3943 436,3943 478,3943 520,3943 563,3943 605,3943 647,3941 689,3940 731,3940 774,3940 816,3938 858,3937 900,3937 942,3937 985,3937 1027,3936 1069,3934 1111,3934 1153,3934 1196,3928"/>
                <Word id="tr_1_tl_85_w1" custom="readingOrder {index:0;}">
                    <Coords points="346,3903 346,3963 425,3963 425,3903"/>
                    <TextEquiv>
                        <Unicode>était</Unicode>
                    </TextEquiv>
                </Word>
                <Word id="tr_1_tl_85_w2" custom="readingOrder {index:1;}">
                    <Coords points="450,3903 450,3963 479,3963 479,3903"/>
                    <TextEquiv>
                        <Unicode>la</Unicode>
                    </TextEquiv>
                </Word>
                <Word id="tr_1_tl_85_w3" custom="readingOrder {index:2;}">
                    <Coords points="512,3903 512,3963 604,3963 604,3903"/>
                    <TextEquiv>
                        <Unicode>jeune</Unicode>
                    </TextEquiv>
                </Word>
                <Word id="tr_1_tl_85_w4" custom="readingOrder {index:3;}">
                    <Coords points="633,3900 633,3960 791,3960 791,3900"/>
                    <TextEquiv>
                        <Unicode>personne</Unicode>
                    </TextEquiv>
                </Word>
                <Word id="tr_1_tl_85_w5" custom="readingOrder {index:4;}">
                    <Coords points="821,3897 821,3957 912,3957 912,3897"/>
                    <TextEquiv>
                        <Unicode>qu'on</Unicode>
                    </TextEquiv>
                </Word>
                <Word id="tr_1_tl_85_w6" custom="readingOrder {index:5;}">
                    <Coords points="950,3897 950,3957 1020,3957 1020,3897"/>
                    <TextEquiv>
                        <Unicode>voit</Unicode>
                    </TextEquiv>
                </Word>
                <Word id="tr_1_tl_85_w7" custom="readingOrder {index:6;}">
                    <Coords points="1045,3894 1045,3954 1057,3954 1057,3894"/>
                    <TextEquiv>
                        <Unicode>à</Unicode>
                    </TextEquiv>
                </Word>
                <Word id="tr_1_tl_85_w8" custom="readingOrder {index:7;}">
                    <Coords points="1091,3894 1091,3954 1195,3954 1195,3894"/>
                    <TextEquiv>
                        <Unicode>l’inté¬</Unicode>
                    </TextEquiv>
                </Word>
                <TextEquiv>
                    <Unicode>était la jeune personne qu'on voit à l’inté¬</Unicode>
                </TextEquiv>
            </TextLine>
            <TextLine id="tr_1_tl_86" custom="readingOrder {index:85;}">
                <Coords points="344,3991 1205,4000 1185,3941 344,3962"/>
                <Baseline points="352,3981 394,3981 437,3981 480,3979 523,3980 566,3981 608,3981 651,3979 694,3980 737,3980 780,3977 822,3975 865,3975 908,3975 951,3975 994,3975 1036,3975 1079,3972 1122,3972 1165,3972 1208,3972"/>
                <Word id="tr_1_tl_86_w1" custom="readingOrder {index:0;}">
                    <Coords points="346,3941 346,4001 446,4001 446,3941"/>
                    <TextEquiv>
                        <Unicode>rieur.</Unicode>
                    </TextEquiv>
                </Word>
                <Word id="tr_1_tl_86_w2" custom="readingOrder {index:1;}">
                    <Coords points="471,3939 471,3999 516,3999 516,3939"/>
                    <TextEquiv>
                        <Unicode>On</Unicode>
                    </TextEquiv>
                </Word>
                <Word id="tr_1_tl_86_w3" custom="readingOrder {index:2;}">
                    <Coords points="550,3941 550,4001 587,4001 587,3941"/>
                    <TextEquiv>
                        <Unicode>ne</Unicode>
                    </TextEquiv>
                </Word>
                <Word id="tr_1_tl_86_w4" custom="readingOrder {index:3;}">
                    <Coords points="617,3939 617,3999 683,3999 683,3939"/>
                    <TextEquiv>
                        <Unicode>sait</Unicode>
                    </TextEquiv>
                </Word>
                <Word id="tr_1_tl_86_w5" custom="readingOrder {index:4;}">
                    <Coords points="709,3940 709,4000 738,4000 738,3940"/>
                    <TextEquiv>
                        <Unicode>si</Unicode>
                    </TextEquiv>
                </Word>
                <Word id="tr_1_tl_86_w6" custom="readingOrder {index:5;}">
                    <Coords points="767,3936 767,3996 813,3996 813,3936"/>
                    <TextEquiv>
                        <Unicode>les</Unicode>
                    </TextEquiv>
                </Word>
                <Word id="tr_1_tl_86_w7" custom="readingOrder {index:6;}">
                    <Coords points="843,3935 843,3995 1013,3995 1013,3935"/>
                    <TextEquiv>
                        <Unicode>militaires</Unicode>
                    </TextEquiv>
                </Word>
                <Word id="tr_1_tl_86_w8" custom="readingOrder {index:7;}">
                    <Coords points="1043,3932 1043,3992 1197,3992 1197,3932"/>
                    <TextEquiv>
                        <Unicode>payaient</Unicode>
                    </TextEquiv>
                </Word>
                <TextEquiv>
                    <Unicode>rieur. On ne sait si les militaires payaient</Unicode>
                </TextEquiv>
            </TextLine>
            <TextLine id="tr_1_tl_87" custom="readingOrder {index:86;}">
                <Coords points="347,4027 418,4024 464,4036 533,4021 588,4031 588,3992 553,3982 528,3993 485,3982 473,3991 436,3988 418,4000 387,3999 379,3989 347,3992"/>
                <Baseline points="355,4020 381,4019 407,4017 433,4017 459,4017 486,4017 512,4017 538,4017 564,4017 591,4017"/>
                <Word id="tr_1_tl_87_w1" custom="readingOrder {index:0;}">
                    <Coords points="349,3977 349,4037 559,4037 559,3977"/>
                    <TextEquiv>
                        <Unicode>demi-place.</Unicode>
                    </TextEquiv>
                </Word>
                <TextEquiv>
                    <Unicode>demi-place.</Unicode>
                </TextEquiv>
            </TextLine>
            <TextLine id="tr_1_tl_88" custom="readingOrder {index:87;}">
                <Coords points="395,4072 1218,4052 1187,4017 989,4008 395,4029"/>
                <Baseline points="402,4056 442,4056 483,4056 524,4055 565,4053 606,4053 647,4053 688,4053 729,4053 770,4050 811,4050 851,4050 892,4050 933,4050 974,4050 1015,4050 1056,4049 1097,4047 1138,4047 1179,4047 1220,4050"/>
                <Word id="tr_1_tl_88_w1" custom="readingOrder {index:0;}">
                    <Coords points="393,4016 393,4076 475,4076 475,4016"/>
                    <TextEquiv>
                        <Unicode>Deux</Unicode>
                    </TextEquiv>
                </Word>
                <Word id="tr_1_tl_88_w2" custom="readingOrder {index:1;}">
                    <Coords points="514,4013 514,4073 600,4073 600,4013"/>
                    <TextEquiv>
                        <Unicode>types</Unicode>
                    </TextEquiv>
                </Word>
                <Word id="tr_1_tl_88_w3" custom="readingOrder {index:2;}">
                    <Coords points="635,4013 635,4073 816,4073 816,4013"/>
                    <TextEquiv>
                        <Unicode>d'hommes</Unicode>
                    </TextEquiv>
                </Word>
                <Word id="tr_1_tl_88_w4" custom="readingOrder {index:3;}">
                    <Coords points="869,4010 869,4070 907,4070 907,4010"/>
                    <TextEquiv>
                        <Unicode>de</Unicode>
                    </TextEquiv>
                </Word>
                <Word id="tr_1_tl_88_w5" custom="readingOrder {index:4;}">
                    <Coords points="959,4009 959,4069 1088,4069 1088,4009"/>
                    <TextEquiv>
                        <Unicode>lettres,</Unicode>
                    </TextEquiv>
                </Word>
                <Word id="tr_1_tl_88_w6" custom="readingOrder {index:5;}">
                    <Coords points="1119,4007 1119,4067 1196,4067 1196,4007"/>
                    <TextEquiv>
                        <Unicode>deux</Unicode>
                    </TextEquiv>
                </Word>
                <TextEquiv>
                    <Unicode>Deux types d'hommes de lettres, deux</Unicode>
                </TextEquiv>
            </TextLine>
            <TextLine id="tr_1_tl_89" custom="readingOrder {index:88;}">
                <Coords points="347,4096 391,4114 454,4103 474,4123 551,4100 910,4098 910,4074 843,4058 347,4076"/>
                <Baseline points="355,4092 382,4094 410,4095 438,4095 466,4095 494,4095 522,4095 550,4096 578,4098 606,4096 634,4095 661,4095 689,4095 717,4095 745,4093 773,4092 801,4092 829,4092 857,4092 885,4092 913,4092"/>
                <Word id="tr_1_tl_89_w1" custom="readingOrder {index:0;}">
                    <Coords points="351,4055 351,4115 553,4115 553,4055"/>
                    <TextEquiv>
                        <Unicode>époques„de</Unicode>
                    </TextEquiv>
                </Word>
                <Word id="tr_1_tl_89_w2" custom="readingOrder {index:1;}">
                    <Coords points="588,4056 588,4116 612,4116 612,4056"/>
                    <TextEquiv>
                        <Unicode>la</Unicode>
                    </TextEquiv>
                </Word>
                <Word id="tr_1_tl_89_w3" custom="readingOrder {index:2;}">
                    <Coords points="647,4052 647,4112 899,4112 899,4052"/>
                    <TextEquiv>
                        <Unicode>Bourgeoisie...</Unicode>
                    </TextEquiv>
                </Word>
                <TextEquiv>
                    <Unicode>époques„de la Bourgeoisie...</Unicode>
                </TextEquiv>
            </TextLine>
            <TextEquiv>
                <Unicode></Unicode>
            </TextEquiv>
        </TextRegion>
        <TextRegion orientation="0.0" id="tr_2" custom="readingOrder {index:1;}">
            <Coords points="1510,183 1510,4111 2647,4111 2647,183"/>
            <TextLine id="tr_2_tl_1" custom="readingOrder {index:0;}">
                <Coords points="1557,229 1621,214 1656,230 1684,216 1769,233 1833,216 1867,237 1892,233 1892,181 1863,173 1796,185 1729,161 1667,180 1557,173"/>
                <Baseline points="1564,205 1589,205 1614,205 1640,207 1665,208 1691,208 1716,208 1742,208 1767,208 1793,208 1818,208 1844,209 1869,210 1895,211"/>
                <Word id="tr_2_tl_1_w1" custom="readingOrder {index:0;}">
                    <Coords points="1556,167 1556,227 1771,227 1771,167"/>
                    <TextEquiv>
                        <Unicode>Ausschnitt</Unicode>
                    </TextEquiv>
                </Word>
                <Word id="tr_2_tl_1_w2" custom="readingOrder {index:1;}">
                    <Coords points="1796,168 1796,228 1885,228 1885,168"/>
                    <TextEquiv>
                        <Unicode>aus:</Unicode>
                    </TextEquiv>
                </Word>
                <TextEquiv>
                    <Unicode>Ausschnitt aus:</Unicode>
                </TextEquiv>
            </TextLine>
            <TextLine id="tr_2_tl_2" custom="readingOrder {index:1;}">
                <Coords points="1876,415 1893,418 1908,406 1931,426 1940,417 2033,415 2058,405 2097,421 2113,418 2110,363 2057,379 2045,370 2009,377 1985,359 1959,367 1944,354 1911,363 1893,352 1876,359"/>
                <Baseline points="1883,405 1908,402 1934,402 1960,402 1986,402 2012,402 2038,402 2064,402 2090,401 2116,399"/>
                <Word id="tr_2_tl_2_w1" custom="readingOrder {index:0;}">
                    <Coords points="1879,362 1879,422 2009,422 2009,362"/>
                    <TextEquiv>
                        <Unicode>Extract</Unicode>
                    </TextEquiv>
                </Word>
                <Word id="tr_2_tl_2_w2" custom="readingOrder {index:1;}">
                    <Coords points="2029,362 2029,422 2094,422 2094,362"/>
                    <TextEquiv>
                        <Unicode>from</Unicode>
                    </TextEquiv>
                </Word>
                <TextEquiv>
                    <Unicode>Extract from</Unicode>
                </TextEquiv>
            </TextLine>
            <TextLine id="tr_2_tl_3" custom="readingOrder {index:2;}">
                <Coords points="1548,442 1557,438 1568,444 1584,434 1599,440 1605,437 1625,450 1635,450 1632,393 1607,397 1591,386 1581,393 1558,381 1545,385"/>
                <Baseline points="1555,426 1581,428 1608,429 1635,429"/>
                <Word id="tr_2_tl_3_w1" custom="readingOrder {index:0;}">
                    <Coords points="1551,388 1551,448 1626,448 1626,388"/>
                    <TextEquiv>
                        <Unicode>vor</Unicode>
                    </TextEquiv>
                </Word>
                <TextEquiv>
                    <Unicode>vor</Unicode>
                </TextEquiv>
            </TextLine>
            <TextLine id="tr_2_tl_4" custom="readingOrder {index:3;}">
                <Coords points="1891,557 1963,545 1998,553 2046,541 2092,548 2092,500 2068,508 2038,501 2029,508 1985,489 1891,485"/>
                <Baseline points="1898,534 1926,534 1954,534 1982,534 2010,534 2038,534 2066,534 2095,534"/>
                <Word id="tr_2_tl_4_w1" custom="readingOrder {index:0;}">
                    <Coords points="1895,494 1895,554 2081,554 2081,494"/>
                    <TextEquiv>
                        <Unicode>Observer</Unicode>
                    </TextEquiv>
                </Word>
                <TextEquiv>
                    <Unicode>Observer</Unicode>
                </TextEquiv>
            </TextLine>
            <TextLine id="tr_2_tl_5" custom="readingOrder {index:4;}">
                <Coords points="1876,608 1938,599 1955,611 1974,602 2011,616 2097,612 2097,551 2088,548 2052,556 2034,556 2022,544 1998,553 1964,545 1914,557 1876,553"/>
                <Baseline points="1883,596 1910,594 1937,593 1964,593 1992,593 2019,593 2046,593 2073,593 2101,593"/>
                <Word id="tr_2_tl_5_w1" custom="readingOrder {index:0;}">
                    <Coords points="1871,553 1871,613 2075,613 2075,553"/>
                    <TextEquiv>
                        <Unicode>LONDON</Unicode>
                    </TextEquiv>
                </Word>
                <TextEquiv>
                    <Unicode>LONDON</Unicode>
                </TextEquiv>
            </TextLine>
            <TextLine id="tr_2_tl_6" custom="readingOrder {index:5;}">
                <Coords points="1699,848 2454,852 2452,805 2377,784 2236,801 1952,761 1876,788 1698,766"/>
                <Baseline points="1707,826 1744,826 1781,826 1819,828 1856,829 1894,830 1931,832 1969,835 2006,835 2044,837 2081,838 2118,838 2156,838 2193,838 2231,838 2268,840 2306,841 2343,842 2381,844 2418,844 2456,847"/>
                <Word id="tr_2_tl_6_w1" custom="readingOrder {index:0;}">
                    <Coords points="1705,793 1705,853 2189,853 2189,793"/>
                    <TextEquiv>
                        <Unicode>SCHNITZLERS</Unicode>
                    </TextEquiv>
                </Word>
                <Word id="tr_2_tl_6_w2" custom="readingOrder {index:1;}">
                    <Coords points="2243,802 2243,862 2444,862 2444,802"/>
                    <TextEquiv>
                        <Unicode>WILL.</Unicode>
                    </TextEquiv>
                </Word>
                <TextEquiv>
                    <Unicode>SCHNITZLERS WILL.</Unicode>
                </TextEquiv>
            </TextLine>
            <TextLine id="tr_2_tl_7" custom="readingOrder {index:6;}">
                <Coords points="1718,959 2423,969 2421,904 2131,921 2098,898 2031,918 1717,895"/>
                <Baseline points="1725,946 1760,944 1795,943 1830,944 1865,946 1900,946 1935,946 1970,947 2005,948 2040,946 2075,948 2110,949 2145,950 2180,952 2215,955 2250,953 2285,954 2320,955 2355,955 2390,955 2426,958"/>
                <Word id="tr_2_tl_7_w1" custom="readingOrder {index:0;}">
                    <Coords points="1717,903 1717,963 1819,963 1819,903"/>
                    <TextEquiv>
                        <Unicode>(From</Unicode>
                    </TextEquiv>
                </Word>
                <Word id="tr_2_tl_7_w2" custom="readingOrder {index:1;}">
                    <Coords points="1871,906 1871,966 1938,966 1938,906"/>
                    <TextEquiv>
                        <Unicode>Our</Unicode>
                    </TextEquiv>
                </Word>
                <Word id="tr_2_tl_7_w3" custom="readingOrder {index:2;}">
                    <Coords points="1969,907 1969,967 2046,967 2046,907"/>
                    <TextEquiv>
                        <Unicode>Own</Unicode>
                    </TextEquiv>
                </Word>
                <Word id="tr_2_tl_7_w4" custom="readingOrder {index:3;}">
                    <Coords points="2082,913 2082,973 2416,973 2416,913"/>
                    <TextEquiv>
                        <Unicode>Correspondent.)</Unicode>
                    </TextEquiv>
                </Word>
                <TextEquiv>
                    <Unicode>(From Our Own Correspondent.)</Unicode>
                </TextEquiv>
            </TextLine>
            <TextLine id="tr_2_tl_8" custom="readingOrder {index:7;}">
                <Coords points="2052,1013 2435,1018 2433,976 2417,970 2366,986 2322,962 2223,984 2195,963 2144,977 2050,961"/>
                <Baseline points="2059,1002 2084,1002 2109,1002 2134,1004 2160,1005 2185,1005 2210,1006 2235,1008 2261,1008 2286,1008 2311,1008 2336,1009 2362,1010 2387,1011 2412,1011 2438,1011"/>
                <Word id="tr_2_tl_8_w1" custom="readingOrder {index:0;}">
                    <Coords points="2053,963 2053,1023 2214,1023 2214,963"/>
                    <TextEquiv>
                        <Unicode>VIENNA,</Unicode>
                    </TextEquiv>
                </Word>
                <Word id="tr_2_tl_8_w2" custom="readingOrder {index:1;}">
                    <Coords points="2233,968 2233,1028 2367,1028 2367,968"/>
                    <TextEquiv>
                        <Unicode>October</Unicode>
                    </TextEquiv>
                </Word>
                <Word id="tr_2_tl_8_w3" custom="readingOrder {index:2;}">
                    <Coords points="2390,971 2390,1031 2434,1031 2434,971"/>
                    <TextEquiv>
                        <Unicode>29.</Unicode>
                    </TextEquiv>
                </Word>
                <TextEquiv>
                    <Unicode>VIENNA, October 29.</Unicode>
                </TextEquiv>
            </TextLine>
            <TextLine id="tr_2_tl_9" custom="readingOrder {index:8;}">
                <Coords points="1706,1045 2470,1063 2468,1012 1706,1005"/>
                <Baseline points="1713,1038 1750,1038 1788,1040 1826,1041 1864,1042 1902,1044 1940,1044 1978,1044 2016,1044 2054,1044 2092,1045 2129,1048 2167,1050 2205,1050 2243,1050 2281,1050 2319,1052 2357,1053 2395,1053 2433,1053 2471,1053"/>
                <Word id="tr_2_tl_9_w1" custom="readingOrder {index:0;}">
                    <Coords points="1708,1000 1708,1060 1882,1060 1882,1000"/>
                    <TextEquiv>
                        <Unicode>According</Unicode>
                    </TextEquiv>
                </Word>
                <Word id="tr_2_tl_9_w2" custom="readingOrder {index:1;}">
                    <Coords points="1911,1004 1911,1064 1939,1064 1939,1004"/>
                    <TextEquiv>
                        <Unicode>to</Unicode>
                    </TextEquiv>
                </Word>
                <Word id="tr_2_tl_9_w3" custom="readingOrder {index:2;}">
                    <Coords points="1968,1004 1968,1064 2016,1064 2016,1004"/>
                    <TextEquiv>
                        <Unicode>the</Unicode>
                    </TextEquiv>
                </Word>
                <Word id="tr_2_tl_9_w4" custom="readingOrder {index:3;}">
                    <Coords points="2045,1004 2045,1064 2117,1064 2117,1004"/>
                    <TextEquiv>
                        <Unicode>very</Unicode>
                    </TextEquiv>
                </Word>
                <Word id="tr_2_tl_9_w5" custom="readingOrder {index:4;}">
                    <Coords points="2146,1010 2146,1070 2280,1070 2280,1010"/>
                    <TextEquiv>
                        <Unicode>detailed</Unicode>
                    </TextEquiv>
                </Word>
                <Word id="tr_2_tl_9_w6" custom="readingOrder {index:5;}">
                    <Coords points="2313,1012 2313,1072 2373,1072 2373,1012"/>
                    <TextEquiv>
                        <Unicode>last</Unicode>
                    </TextEquiv>
                </Word>
                <Word id="tr_2_tl_9_w7" custom="readingOrder {index:6;}">
                    <Coords points="2398,1013 2398,1073 2467,1073 2467,1013"/>
                    <TextEquiv>
                        <Unicode>will</Unicode>
                    </TextEquiv>
                </Word>
                <TextEquiv>
                    <Unicode>According to the very detailed last will</Unicode>
                </TextEquiv>
            </TextLine>
            <TextLine id="tr_2_tl_10" custom="readingOrder {index:9;}">
                <Coords points="1679,1088 2472,1111 2462,1063 1678,1041"/>
                <Baseline points="1686,1083 1725,1083 1764,1083 1804,1083 1843,1085 1883,1086 1922,1086 1961,1086 2001,1086 2040,1089 2080,1089 2119,1089 2158,1091 2198,1092 2237,1092 2277,1093 2316,1095 2355,1095 2395,1095 2434,1097 2474,1098"/>
                <Word id="tr_2_tl_10_w1" custom="readingOrder {index:0;}">
                    <Coords points="1676,1043 1676,1103 1707,1103 1707,1043"/>
                    <TextEquiv>
                        <Unicode>of</Unicode>
                    </TextEquiv>
                </Word>
                <Word id="tr_2_tl_10_w2" custom="readingOrder {index:1;}">
                    <Coords points="1732,1043 1732,1103 1849,1103 1849,1043"/>
                    <TextEquiv>
                        <Unicode>Arthur</Unicode>
                    </TextEquiv>
                </Word>
                <Word id="tr_2_tl_10_w3" custom="readingOrder {index:2;}">
                    <Coords points="1874,1046 1874,1106 2068,1106 2068,1046"/>
                    <TextEquiv>
                        <Unicode>Schnitzler,</Unicode>
                    </TextEquiv>
                </Word>
                <Word id="tr_2_tl_10_w4" custom="readingOrder {index:3;}">
                    <Coords points="2089,1049 2089,1109 2137,1109 2137,1049"/>
                    <TextEquiv>
                        <Unicode>his</Unicode>
                    </TextEquiv>
                </Word>
                <Word id="tr_2_tl_10_w5" custom="readingOrder {index:4;}">
                    <Coords points="2162,1052 2162,1112 2279,1112 2279,1052"/>
                    <TextEquiv>
                        <Unicode>diaries</Unicode>
                    </TextEquiv>
                </Word>
                <Word id="tr_2_tl_10_w6" custom="readingOrder {index:5;}">
                    <Coords points="2303,1055 2303,1115 2388,1115 2388,1055"/>
                    <TextEquiv>
                        <Unicode>must</Unicode>
                    </TextEquiv>
                </Word>
                <Word id="tr_2_tl_10_w7" custom="readingOrder {index:6;}">
                    <Coords points="2409,1057 2409,1117 2465,1117 2465,1057"/>
                    <TextEquiv>
                        <Unicode>not</Unicode>
                    </TextEquiv>
                </Word>
                <TextEquiv>
                    <Unicode>of Arthur Schnitzler, his diaries must not</Unicode>
                </TextEquiv>
            </TextLine>
            <TextLine id="tr_2_tl_11" custom="readingOrder {index:10;}">
                <Coords points="1671,1128 2462,1147 2421,1107 1670,1084"/>
                <Baseline points="1677,1122 1716,1125 1755,1125 1795,1125 1834,1127 1874,1128 1913,1129 1952,1131 1992,1131 2031,1131 2071,1133 2110,1132 2149,1133 2189,1134 2228,1134 2268,1135 2307,1137 2346,1137 2386,1140 2425,1140 2465,1143"/>
                <Word id="tr_2_tl_11_w1" custom="readingOrder {index:0;}">
                    <Coords points="1668,1082 1668,1142 1700,1142 1700,1082"/>
                    <TextEquiv>
                        <Unicode>be</Unicode>
                    </TextEquiv>
                </Word>
                <Word id="tr_2_tl_11_w2" custom="readingOrder {index:1;}">
                    <Coords points="1725,1085 1725,1145 1798,1145 1798,1085"/>
                    <TextEquiv>
                        <Unicode>read</Unicode>
                    </TextEquiv>
                </Word>
                <Word id="tr_2_tl_11_w3" custom="readingOrder {index:2;}">
                    <Coords points="1828,1087 1828,1147 1864,1147 1864,1087"/>
                    <TextEquiv>
                        <Unicode>by</Unicode>
                    </TextEquiv>
                </Word>
                <Word id="tr_2_tl_11_w4" custom="readingOrder {index:3;}">
                    <Coords points="1893,1091 1893,1151 2065,1151 2065,1091"/>
                    <TextEquiv>
                        <Unicode>anybody,</Unicode>
                    </TextEquiv>
                </Word>
                <Word id="tr_2_tl_11_w5" custom="readingOrder {index:4;}">
                    <Coords points="2082,1092 2082,1152 2143,1152 2143,1092"/>
                    <TextEquiv>
                        <Unicode>not</Unicode>
                    </TextEquiv>
                </Word>
                <Word id="tr_2_tl_11_w6" custom="readingOrder {index:5;}">
                    <Coords points="2164,1094 2164,1154 2233,1154 2233,1094"/>
                    <TextEquiv>
                        <Unicode>even</Unicode>
                    </TextEquiv>
                </Word>
                <Word id="tr_2_tl_11_w7" custom="readingOrder {index:6;}">
                    <Coords points="2266,1095 2266,1155 2302,1155 2302,1095"/>
                    <TextEquiv>
                        <Unicode>by</Unicode>
                    </TextEquiv>
                </Word>
                <Word id="tr_2_tl_11_w8" custom="readingOrder {index:7;}">
                    <Coords points="2332,1097 2332,1157 2381,1157 2381,1097"/>
                    <TextEquiv>
                        <Unicode>his</Unicode>
                    </TextEquiv>
                </Word>
                <Word id="tr_2_tl_11_w9" custom="readingOrder {index:8;}">
                    <Coords points="2406,1100 2406,1160 2454,1160 2454,1100"/>
                    <TextEquiv>
                        <Unicode>son</Unicode>
                    </TextEquiv>
                </Word>
                <TextEquiv>
                    <Unicode>be read by anybody, not even by his son</Unicode>
                </TextEquiv>
            </TextLine>
            <TextLine id="tr_2_tl_12" custom="readingOrder {index:11;}">
                <Coords points="1670,1175 2446,1197 2460,1148 1668,1135"/>
                <Baseline points="1677,1164 1716,1164 1755,1166 1795,1169 1834,1170 1874,1170 1913,1171 1952,1173 1992,1173 2031,1173 2071,1173 2110,1175 2149,1176 2189,1176 2228,1177 2268,1179 2307,1179 2346,1182 2386,1182 2425,1182 2465,1185"/>
                <Word id="tr_2_tl_12_w1" custom="readingOrder {index:0;}">
                    <Coords points="1670,1126 1670,1186 1840,1186 1840,1126"/>
                    <TextEquiv>
                        <Unicode>Heinrich,</Unicode>
                    </TextEquiv>
                </Word>
                <Word id="tr_2_tl_12_w2" custom="readingOrder {index:1;}">
                    <Coords points="1852,1130 1852,1190 1921,1190 1921,1130"/>
                    <TextEquiv>
                        <Unicode>who</Unicode>
                    </TextEquiv>
                </Word>
                <Word id="tr_2_tl_12_w3" custom="readingOrder {index:2;}">
                    <Coords points="1942,1133 1942,1193 1970,1193 1970,1133"/>
                    <TextEquiv>
                        <Unicode>is</Unicode>
                    </TextEquiv>
                </Word>
                <Word id="tr_2_tl_12_w4" custom="readingOrder {index:3;}">
                    <Coords points="1991,1133 1991,1193 2023,1193 2023,1133"/>
                    <TextEquiv>
                        <Unicode>an</Unicode>
                    </TextEquiv>
                </Word>
                <Word id="tr_2_tl_12_w5" custom="readingOrder {index:4;}">
                    <Coords points="2052,1134 2052,1194 2137,1194 2137,1134"/>
                    <TextEquiv>
                        <Unicode>actor</Unicode>
                    </TextEquiv>
                </Word>
                <Word id="tr_2_tl_12_w6" custom="readingOrder {index:5;}">
                    <Coords points="2162,1136 2162,1196 2218,1196 2218,1136"/>
                    <TextEquiv>
                        <Unicode>and</Unicode>
                    </TextEquiv>
                </Word>
                <Word id="tr_2_tl_12_w7" custom="readingOrder {index:6;}">
                    <Coords points="2239,1139 2239,1199 2345,1199 2345,1139"/>
                    <TextEquiv>
                        <Unicode>stages</Unicode>
                    </TextEquiv>
                </Word>
                <Word id="tr_2_tl_12_w8" custom="readingOrder {index:7;}">
                    <Coords points="2365,1142 2365,1202 2458,1202 2458,1142"/>
                    <TextEquiv>
                        <Unicode>plays</Unicode>
                    </TextEquiv>
                </Word>
                <TextEquiv>
                    <Unicode>Heinrich, who is an actor and stages plays</Unicode>
                </TextEquiv>
            </TextLine>
            <TextLine id="tr_2_tl_13" custom="readingOrder {index:12;}">
                <Coords points="1670,1207 2471,1233 2451,1187 1670,1175"/>
                <Baseline points="1677,1199 1716,1202 1756,1202 1796,1202 1836,1204 1876,1205 1916,1206 1955,1208 1995,1208 2035,1208 2075,1211 2115,1211 2155,1211 2195,1213 2234,1214 2274,1214 2314,1215 2354,1217 2394,1217 2434,1220 2474,1214"/>
                <Word id="tr_2_tl_13_w1" custom="readingOrder {index:0;}">
                    <Coords points="1672,1159 1672,1219 1699,1219 1699,1159"/>
                    <TextEquiv>
                        <Unicode>in</Unicode>
                    </TextEquiv>
                </Word>
                <Word id="tr_2_tl_13_w2" custom="readingOrder {index:1;}">
                    <Coords points="1724,1162 1724,1222 1849,1222 1849,1162"/>
                    <TextEquiv>
                        <Unicode>Berlin.</Unicode>
                    </TextEquiv>
                </Word>
                <Word id="tr_2_tl_13_w3" custom="readingOrder {index:2;}">
                    <Coords points="1898,1166 1898,1226 1954,1226 1954,1166"/>
                    <TextEquiv>
                        <Unicode>His</Unicode>
                    </TextEquiv>
                </Word>
                <Word id="tr_2_tl_13_w4" custom="readingOrder {index:3;}">
                    <Coords points="1975,1168 1975,1228 2096,1228 2096,1168"/>
                    <TextEquiv>
                        <Unicode>diaries</Unicode>
                    </TextEquiv>
                </Word>
                <Word id="tr_2_tl_13_w5" custom="readingOrder {index:4;}">
                    <Coords points="2117,1171 2117,1231 2201,1231 2201,1171"/>
                    <TextEquiv>
                        <Unicode>until</Unicode>
                    </TextEquiv>
                </Word>
                <Word id="tr_2_tl_13_w6" custom="readingOrder {index:5;}">
                    <Coords points="2222,1174 2222,1234 2282,1234 2282,1174"/>
                    <TextEquiv>
                        <Unicode>1899</Unicode>
                    </TextEquiv>
                </Word>
                <Word id="tr_2_tl_13_w7" custom="readingOrder {index:6;}">
                    <Coords points="2303,1176 2303,1236 2387,1236 2387,1176"/>
                    <TextEquiv>
                        <Unicode>must</Unicode>
                    </TextEquiv>
                </Word>
                <Word id="tr_2_tl_13_w8" custom="readingOrder {index:7;}">
                    <Coords points="2408,1180 2408,1240 2460,1240 2460,1180"/>
                    <TextEquiv>
                        <Unicode>not</Unicode>
                    </TextEquiv>
                </Word>
                <TextEquiv>
                    <Unicode>in Berlin. His diaries until 1899 must not</Unicode>
                </TextEquiv>
            </TextLine>
            <TextLine id="tr_2_tl_14" custom="readingOrder {index:13;}">
                <Coords points="1672,1248 2441,1269 2464,1231 1671,1207"/>
                <Baseline points="1680,1238 1719,1235 1758,1237 1798,1238 1837,1240 1877,1241 1916,1241 1955,1241 1995,1244 2034,1244 2074,1244 2113,1246 2152,1247 2192,1247 2231,1248 2271,1251 2310,1253 2349,1253 2389,1253 2428,1253 2468,1253"/>
                <Word id="tr_2_tl_14_w1" custom="readingOrder {index:0;}">
                    <Coords points="1672,1197 1672,1257 1707,1257 1707,1197"/>
                    <TextEquiv>
                        <Unicode>be</Unicode>
                    </TextEquiv>
                </Word>
                <Word id="tr_2_tl_14_w2" custom="readingOrder {index:1;}">
                    <Coords points="1731,1198 1731,1258 1899,1258 1899,1198"/>
                    <TextEquiv>
                        <Unicode>published</Unicode>
                    </TextEquiv>
                </Word>
                <Word id="tr_2_tl_14_w3" custom="readingOrder {index:2;}">
                    <Coords points="1931,1202 1931,1262 2017,1262 2017,1202"/>
                    <TextEquiv>
                        <Unicode>until</Unicode>
                    </TextEquiv>
                </Word>
                <Word id="tr_2_tl_14_w4" custom="readingOrder {index:3;}">
                    <Coords points="2037,1205 2037,1265 2155,1265 2155,1205"/>
                    <TextEquiv>
                        <Unicode>twenty</Unicode>
                    </TextEquiv>
                </Word>
                <Word id="tr_2_tl_14_w5" custom="readingOrder {index:4;}">
                    <Coords points="2186,1208 2186,1268 2276,1268 2276,1208"/>
                    <TextEquiv>
                        <Unicode>years</Unicode>
                    </TextEquiv>
                </Word>
                <Word id="tr_2_tl_14_w6" custom="readingOrder {index:5;}">
                    <Coords points="2304,1213 2304,1273 2386,1273 2386,1213"/>
                    <TextEquiv>
                        <Unicode>after</Unicode>
                    </TextEquiv>
                </Word>
                <Word id="tr_2_tl_14_w7" custom="readingOrder {index:6;}">
                    <Coords points="2410,1213 2410,1273 2461,1273 2461,1213"/>
                    <TextEquiv>
                        <Unicode>his</Unicode>
                    </TextEquiv>
                </Word>
                <TextEquiv>
                    <Unicode>be published until twenty years after his</Unicode>
                </TextEquiv>
            </TextLine>
            <TextLine id="tr_2_tl_15" custom="readingOrder {index:14;}">
                <Coords points="1664,1277 2357,1286 2340,1258 2206,1273 2178,1249 2010,1266 1931,1242 1664,1244"/>
                <Baseline points="1671,1271 1705,1271 1740,1273 1774,1274 1809,1274 1843,1274 1878,1276 1912,1277 1947,1277 1981,1280 2016,1280 2050,1280 2085,1280 2119,1280 2154,1282 2188,1283 2223,1283 2257,1283 2292,1283 2326,1285 2361,1283"/>
                <Word id="tr_2_tl_15_w1" custom="readingOrder {index:0;}">
                    <Coords points="1666,1232 1666,1292 1784,1292 1784,1232"/>
                    <TextEquiv>
                        <Unicode>death,</Unicode>
                    </TextEquiv>
                </Word>
                <Word id="tr_2_tl_15_w2" custom="readingOrder {index:1;}">
                    <Coords points="1806,1234 1806,1294 1859,1294 1859,1234"/>
                    <TextEquiv>
                        <Unicode>the</Unicode>
                    </TextEquiv>
                </Word>
                <Word id="tr_2_tl_15_w3" custom="readingOrder {index:2;}">
                    <Coords points="1888,1237 1888,1297 1999,1297 1999,1237"/>
                    <TextEquiv>
                        <Unicode>others</Unicode>
                    </TextEquiv>
                </Word>
                <Word id="tr_2_tl_15_w4" custom="readingOrder {index:3;}">
                    <Coords points="2032,1240 2032,1300 2090,1300 2090,1240"/>
                    <TextEquiv>
                        <Unicode>not</Unicode>
                    </TextEquiv>
                </Word>
                <Word id="tr_2_tl_15_w5" custom="readingOrder {index:4;}">
                    <Coords points="2119,1242 2119,1302 2209,1302 2209,1242"/>
                    <TextEquiv>
                        <Unicode>until</Unicode>
                    </TextEquiv>
                </Word>
                <Word id="tr_2_tl_15_w6" custom="readingOrder {index:5;}">
                    <Coords points="2243,1243 2243,1303 2349,1303 2349,1243"/>
                    <TextEquiv>
                        <Unicode>forty.</Unicode>
                    </TextEquiv>
                </Word>
                <TextEquiv>
                    <Unicode>death, the others not until forty.</Unicode>
                </TextEquiv>
            </TextLine>
            <TextLine id="tr_2_tl_16" custom="readingOrder {index:15;}">
                <Coords points="1667,1315 2458,1341 2456,1301 2354,1284 1667,1277"/>
                <Baseline points="1674,1307 1713,1307 1752,1307 1791,1309 1831,1310 1870,1311 1909,1313 1948,1313 1988,1313 2027,1316 2066,1316 2105,1316 2145,1318 2184,1319 2223,1319 2262,1319 2302,1322 2341,1322 2380,1322 2419,1324 2459,1325"/>
                <Word id="tr_2_tl_16_w1" custom="readingOrder {index:0;}">
                    <Coords points="1668,1269 1668,1329 1925,1329 1925,1269"/>
                    <TextEquiv>
                        <Unicode>autobiography</Unicode>
                    </TextEquiv>
                </Word>
                <Word id="tr_2_tl_16_w2" custom="readingOrder {index:1;}">
                    <Coords points="1949,1273 1949,1333 2040,1333 2040,1273"/>
                    <TextEquiv>
                        <Unicode>must</Unicode>
                    </TextEquiv>
                </Word>
                <Word id="tr_2_tl_16_w3" custom="readingOrder {index:2;}">
                    <Coords points="2056,1276 2056,1336 2111,1336 2111,1276"/>
                    <TextEquiv>
                        <Unicode>not</Unicode>
                    </TextEquiv>
                </Word>
                <Word id="tr_2_tl_16_w4" custom="readingOrder {index:3;}">
                    <Coords points="2131,1279 2131,1339 2249,1339 2249,1279"/>
                    <TextEquiv>
                        <Unicode>appear</Unicode>
                    </TextEquiv>
                </Word>
                <Word id="tr_2_tl_16_w5" custom="readingOrder {index:4;}">
                    <Coords points="2273,1281 2273,1341 2320,1341 2320,1281"/>
                    <TextEquiv>
                        <Unicode>for</Unicode>
                    </TextEquiv>
                </Word>
                <Word id="tr_2_tl_16_w6" custom="readingOrder {index:5;}">
                    <Coords points="2340,1282 2340,1342 2455,1342 2455,1282"/>
                    <TextEquiv>
                        <Unicode>twenty</Unicode>
                    </TextEquiv>
                </Word>
                <TextEquiv>
                    <Unicode>autobiography must not appear for twenty</Unicode>
                </TextEquiv>
            </TextLine>
            <TextLine id="tr_2_tl_17" custom="readingOrder {index:16;}">
                <Coords points="1672,1369 1892,1348 2428,1375 2464,1369 2464,1340 1671,1316"/>
                <Baseline points="1680,1346 1719,1343 1758,1343 1798,1345 1837,1346 1877,1346 1916,1347 1955,1349 1995,1349 2034,1349 2074,1351 2113,1352 2152,1354 2192,1355 2231,1355 2271,1356 2310,1358 2349,1358 2389,1358 2428,1360 2468,1364"/>
                <Word id="tr_2_tl_17_w1" custom="readingOrder {index:0;}">
                    <Coords points="1668,1303 1668,1363 1777,1363 1777,1303"/>
                    <TextEquiv>
                        <Unicode>years,</Unicode>
                    </TextEquiv>
                </Word>
                <Word id="tr_2_tl_17_w2" custom="readingOrder {index:1;}">
                    <Coords points="1801,1305 1801,1365 1860,1365 1860,1305"/>
                    <TextEquiv>
                        <Unicode>and</Unicode>
                    </TextEquiv>
                </Word>
                <Word id="tr_2_tl_17_w3" custom="readingOrder {index:2;}">
                    <Coords points="1888,1308 1888,1368 2021,1368 2021,1308"/>
                    <TextEquiv>
                        <Unicode>without</Unicode>
                    </TextEquiv>
                </Word>
                <Word id="tr_2_tl_17_w4" custom="readingOrder {index:3;}">
                    <Coords points="2037,1310 2037,1370 2096,1370 2096,1310"/>
                    <TextEquiv>
                        <Unicode>any</Unicode>
                    </TextEquiv>
                </Word>
                <Word id="tr_2_tl_17_w5" custom="readingOrder {index:4;}">
                    <Coords points="2120,1315 2120,1375 2308,1375 2308,1315"/>
                    <TextEquiv>
                        <Unicode>alterations</Unicode>
                    </TextEquiv>
                </Word>
                <Word id="tr_2_tl_17_w6" custom="readingOrder {index:5;}">
                    <Coords points="2328,1318 2328,1378 2359,1378 2359,1318"/>
                    <TextEquiv>
                        <Unicode>or</Unicode>
                    </TextEquiv>
                </Word>
                <Word id="tr_2_tl_17_w7" custom="readingOrder {index:6;}">
                    <Coords points="2379,1319 2379,1379 2461,1379 2461,1319"/>
                    <TextEquiv>
                        <Unicode>cuts.</Unicode>
                    </TextEquiv>
                </Word>
                <TextEquiv>
                    <Unicode>years, and without any alterations or cuts.</Unicode>
                </TextEquiv>
            </TextLine>
            <TextLine id="tr_2_tl_18" custom="readingOrder {index:17;}">
                <Coords points="1703,1383 2464,1403 2454,1367 1703,1349"/>
                <Baseline points="1710,1379 1747,1379 1785,1381 1823,1382 1861,1382 1899,1382 1937,1384 1975,1384 2013,1386 2051,1385 2089,1384 2126,1385 2164,1387 2202,1387 2240,1390 2278,1390 2316,1392 2354,1393 2392,1393 2430,1393 2468,1396"/>
                <Word id="tr_2_tl_18_w1" custom="readingOrder {index:0;}">
                    <Coords points="1700,1339 1700,1399 1821,1399 1821,1339"/>
                    <TextEquiv>
                        <Unicode>Among</Unicode>
                    </TextEquiv>
                </Word>
                <Word id="tr_2_tl_18_w2" custom="readingOrder {index:1;}">
                    <Coords points="1864,1342 1864,1402 1916,1402 1916,1342"/>
                    <TextEquiv>
                        <Unicode>his</Unicode>
                    </TextEquiv>
                </Word>
                <Word id="tr_2_tl_18_w3" custom="readingOrder {index:2;}">
                    <Coords points="1955,1345 1955,1405 2073,1405 2073,1345"/>
                    <TextEquiv>
                        <Unicode>papers</Unicode>
                    </TextEquiv>
                </Word>
                <Word id="tr_2_tl_18_w4" custom="readingOrder {index:3;}">
                    <Coords points="2111,1345 2111,1405 2164,1405 2164,1345"/>
                    <TextEquiv>
                        <Unicode>are</Unicode>
                    </TextEquiv>
                </Word>
                <Word id="tr_2_tl_18_w5" custom="readingOrder {index:4;}">
                    <Coords points="2203,1350 2203,1410 2290,1410 2290,1350"/>
                    <TextEquiv>
                        <Unicode>some</Unicode>
                    </TextEquiv>
                </Word>
                <Word id="tr_2_tl_18_w6" custom="readingOrder {index:5;}">
                    <Coords points="2336,1353 2336,1413 2461,1413 2461,1353"/>
                    <TextEquiv>
                        <Unicode>one-act</Unicode>
                    </TextEquiv>
                </Word>
                <TextEquiv>
                    <Unicode>Among his papers are some one-act</Unicode>
                </TextEquiv>
            </TextLine>
            <TextLine id="tr_2_tl_19" custom="readingOrder {index:18;}">
                <Coords points="1664,1423 2464,1446 2464,1403 1663,1382"/>
                <Baseline points="1671,1414 1710,1414 1750,1416 1790,1415 1830,1416 1870,1417 1910,1417 1949,1418 1989,1420 2029,1423 2069,1423 2109,1423 2149,1423 2189,1425 2228,1426 2268,1426 2308,1427 2348,1429 2388,1429 2428,1429 2468,1429"/>
                <Word id="tr_2_tl_19_w1" custom="readingOrder {index:0;}">
                    <Coords points="1665,1374 1665,1434 1773,1434 1773,1374"/>
                    <TextEquiv>
                        <Unicode>plays,</Unicode>
                    </TextEquiv>
                </Word>
                <Word id="tr_2_tl_19_w2" custom="readingOrder {index:1;}">
                    <Coords points="1799,1376 1799,1436 1895,1436 1895,1376"/>
                    <TextEquiv>
                        <Unicode>which</Unicode>
                    </TextEquiv>
                </Word>
                <Word id="tr_2_tl_19_w3" custom="readingOrder {index:2;}">
                    <Coords points="1929,1382 1929,1442 2112,1442 2112,1382"/>
                    <TextEquiv>
                        <Unicode>Schnitzler</Unicode>
                    </TextEquiv>
                </Word>
                <Word id="tr_2_tl_19_w4" custom="readingOrder {index:3;}">
                    <Coords points="2142,1383 2142,1443 2188,1443 2188,1383"/>
                    <TextEquiv>
                        <Unicode>did</Unicode>
                    </TextEquiv>
                </Word>
                <Word id="tr_2_tl_19_w5" custom="readingOrder {index:4;}">
                    <Coords points="2222,1386 2222,1446 2276,1446 2276,1386"/>
                    <TextEquiv>
                        <Unicode>not</Unicode>
                    </TextEquiv>
                </Word>
                <Word id="tr_2_tl_19_w6" custom="readingOrder {index:5;}">
                    <Coords points="2301,1388 2301,1448 2385,1448 2385,1388"/>
                    <TextEquiv>
                        <Unicode>allow</Unicode>
                    </TextEquiv>
                </Word>
                <Word id="tr_2_tl_19_w7" custom="readingOrder {index:6;}">
                    <Coords points="2423,1389 2423,1449 2452,1449 2452,1389"/>
                    <TextEquiv>
                        <Unicode>to</Unicode>
                    </TextEquiv>
                </Word>
                <TextEquiv>
                    <Unicode>plays, which Schnitzler did not allow to</Unicode>
                </TextEquiv>
            </TextLine>
            <TextLine id="tr_2_tl_20" custom="readingOrder {index:19;}">
                <Coords points="1664,1453 2458,1479 2456,1439 2423,1436 1663,1423"/>
                <Baseline points="1671,1447 1710,1450 1749,1450 1789,1450 1828,1450 1868,1451 1907,1453 1946,1453 1986,1456 2025,1456 2065,1458 2104,1459 2143,1459 2183,1460 2222,1462 2262,1463 2301,1465 2340,1465 2380,1465 2419,1465 2459,1465"/>
                <Word id="tr_2_tl_20_w1" custom="readingOrder {index:0;}">
                    <Coords points="1665,1407 1665,1467 1701,1467 1701,1407"/>
                    <TextEquiv>
                        <Unicode>be</Unicode>
                    </TextEquiv>
                </Word>
                <Word id="tr_2_tl_20_w2" custom="readingOrder {index:1;}">
                    <Coords points="1725,1410 1725,1470 1903,1470 1903,1410"/>
                    <TextEquiv>
                        <Unicode>performed</Unicode>
                    </TextEquiv>
                </Word>
                <Word id="tr_2_tl_20_w3" custom="readingOrder {index:2;}">
                    <Coords points="1932,1416 1932,1476 2045,1476 2045,1416"/>
                    <TextEquiv>
                        <Unicode>during</Unicode>
                    </TextEquiv>
                </Word>
                <Word id="tr_2_tl_20_w4" custom="readingOrder {index:3;}">
                    <Coords points="2074,1418 2074,1478 2122,1478 2122,1418"/>
                    <TextEquiv>
                        <Unicode>his</Unicode>
                    </TextEquiv>
                </Word>
                <Word id="tr_2_tl_20_w5" custom="readingOrder {index:4;}">
                    <Coords points="2147,1421 2147,1481 2296,1481 2296,1421"/>
                    <TextEquiv>
                        <Unicode>lifetime,</Unicode>
                    </TextEquiv>
                </Word>
                <Word id="tr_2_tl_20_w6" custom="readingOrder {index:5;}">
                    <Coords points="2313,1425 2313,1485 2361,1485 2361,1425"/>
                    <TextEquiv>
                        <Unicode>for</Unicode>
                    </TextEquiv>
                </Word>
                <Word id="tr_2_tl_20_w7" custom="readingOrder {index:6;}">
                    <Coords points="2386,1425 2386,1485 2458,1485 2458,1425"/>
                    <TextEquiv>
                        <Unicode>per¬</Unicode>
                    </TextEquiv>
                </Word>
                <TextEquiv>
                    <Unicode>be performed during his lifetime, for per¬</Unicode>
                </TextEquiv>
            </TextLine>
            <TextLine id="tr_2_tl_21" custom="readingOrder {index:20;}">
                <Coords points="1664,1491 2452,1518 2437,1477 2313,1466 1664,1466"/>
                <Baseline points="1671,1480 1710,1483 1749,1485 1788,1486 1828,1486 1867,1487 1906,1489 1945,1489 1985,1492 2024,1492 2063,1492 2102,1494 2142,1495 2181,1496 2220,1498 2259,1498 2299,1498 2338,1501 2377,1501 2416,1501 2456,1501"/>
                <Word id="tr_2_tl_21_w1" custom="readingOrder {index:0;}">
                    <Coords points="1665,1443 1665,1503 1759,1503 1759,1443"/>
                    <TextEquiv>
                        <Unicode>sonal</Unicode>
                    </TextEquiv>
                </Word>
                <Word id="tr_2_tl_21_w2" custom="readingOrder {index:1;}">
                    <Coords points="1779,1446 1779,1506 1836,1506 1836,1446"/>
                    <TextEquiv>
                        <Unicode>and</Unicode>
                    </TextEquiv>
                </Word>
                <Word id="tr_2_tl_21_w3" custom="readingOrder {index:2;}">
                    <Coords points="1867,1449 1867,1509 1988,1509 1988,1449"/>
                    <TextEquiv>
                        <Unicode>artistic</Unicode>
                    </TextEquiv>
                </Word>
                <Word id="tr_2_tl_21_w4" custom="readingOrder {index:3;}">
                    <Coords points="2008,1453 2008,1513 2160,1513 2160,1453"/>
                    <TextEquiv>
                        <Unicode>reasons;</Unicode>
                    </TextEquiv>
                </Word>
                <Word id="tr_2_tl_21_w5" custom="readingOrder {index:4;}">
                    <Coords points="2179,1456 2179,1516 2213,1516 2213,1456"/>
                    <TextEquiv>
                        <Unicode>an</Unicode>
                    </TextEquiv>
                </Word>
                <Word id="tr_2_tl_21_w6" custom="readingOrder {index:5;}">
                    <Coords points="2240,1458 2240,1518 2358,1518 2358,1458"/>
                    <TextEquiv>
                        <Unicode>almost</Unicode>
                    </TextEquiv>
                </Word>
                <Word id="tr_2_tl_21_w7" custom="readingOrder {index:6;}">
                    <Coords points="2378,1461 2378,1521 2457,1521 2457,1461"/>
                    <TextEquiv>
                        <Unicode>com¬</Unicode>
                    </TextEquiv>
                </Word>
                <TextEquiv>
                    <Unicode>sonal and artistic reasons; an almost com¬</Unicode>
                </TextEquiv>
            </TextLine>
            <TextLine id="tr_2_tl_22" custom="readingOrder {index:21;}">
                <Coords points="1666,1529 1959,1528 2042,1558 2082,1533 2432,1548 2458,1516 1664,1491"/>
                <Baseline points="1671,1522 1710,1520 1750,1521 1789,1522 1829,1522 1868,1523 1908,1525 1947,1525 1987,1528 2026,1528 2066,1523 2106,1528 2145,1529 2185,1529 2224,1532 2264,1533 2303,1531 2343,1525 2382,1529 2422,1533 2462,1534"/>
                <Word id="tr_2_tl_22_w1" custom="readingOrder {index:0;}">
                    <Coords points="1663,1480 1663,1540 1744,1540 1744,1480"/>
                    <TextEquiv>
                        <Unicode>plete</Unicode>
                    </TextEquiv>
                </Word>
                <Word id="tr_2_tl_22_w2" custom="readingOrder {index:1;}">
                    <Coords points="1764,1482 1764,1542 1830,1542 1830,1482"/>
                    <TextEquiv>
                        <Unicode>MS.</Unicode>
                    </TextEquiv>
                </Word>
                <Word id="tr_2_tl_22_w3" custom="readingOrder {index:2;}">
                    <Coords points="1845,1482 1845,1542 1878,1542 1878,1482"/>
                    <TextEquiv>
                        <Unicode>of</Unicode>
                    </TextEquiv>
                </Word>
                <Word id="tr_2_tl_22_w4" custom="readingOrder {index:3;}">
                    <Coords points="1893,1485 1893,1545 1945,1545 1945,1485"/>
                    <TextEquiv>
                        <Unicode>the</Unicode>
                    </TextEquiv>
                </Word>
                <Word id="tr_2_tl_22_w5" custom="readingOrder {index:4;}">
                    <Coords points="1965,1488 1965,1548 2055,1548 2055,1488"/>
                    <TextEquiv>
                        <Unicode>play,</Unicode>
                    </TextEquiv>
                </Word>
                <Word id="tr_2_tl_22_w6" custom="readingOrder {index:5;}">
                    <Coords points="2065,1483 2065,1543 2079,1543 2079,1483"/>
                    <TextEquiv>
                        <Unicode>“</Unicode>
                    </TextEquiv>
                </Word>
                <Word id="tr_2_tl_22_w7" custom="readingOrder {index:6;}">
                    <Coords points="2099,1488 2099,1548 2161,1548 2161,1488"/>
                    <TextEquiv>
                        <Unicode>The</Unicode>
                    </TextEquiv>
                </Word>
                <Word id="tr_2_tl_22_w8" custom="readingOrder {index:7;}">
                    <Coords points="2185,1492 2185,1552 2304,1552 2304,1492"/>
                    <TextEquiv>
                        <Unicode>Word”</Unicode>
                    </TextEquiv>
                </Word>
                <Word id="tr_2_tl_22_w9" custom="readingOrder {index:8;}">
                    <Coords points="2329,1485 2329,1545 2357,1545 2357,1485"/>
                    <TextEquiv>
                        <Unicode>(“</Unicode>
                    </TextEquiv>
                </Word>
                <Word id="tr_2_tl_22_w10" custom="readingOrder {index:9;}">
                    <Coords points="2377,1492 2377,1552 2453,1552 2453,1492"/>
                    <TextEquiv>
                        <Unicode>Pro¬</Unicode>
                    </TextEquiv>
                </Word>
                <TextEquiv>
                    <Unicode>plete MS. of the play, “ The Word” (“ Pro¬</Unicode>
                </TextEquiv>
            </TextLine>
            <TextLine id="tr_2_tl_23" custom="readingOrder {index:22;}">
                <Coords points="1660,1570 2462,1585 2451,1541 1660,1538"/>
                <Baseline points="1668,1555 1707,1555 1747,1555 1787,1557 1827,1558 1867,1559 1907,1561 1946,1561 1986,1561 2026,1561 2066,1564 2106,1566 2146,1567 2186,1567 2225,1568 2265,1570 2305,1571 2345,1573 2385,1573 2425,1573 2465,1573"/>
                <Word id="tr_2_tl_23_w1" custom="readingOrder {index:0;}">
                    <Coords points="1662,1515 1662,1575 1782,1575 1782,1515"/>
                    <TextEquiv>
                        <Unicode>cession</Unicode>
                    </TextEquiv>
                </Word>
                <Word id="tr_2_tl_23_w2" custom="readingOrder {index:1;}">
                    <Coords points="1807,1517 1807,1577 1839,1577 1839,1517"/>
                    <TextEquiv>
                        <Unicode>of</Unicode>
                    </TextEquiv>
                </Word>
                <Word id="tr_2_tl_23_w3" custom="readingOrder {index:2;}">
                    <Coords points="1856,1521 1856,1581 2041,1581 2041,1521"/>
                    <TextEquiv>
                        <Unicode>Shadows"</Unicode>
                    </TextEquiv>
                </Word>
                <Word id="tr_2_tl_23_w4" custom="readingOrder {index:3;}">
                    <Coords points="2067,1524 2067,1584 2090,1584 2090,1524"/>
                    <TextEquiv>
                        <Unicode>is</Unicode>
                    </TextEquiv>
                </Word>
                <Word id="tr_2_tl_23_w5" custom="readingOrder {index:4;}">
                    <Coords points="2111,1526 2111,1586 2151,1586 2151,1526"/>
                    <TextEquiv>
                        <Unicode>its</Unicode>
                    </TextEquiv>
                </Word>
                <Word id="tr_2_tl_23_w6" custom="readingOrder {index:5;}">
                    <Coords points="2172,1527 2172,1587 2256,1587 2256,1527"/>
                    <TextEquiv>
                        <Unicode>other</Unicode>
                    </TextEquiv>
                </Word>
                <Word id="tr_2_tl_23_w7" custom="readingOrder {index:6;}">
                    <Coords points="2277,1532 2277,1592 2374,1592 2374,1532"/>
                    <TextEquiv>
                        <Unicode>title);</Unicode>
                    </TextEquiv>
                </Word>
                <Word id="tr_2_tl_23_w8" custom="readingOrder {index:7;}">
                    <Coords points="2386,1533 2386,1593 2446,1593 2446,1533"/>
                    <TextEquiv>
                        <Unicode>and</Unicode>
                    </TextEquiv>
                </Word>
                <TextEquiv>
                    <Unicode>cession of Shadows" is its other title); and</Unicode>
                </TextEquiv>
            </TextLine>
            <TextLine id="tr_2_tl_24" custom="readingOrder {index:23;}">
                <Coords points="1660,1600 2413,1636 2460,1625 2459,1588 1659,1572"/>
                <Baseline points="1668,1590 1707,1590 1747,1590 1787,1592 1826,1593 1866,1594 1906,1596 1945,1596 1985,1596 2025,1599 2065,1599 2104,1601 2144,1602 2184,1602 2223,1603 2263,1605 2303,1606 2342,1608 2382,1608 2422,1611 2462,1608"/>
                <Word id="tr_2_tl_24_w1" custom="readingOrder {index:0;}">
                    <Coords points="1661,1550 1661,1610 1745,1610 1745,1550"/>
                    <TextEquiv>
                        <Unicode>some</Unicode>
                    </TextEquiv>
                </Word>
                <Word id="tr_2_tl_24_w2" custom="readingOrder {index:1;}">
                    <Coords points="1774,1552 1774,1612 1874,1612 1874,1552"/>
                    <TextEquiv>
                        <Unicode>drafts</Unicode>
                    </TextEquiv>
                </Word>
                <Word id="tr_2_tl_24_w3" custom="readingOrder {index:2;}">
                    <Coords points="1903,1556 1903,1616 1935,1616 1935,1556"/>
                    <TextEquiv>
                        <Unicode>of</Unicode>
                    </TextEquiv>
                </Word>
                <Word id="tr_2_tl_24_w4" custom="readingOrder {index:3;}">
                    <Coords points="1960,1556 1960,1616 1972,1616 1972,1556"/>
                    <TextEquiv>
                        <Unicode>a</Unicode>
                    </TextEquiv>
                </Word>
                <Word id="tr_2_tl_24_w5" custom="readingOrder {index:4;}">
                    <Coords points="2004,1559 2004,1619 2109,1619 2109,1559"/>
                    <TextEquiv>
                        <Unicode>drama</Unicode>
                    </TextEquiv>
                </Word>
                <Word id="tr_2_tl_24_w6" custom="readingOrder {index:5;}">
                    <Coords points="2142,1562 2142,1622 2267,1622 2267,1562"/>
                    <TextEquiv>
                        <Unicode>dealing</Unicode>
                    </TextEquiv>
                </Word>
                <Word id="tr_2_tl_24_w7" custom="readingOrder {index:6;}">
                    <Coords points="2296,1567 2296,1627 2364,1627 2364,1567"/>
                    <TextEquiv>
                        <Unicode>with</Unicode>
                    </TextEquiv>
                </Word>
                <Word id="tr_2_tl_24_w8" custom="readingOrder {index:7;}">
                    <Coords points="2397,1570 2397,1630 2445,1630 2445,1570"/>
                    <TextEquiv>
                        <Unicode>the</Unicode>
                    </TextEquiv>
                </Word>
                <TextEquiv>
                    <Unicode>some drafts of a drama dealing with the</Unicode>
                </TextEquiv>
            </TextLine>
            <TextLine id="tr_2_tl_25" custom="readingOrder {index:24;}">
                <Coords points="1652,1650 2236,1652 2274,1647 2274,1621 1959,1597 1651,1608"/>
                <Baseline points="1659,1632 1689,1628 1720,1627 1751,1629 1782,1629 1813,1629 1844,1629 1875,1631 1906,1632 1937,1633 1968,1635 1998,1635 2029,1636 2060,1638 2091,1638 2122,1638 2153,1638 2184,1638 2215,1638 2246,1639 2277,1644"/>
                <Word id="tr_2_tl_25_w1" custom="readingOrder {index:0;}">
                    <Coords points="1654,1587 1654,1647 1767,1647 1767,1587"/>
                    <TextEquiv>
                        <Unicode>period</Unicode>
                    </TextEquiv>
                </Word>
                <Word id="tr_2_tl_25_w2" custom="readingOrder {index:1;}">
                    <Coords points="1791,1589 1791,1649 1822,1649 1822,1589"/>
                    <TextEquiv>
                        <Unicode>of</Unicode>
                    </TextEquiv>
                </Word>
                <Word id="tr_2_tl_25_w3" custom="readingOrder {index:2;}">
                    <Coords points="1841,1590 1841,1650 1890,1650 1890,1590"/>
                    <TextEquiv>
                        <Unicode>the</Unicode>
                    </TextEquiv>
                </Word>
                <Word id="tr_2_tl_25_w4" custom="readingOrder {index:3;}">
                    <Coords points="1914,1595 1914,1655 2023,1655 2023,1595"/>
                    <TextEquiv>
                        <Unicode>Thirty</Unicode>
                    </TextEquiv>
                </Word>
                <Word id="tr_2_tl_25_w5" custom="readingOrder {index:4;}">
                    <Coords points="2051,1598 2051,1658 2159,1658 2159,1598"/>
                    <TextEquiv>
                        <Unicode>Years'</Unicode>
                    </TextEquiv>
                </Word>
                <Word id="tr_2_tl_25_w6" custom="readingOrder {index:5;}">
                    <Coords points="2178,1598 2178,1658 2269,1658 2269,1598"/>
                    <TextEquiv>
                        <Unicode>War.</Unicode>
                    </TextEquiv>
                </Word>
                <TextEquiv>
                    <Unicode>period of the Thirty Years' War.</Unicode>
                </TextEquiv>
            </TextLine>
            <TextLine id="tr_2_tl_26" custom="readingOrder {index:25;}">
                <Coords points="1993,1879 2115,1895 2190,1888 2206,1873 2277,1900 2325,1889 2350,1900 2340,1782 2266,1797 2211,1786 2171,1809 2141,1792 2070,1809 2027,1792 1986,1808"/>
                <Baseline points="1996,1838 2021,1845 2046,1852 2072,1857 2097,1860 2123,1862 2148,1862 2174,1862 2199,1862 2224,1863 2250,1869 2275,1873 2301,1876 2326,1876 2352,1874"/>
                <Word id="tr_2_tl_26_w1" custom="readingOrder {index:0;}">
                    <Coords points="1995,1805 1995,1865 2054,1865 2054,1805"/>
                    <TextEquiv>
                        <Unicode>.</Unicode>
                    </TextEquiv>
                </Word>
                <Word id="tr_2_tl_26_w2" custom="readingOrder {index:1;}">
                    <Coords points="2076,1822 2076,1882 2176,1882 2176,1822"/>
                    <TextEquiv>
                        <Unicode>NOV</Unicode>
                    </TextEquiv>
                </Word>
                <Word id="tr_2_tl_26_w3" custom="readingOrder {index:2;}">
                    <Coords points="2227,1833 2227,1893 2327,1893 2327,1833"/>
                    <TextEquiv>
                        <Unicode>137</Unicode>
                    </TextEquiv>
                </Word>
                <TextEquiv>
                    <Unicode>. NOV 137</Unicode>
                </TextEquiv>
            </TextLine>
            <TextLine id="tr_2_tl_27" custom="readingOrder {index:26;}">
                <Coords points="1918,1967 2129,1960 2266,1983 2334,1966 2395,1982 2397,1899 1915,1893"/>
                <Baseline points="1925,1952 1950,1950 1975,1949 2000,1949 2025,1950 2050,1951 2075,1953 2100,1955 2125,1955 2150,1955 2176,1957 2201,1958 2226,1958 2251,1959 2276,1961 2301,1961 2326,1961 2351,1963 2376,1964 2402,1964"/>
                <Word id="tr_2_tl_27_w1" custom="readingOrder {index:0;}">
                    <Coords points="1921,1909 1921,1969 1980,1969 1980,1909"/>
                    <TextEquiv>
                        <Unicode>ner</Unicode>
                    </TextEquiv>
                </Word>
                <Word id="tr_2_tl_27_w2" custom="readingOrder {index:1;}">
                    <Coords points="2007,1915 2007,1975 2296,1975 2296,1915"/>
                    <TextEquiv>
                        <Unicode>Dersenzeitng,</Unicode>
                    </TextEquiv>
                </Word>
                <Word id="tr_2_tl_27_w3" custom="readingOrder {index:2;}">
                    <Coords points="2306,1923 2306,1983 2399,1983 2399,1923"/>
                    <TextEquiv>
                        <Unicode>Derl.</Unicode>
                    </TextEquiv>
                </Word>
                <TextEquiv>
                    <Unicode>ner Dersenzeitng, Derl.</Unicode>
                </TextEquiv>
            </TextLine>
            <TextLine id="tr_2_tl_28" custom="readingOrder {index:27;}">
                <Coords points="1611,2050 1982,2090 2526,2084 2581,2073 2581,2039 1845,2027 1721,1982 1609,2021"/>
                <Baseline points="1617,2041 1665,2044 1713,2050 1762,2050 1810,2051 1858,2053 1907,2053 1955,2051 2003,2050 2052,2052 2100,2058 2148,2064 2197,2062 2245,2062 2293,2065 2342,2065 2390,2065 2438,2068 2487,2068 2535,2068 2584,2068"/>
                <Word id="tr_2_tl_28_w1" custom="readingOrder {index:0;}">
                    <Coords points="1619,2001 1619,2061 1638,2061 1638,2001"/>
                    <TextEquiv>
                        <Unicode>—</Unicode>
                    </TextEquiv>
                </Word>
                <Word id="tr_2_tl_28_w2" custom="readingOrder {index:1;}">
                    <Coords points="1686,2011 1686,2071 1968,2071 1968,2011"/>
                    <TextEquiv>
                        <Unicode>Anbetannte,</Unicode>
                    </TextEquiv>
                </Word>
                <Word id="tr_2_tl_28_w3" custom="readingOrder {index:2;}">
                    <Coords points="1982,2011 1982,2071 2110,2071 2110,2011"/>
                    <TextEquiv>
                        <Unicode>Merte</Unicode>
                    </TextEquiv>
                </Word>
                <Word id="tr_2_tl_28_w4" custom="readingOrder {index:3;}">
                    <Coords points="2158,2023 2158,2083 2394,2083 2394,2023"/>
                    <TextEquiv>
                        <Unicode>Schnlalers.</Unicode>
                    </TextEquiv>
                </Word>
                <Word id="tr_2_tl_28_w5" custom="readingOrder {index:4;}">
                    <Coords points="2449,2028 2449,2088 2569,2088 2569,2028"/>
                    <TextEquiv>
                        <Unicode>Neihur</Unicode>
                    </TextEquiv>
                </Word>
                <TextEquiv>
                    <Unicode>— Anbetannte, Merte Schnlalers. Neihur</Unicode>
                </TextEquiv>
            </TextLine>
            <TextLine id="tr_2_tl_29" custom="readingOrder {index:28;}">
                <Coords points="1533,2097 2581,2112 2580,2074 1532,2052"/>
                <Baseline points="1540,2080 1592,2084 1644,2086 1696,2086 1748,2088 1801,2089 1853,2089 1905,2092 1957,2091 2009,2095 2062,2097 2114,2098 2166,2098 2218,2101 2270,2102 2323,2103 2375,2103 2427,2106 2479,2107 2531,2107 2584,2107"/>
                <Word id="tr_2_tl_29_w1" custom="readingOrder {index:0;}">
                    <Coords points="1533,2045 1533,2105 1714,2105 1714,2045"/>
                    <TextEquiv>
                        <Unicode>Schnißlers</Unicode>
                    </TextEquiv>
                </Word>
                <Word id="tr_2_tl_29_w2" custom="readingOrder {index:1;}">
                    <Coords points="1765,2049 1765,2109 1941,2109 1941,2049"/>
                    <TextEquiv>
                        <Unicode>literätische</Unicode>
                    </TextEquiv>
                </Word>
                <Word id="tr_2_tl_29_w3" custom="readingOrder {index:2;}">
                    <Coords points="1987,2058 1987,2118 2290,2118 2290,2058"/>
                    <TextEquiv>
                        <Unicode>Hinterlässenschaft</Unicode>
                    </TextEquiv>
                </Word>
                <Word id="tr_2_tl_29_w4" custom="readingOrder {index:3;}">
                    <Coords points="2335,2063 2335,2123 2390,2123 2390,2063"/>
                    <TextEquiv>
                        <Unicode>hat</Unicode>
                    </TextEquiv>
                </Word>
                <Word id="tr_2_tl_29_w5" custom="readingOrder {index:4;}">
                    <Coords points="2435,2066 2435,2126 2479,2126 2479,2066"/>
                    <TextEquiv>
                        <Unicode>sich</Unicode>
                    </TextEquiv>
                </Word>
                <Word id="tr_2_tl_29_w6" custom="readingOrder {index:5;}">
                    <Coords points="2535,2067 2535,2127 2578,2127 2578,2067"/>
                    <TextEquiv>
                        <Unicode>bei</Unicode>
                    </TextEquiv>
                </Word>
                <TextEquiv>
                    <Unicode>Schnißlers literätische Hinterlässenschaft hat sich bei</Unicode>
                </TextEquiv>
            </TextLine>
            <TextLine id="tr_2_tl_30" custom="readingOrder {index:29;}">
                <Coords points="1538,2140 2578,2157 2577,2112 1538,2100"/>
                <Baseline points="1546,2125 1597,2122 1649,2125 1701,2125 1753,2125 1804,2127 1856,2128 1908,2131 1960,2131 2011,2132 2063,2136 2115,2137 2167,2137 2218,2137 2270,2140 2322,2141 2374,2143 2425,2143 2477,2145 2529,2143 2581,2143"/>
                <Word id="tr_2_tl_30_w1" custom="readingOrder {index:0;}">
                    <Coords points="1537,2083 1537,2143 1699,2143 1699,2083"/>
                    <TextEquiv>
                        <Unicode>gesäuerer</Unicode>
                    </TextEquiv>
                </Word>
                <Word id="tr_2_tl_30_w2" custom="readingOrder {index:1;}">
                    <Coords points="1727,2087 1727,2147 1889,2147 1889,2087"/>
                    <TextEquiv>
                        <Unicode>Durchsicht</Unicode>
                    </TextEquiv>
                </Word>
                <Word id="tr_2_tl_30_w3" custom="readingOrder {index:2;}">
                    <Coords points="1917,2091 1917,2151 1975,2151 1975,2091"/>
                    <TextEquiv>
                        <Unicode>noch</Unicode>
                    </TextEquiv>
                </Word>
                <Word id="tr_2_tl_30_w4" custom="readingOrder {index:3;}">
                    <Coords points="2003,2095 2003,2155 2107,2155 2107,2095"/>
                    <TextEquiv>
                        <Unicode>reicher</Unicode>
                    </TextEquiv>
                </Word>
                <Word id="tr_2_tl_30_w5" custom="readingOrder {index:4;}">
                    <Coords points="2135,2097 2135,2157 2292,2157 2292,2097"/>
                    <TextEquiv>
                        <Unicode>erwiesen,</Unicode>
                    </TextEquiv>
                </Word>
                <Word id="tr_2_tl_30_w6" custom="readingOrder {index:5;}">
                    <Coords points="2311,2101 2311,2161 2356,2161 2356,2101"/>
                    <TextEquiv>
                        <Unicode>als</Unicode>
                    </TextEquiv>
                </Word>
                <Word id="tr_2_tl_30_w7" custom="readingOrder {index:6;}">
                    <Coords points="2384,2103 2384,2163 2451,2163 2451,2103"/>
                    <TextEquiv>
                        <Unicode>man</Unicode>
                    </TextEquiv>
                </Word>
                <Word id="tr_2_tl_30_w8" custom="readingOrder {index:7;}">
                    <Coords points="2479,2103 2479,2163 2578,2163 2578,2103"/>
                    <TextEquiv>
                        <Unicode>zuerst</Unicode>
                    </TextEquiv>
                </Word>
                <TextEquiv>
                    <Unicode>gesäuerer Durchsicht noch reicher erwiesen, als man zuerst</Unicode>
                </TextEquiv>
            </TextLine>
            <TextLine id="tr_2_tl_31" custom="readingOrder {index:30;}">
                <Coords points="1533,2167 2459,2196 2578,2192 2581,2159 1532,2145"/>
                <Baseline points="1540,2158 1592,2161 1644,2161 1696,2162 1748,2164 1801,2164 1853,2167 1905,2167 1957,2169 2009,2173 2062,2173 2114,2173 2166,2176 2218,2176 2270,2177 2323,2179 2375,2181 2427,2181 2479,2181 2531,2181 2584,2181"/>
                <Word id="tr_2_tl_31_w1" custom="readingOrder {index:0;}">
                    <Coords points="1530,2121 1530,2181 1745,2181 1745,2121"/>
                    <TextEquiv>
                        <Unicode>angenommen</Unicode>
                    </TextEquiv>
                </Word>
                <Word id="tr_2_tl_31_w2" custom="readingOrder {index:1;}">
                    <Coords points="1776,2125 1776,2185 1870,2185 1870,2125"/>
                    <TextEquiv>
                        <Unicode>hatte.</Unicode>
                    </TextEquiv>
                </Word>
                <Word id="tr_2_tl_31_w3" custom="readingOrder {index:2;}">
                    <Coords points="1905,2127 1905,2187 1943,2187 1943,2127"/>
                    <TextEquiv>
                        <Unicode>Es</Unicode>
                    </TextEquiv>
                </Word>
                <Word id="tr_2_tl_31_w4" custom="readingOrder {index:3;}">
                    <Coords points="1970,2133 1970,2193 2077,2193 2077,2133"/>
                    <TextEquiv>
                        <Unicode>fanden</Unicode>
                    </TextEquiv>
                </Word>
                <Word id="tr_2_tl_31_w5" custom="readingOrder {index:4;}">
                    <Coords points="2107,2133 2107,2193 2150,2193 2150,2133"/>
                    <TextEquiv>
                        <Unicode>sich</Unicode>
                    </TextEquiv>
                </Word>
                <Word id="tr_2_tl_31_w6" custom="readingOrder {index:5;}">
                    <Coords points="2176,2136 2176,2196 2249,2196 2249,2136"/>
                    <TextEquiv>
                        <Unicode>nicht</Unicode>
                    </TextEquiv>
                </Word>
                <Word id="tr_2_tl_31_w7" custom="readingOrder {index:6;}">
                    <Coords points="2271,2139 2271,2199 2400,2199 2400,2139"/>
                    <TextEquiv>
                        <Unicode>weniger</Unicode>
                    </TextEquiv>
                </Word>
                <Word id="tr_2_tl_31_w8" custom="readingOrder {index:7;}">
                    <Coords points="2422,2141 2422,2201 2464,2201 2464,2141"/>
                    <TextEquiv>
                        <Unicode>als</Unicode>
                    </TextEquiv>
                </Word>
                <Word id="tr_2_tl_31_w9" custom="readingOrder {index:8;}">
                    <Coords points="2491,2141 2491,2201 2568,2201 2568,2141"/>
                    <TextEquiv>
                        <Unicode>neun</Unicode>
                    </TextEquiv>
                </Word>
                <TextEquiv>
                    <Unicode>angenommen hatte. Es fanden sich nicht weniger als neun</Unicode>
                </TextEquiv>
            </TextLine>
            <TextLine id="tr_2_tl_32" custom="readingOrder {index:31;}">
                <Coords points="1538,2212 2578,2231 2577,2187 1537,2167"/>
                <Baseline points="1546,2190 1597,2199 1649,2199 1701,2200 1753,2202 1804,2204 1856,2205 1908,2208 1960,2209 2011,2211 2063,2211 2115,2211 2167,2211 2218,2214 2270,2215 2322,2217 2374,2218 2425,2220 2477,2220 2529,2220 2581,2220"/>
                <Word id="tr_2_tl_32_w1" custom="readingOrder {index:0;}">
                    <Coords points="1535,2157 1535,2217 1640,2217 1640,2157"/>
                    <TextEquiv>
                        <Unicode>fertige</Unicode>
                    </TextEquiv>
                </Word>
                <Word id="tr_2_tl_32_w2" custom="readingOrder {index:1;}">
                    <Coords points="1663,2161 1663,2221 1822,2221 1822,2161"/>
                    <TextEquiv>
                        <Unicode>Einakter,</Unicode>
                    </TextEquiv>
                </Word>
                <Word id="tr_2_tl_32_w3" custom="readingOrder {index:2;}">
                    <Coords points="1840,2168 1840,2228 1986,2228 1986,2168"/>
                    <TextEquiv>
                        <Unicode>darunter</Unicode>
                    </TextEquiv>
                </Word>
                <Word id="tr_2_tl_32_w4" custom="readingOrder {index:3;}">
                    <Coords points="2013,2171 2013,2231 2091,2231 2091,2171"/>
                    <TextEquiv>
                        <Unicode>„Das</Unicode>
                    </TextEquiv>
                </Word>
                <Word id="tr_2_tl_32_w5" custom="readingOrder {index:4;}">
                    <Coords points="2118,2171 2118,2231 2237,2231 2237,2171"/>
                    <TextEquiv>
                        <Unicode>Wort",</Unicode>
                    </TextEquiv>
                </Word>
                <Word id="tr_2_tl_32_w6" custom="readingOrder {index:5;}">
                    <Coords points="2255,2175 2255,2235 2308,2235 2308,2175"/>
                    <TextEquiv>
                        <Unicode>das</Unicode>
                    </TextEquiv>
                </Word>
                <Word id="tr_2_tl_32_w7" custom="readingOrder {index:6;}">
                    <Coords points="2335,2177 2335,2237 2379,2237 2379,2177"/>
                    <TextEquiv>
                        <Unicode>den</Unicode>
                    </TextEquiv>
                </Word>
                <Word id="tr_2_tl_32_w8" custom="readingOrder {index:7;}">
                    <Coords points="2410,2180 2410,2240 2498,2240 2498,2180"/>
                    <TextEquiv>
                        <Unicode>Kreis</Unicode>
                    </TextEquiv>
                </Word>
                <Word id="tr_2_tl_32_w9" custom="readingOrder {index:8;}">
                    <Coords points="2525,2180 2525,2240 2560,2240 2560,2180"/>
                    <TextEquiv>
                        <Unicode>um</Unicode>
                    </TextEquiv>
                </Word>
                <TextEquiv>
                    <Unicode>fertige Einakter, darunter „Das Wort", das den Kreis um</Unicode>
                </TextEquiv>
            </TextLine>
            <TextLine id="tr_2_tl_33" custom="readingOrder {index:32;}">
                <Coords points="1534,2253 2581,2267 2559,2228 1533,2203"/>
                <Baseline points="1540,2238 1592,2235 1644,2236 1696,2239 1748,2241 1801,2241 1853,2244 1905,2244 1957,2247 2009,2248 2062,2250 2114,2250 2166,2250 2218,2253 2270,2253 2323,2254 2375,2256 2427,2256 2479,2256 2531,2259 2584,2256"/>
                <Word id="tr_2_tl_33_w1" custom="readingOrder {index:0;}">
                    <Coords points="1532,2195 1532,2255 1622,2255 1622,2195"/>
                    <TextEquiv>
                        <Unicode>Peter</Unicode>
                    </TextEquiv>
                </Word>
                <Word id="tr_2_tl_33_w2" custom="readingOrder {index:1;}">
                    <Coords points="1654,2200 1654,2260 1812,2260 1812,2200"/>
                    <TextEquiv>
                        <Unicode>Altenberg</Unicode>
                    </TextEquiv>
                </Word>
                <Word id="tr_2_tl_33_w3" custom="readingOrder {index:2;}">
                    <Coords points="1859,2206 1859,2266 2035,2266 2035,2206"/>
                    <TextEquiv>
                        <Unicode>behandelt,</Unicode>
                    </TextEquiv>
                </Word>
                <Word id="tr_2_tl_33_w4" custom="readingOrder {index:3;}">
                    <Coords points="2072,2210 2072,2270 2176,2270 2176,2210"/>
                    <TextEquiv>
                        <Unicode>„Haus</Unicode>
                    </TextEquiv>
                </Word>
                <Word id="tr_2_tl_33_w5" custom="readingOrder {index:4;}">
                    <Coords points="2213,2213 2213,2273 2390,2273 2390,2213"/>
                    <TextEquiv>
                        <Unicode>Delorme",</Unicode>
                    </TextEquiv>
                </Word>
                <Word id="tr_2_tl_33_w6" custom="readingOrder {index:5;}">
                    <Coords points="2426,2216 2426,2276 2476,2276 2476,2216"/>
                    <TextEquiv>
                        <Unicode>das</Unicode>
                    </TextEquiv>
                </Word>
                <Word id="tr_2_tl_33_w7" custom="readingOrder {index:6;}">
                    <Coords points="2522,2217 2522,2277 2576,2277 2576,2217"/>
                    <TextEquiv>
                        <Unicode>zu¬</Unicode>
                    </TextEquiv>
                </Word>
                <TextEquiv>
                    <Unicode>Peter Altenberg behandelt, „Haus Delorme", das zu¬</Unicode>
                </TextEquiv>
            </TextLine>
            <TextLine id="tr_2_tl_34" custom="readingOrder {index:33;}">
                <Coords points="1538,2286 2585,2318 2584,2266 1537,2250"/>
                <Baseline points="1546,2277 1598,2275 1650,2277 1702,2278 1754,2280 1806,2282 1858,2283 1910,2283 1962,2284 2014,2286 2066,2286 2118,2288 2170,2289 2222,2292 2274,2293 2326,2295 2378,2295 2430,2295 2482,2298 2534,2298 2587,2298"/>
                <Word id="tr_2_tl_34_w1" custom="readingOrder {index:0;}">
                    <Coords points="1535,2235 1535,2295 1614,2295 1614,2235"/>
                    <TextEquiv>
                        <Unicode>gleich</Unicode>
                    </TextEquiv>
                </Word>
                <Word id="tr_2_tl_34_w2" custom="readingOrder {index:1;}">
                    <Coords points="1646,2237 1646,2297 1698,2297 1698,2237"/>
                    <TextEquiv>
                        <Unicode>mit</Unicode>
                    </TextEquiv>
                </Word>
                <Word id="tr_2_tl_34_w3" custom="readingOrder {index:2;}">
                    <Coords points="1720,2239 1720,2299 1768,2299 1768,2239"/>
                    <TextEquiv>
                        <Unicode>dem</Unicode>
                    </TextEquiv>
                </Word>
                <Word id="tr_2_tl_34_w4" custom="readingOrder {index:3;}">
                    <Coords points="1813,2243 1813,2303 1954,2303 1954,2243"/>
                    <TextEquiv>
                        <Unicode>„Grünen</Unicode>
                    </TextEquiv>
                </Word>
                <Word id="tr_2_tl_34_w5" custom="readingOrder {index:4;}">
                    <Coords points="1985,2246 1985,2306 2126,2306 2126,2246"/>
                    <TextEquiv>
                        <Unicode>Kakadu“</Unicode>
                    </TextEquiv>
                </Word>
                <Word id="tr_2_tl_34_w6" custom="readingOrder {index:5;}">
                    <Coords points="2153,2251 2153,2311 2285,2311 2285,2251"/>
                    <TextEquiv>
                        <Unicode>enistand</Unicode>
                    </TextEquiv>
                </Word>
                <Word id="tr_2_tl_34_w7" custom="readingOrder {index:6;}">
                    <Coords points="2316,2255 2316,2315 2373,2315 2373,2255"/>
                    <TextEquiv>
                        <Unicode>und</Unicode>
                    </TextEquiv>
                </Word>
                <Word id="tr_2_tl_34_w8" custom="readingOrder {index:7;}">
                    <Coords points="2400,2255 2400,2315 2452,2315 2452,2255"/>
                    <TextEquiv>
                        <Unicode>vor</Unicode>
                    </TextEquiv>
                </Word>
                <Word id="tr_2_tl_34_w9" custom="readingOrder {index:8;}">
                    <Coords points="2475,2258 2475,2318 2567,2318 2567,2258"/>
                    <TextEquiv>
                        <Unicode>vielen</Unicode>
                    </TextEquiv>
                </Word>
                <TextEquiv>
                    <Unicode>gleich mit dem „Grünen Kakadu“ enistand und vor vielen</Unicode>
                </TextEquiv>
            </TextLine>
            <TextLine id="tr_2_tl_35" custom="readingOrder {index:34;}">
                <Coords points="1538,2332 2574,2341 2474,2297 1538,2286"/>
                <Baseline points="1546,2313 1597,2313 1649,2317 1700,2318 1752,2318 1804,2319 1855,2322 1907,2322 1958,2325 2010,2325 2062,2327 2113,2328 2165,2328 2216,2331 2268,2331 2320,2332 2371,2334 2423,2336 2474,2337 2526,2337 2578,2334"/>
                <Word id="tr_2_tl_35_w1" custom="readingOrder {index:0;}">
                    <Coords points="1537,2273 1537,2333 1645,2333 1645,2273"/>
                    <TextEquiv>
                        <Unicode>Jahren</Unicode>
                    </TextEquiv>
                </Word>
                <Word id="tr_2_tl_35_w2" custom="readingOrder {index:1;}">
                    <Coords points="1677,2278 1677,2338 1744,2338 1744,2278"/>
                    <TextEquiv>
                        <Unicode>kurz</Unicode>
                    </TextEquiv>
                </Word>
                <Word id="tr_2_tl_35_w3" custom="readingOrder {index:2;}">
                    <Coords points="1767,2278 1767,2338 1817,2338 1817,2278"/>
                    <TextEquiv>
                        <Unicode>vor</Unicode>
                    </TextEquiv>
                </Word>
                <Word id="tr_2_tl_35_w4" custom="readingOrder {index:3;}">
                    <Coords points="1844,2282 1844,2342 1889,2342 1889,2282"/>
                    <TextEquiv>
                        <Unicode>der</Unicode>
                    </TextEquiv>
                </Word>
                <Word id="tr_2_tl_35_w5" custom="readingOrder {index:4;}">
                    <Coords points="1917,2286 1917,2346 2179,2346 2179,2286"/>
                    <TextEquiv>
                        <Unicode>Erstaufführung</Unicode>
                    </TextEquiv>
                </Word>
                <Word id="tr_2_tl_35_w6" custom="readingOrder {index:5;}">
                    <Coords points="2211,2291 2211,2351 2257,2351 2257,2291"/>
                    <TextEquiv>
                        <Unicode>von</Unicode>
                    </TextEquiv>
                </Word>
                <Word id="tr_2_tl_35_w7" custom="readingOrder {index:6;}">
                    <Coords points="2289,2291 2289,2351 2338,2351 2338,2291"/>
                    <TextEquiv>
                        <Unicode>dem</Unicode>
                    </TextEquiv>
                </Word>
                <Word id="tr_2_tl_35_w8" custom="readingOrder {index:7;}">
                    <Coords points="2379,2296 2379,2356 2496,2356 2496,2296"/>
                    <TextEquiv>
                        <Unicode>Dichter</Unicode>
                    </TextEquiv>
                </Word>
                <Word id="tr_2_tl_35_w9" custom="readingOrder {index:8;}">
                    <Coords points="2520,2295 2520,2355 2573,2355 2573,2295"/>
                    <TextEquiv>
                        <Unicode>zu¬</Unicode>
                    </TextEquiv>
                </Word>
                <TextEquiv>
                    <Unicode>Jahren kurz vor der Erstaufführung von dem Dichter zu¬</Unicode>
                </TextEquiv>
            </TextLine>
            <TextLine id="tr_2_tl_36" custom="readingOrder {index:35;}">
                <Coords points="1502,2377 2567,2391 2580,2342 1501,2318"/>
                <Baseline points="1510,2355 1563,2352 1617,2354 1670,2358 1724,2358 1777,2358 1831,2359 1884,2361 1938,2361 1991,2363 2045,2364 2099,2367 2152,2367 2206,2369 2259,2370 2313,2370 2366,2370 2420,2373 2473,2373 2527,2373 2581,2370"/>
                <Word id="tr_2_tl_36_w1" custom="readingOrder {index:0;}">
                    <Coords points="1504,2313 1504,2373 1713,2373 1713,2313"/>
                    <TextEquiv>
                        <Unicode>Frückgezogen</Unicode>
                    </TextEquiv>
                </Word>
                <Word id="tr_2_tl_36_w2" custom="readingOrder {index:1;}">
                    <Coords points="1751,2318 1751,2378 1867,2378 1867,2318"/>
                    <TextEquiv>
                        <Unicode>wurde,</Unicode>
                    </TextEquiv>
                </Word>
                <Word id="tr_2_tl_36_w3" custom="readingOrder {index:2;}">
                    <Coords points="1895,2321 1895,2381 1950,2381 1950,2321"/>
                    <TextEquiv>
                        <Unicode>und</Unicode>
                    </TextEquiv>
                </Word>
                <Word id="tr_2_tl_36_w4" custom="readingOrder {index:3;}">
                    <Coords points="1984,2323 1984,2383 2025,2383 2025,2323"/>
                    <TextEquiv>
                        <Unicode>ein</Unicode>
                    </TextEquiv>
                </Word>
                <Word id="tr_2_tl_36_w5" custom="readingOrder {index:4;}">
                    <Coords points="2063,2325 2063,2385 2091,2385 2091,2325"/>
                    <TextEquiv>
                        <Unicode>in</Unicode>
                    </TextEquiv>
                </Word>
                <Word id="tr_2_tl_36_w6" custom="readingOrder {index:5;}">
                    <Coords points="2128,2328 2128,2388 2235,2388 2235,2328"/>
                    <TextEquiv>
                        <Unicode>Versen</Unicode>
                    </TextEquiv>
                </Word>
                <Word id="tr_2_tl_36_w7" custom="readingOrder {index:6;}">
                    <Coords points="2273,2330 2273,2390 2449,2390 2449,2330"/>
                    <TextEquiv>
                        <Unicode>abgefaßtes</Unicode>
                    </TextEquiv>
                </Word>
                <Word id="tr_2_tl_36_w8" custom="readingOrder {index:7;}">
                    <Coords points="2482,2333 2482,2393 2570,2393 2570,2333"/>
                    <TextEquiv>
                        <Unicode>Spiel</Unicode>
                    </TextEquiv>
                </Word>
                <TextEquiv>
                    <Unicode>Frückgezogen wurde, und ein in Versen abgefaßtes Spiel</Unicode>
                </TextEquiv>
            </TextLine>
            <TextLine id="tr_2_tl_37" custom="readingOrder {index:36;}">
                <Coords points="1526,2399 2574,2424 2573,2391 2475,2373 1526,2372"/>
                <Baseline points="1534,2390 1586,2390 1638,2391 1690,2393 1742,2395 1795,2399 1847,2399 1899,2399 1951,2400 2003,2402 2056,2404 2108,2403 2160,2402 2212,2405 2264,2406 2317,2408 2369,2408 2421,2410 2473,2411 2525,2411 2578,2414"/>
                <Word id="tr_2_tl_37_w1" custom="readingOrder {index:0;}">
                    <Coords points="1529,2350 1529,2410 1583,2410 1583,2350"/>
                    <TextEquiv>
                        <Unicode>aus</Unicode>
                    </TextEquiv>
                </Word>
                <Word id="tr_2_tl_37_w2" custom="readingOrder {index:1;}">
                    <Coords points="1611,2350 1611,2410 1660,2410 1660,2350"/>
                    <TextEquiv>
                        <Unicode>dem</Unicode>
                    </TextEquiv>
                </Word>
                <Word id="tr_2_tl_37_w3" custom="readingOrder {index:2;}">
                    <Coords points="1701,2359 1701,2419 1965,2419 1965,2359"/>
                    <TextEquiv>
                        <Unicode>Dreißigjährigen</Unicode>
                    </TextEquiv>
                </Word>
                <Word id="tr_2_tl_37_w4" custom="readingOrder {index:3;}">
                    <Coords points="1993,2363 1993,2423 2096,2423 2096,2363"/>
                    <TextEquiv>
                        <Unicode>Krieg.</Unicode>
                    </TextEquiv>
                </Word>
                <Word id="tr_2_tl_37_w5" custom="readingOrder {index:4;}">
                    <Coords points="2133,2362 2133,2422 2215,2422 2215,2362"/>
                    <TextEquiv>
                        <Unicode>Drei</Unicode>
                    </TextEquiv>
                </Word>
                <Word id="tr_2_tl_37_w6" custom="readingOrder {index:5;}">
                    <Coords points="2233,2366 2233,2426 2337,2426 2337,2366"/>
                    <TextEquiv>
                        <Unicode>Bände</Unicode>
                    </TextEquiv>
                </Word>
                <Word id="tr_2_tl_37_w7" custom="readingOrder {index:6;}">
                    <Coords points="2360,2370 2360,2430 2578,2430 2578,2370"/>
                    <TextEquiv>
                        <Unicode>Aphorismen,</Unicode>
                    </TextEquiv>
                </Word>
                <TextEquiv>
                    <Unicode>aus dem Dreißigjährigen Krieg. Drei Bände Aphorismen,</Unicode>
                </TextEquiv>
            </TextLine>
            <TextLine id="tr_2_tl_38" custom="readingOrder {index:37;}">
                <Coords points="1526,2439 2598,2475 2574,2416 1526,2407"/>
                <Baseline points="1534,2429 1587,2429 1640,2430 1694,2432 1747,2434 1801,2435 1854,2438 1907,2438 1961,2441 2014,2442 2068,2441 2121,2441 2174,2442 2228,2444 2281,2446 2335,2447 2388,2447 2441,2450 2495,2450 2548,2450 2602,2453"/>
                <Word id="tr_2_tl_38_w1" custom="readingOrder {index:0;}">
                    <Coords points="1530,2389 1530,2449 1644,2449 1644,2389"/>
                    <TextEquiv>
                        <Unicode>„Kunst</Unicode>
                    </TextEquiv>
                </Word>
                <Word id="tr_2_tl_38_w2" custom="readingOrder {index:1;}">
                    <Coords points="1669,2391 1669,2451 1692,2451 1692,2391"/>
                    <TextEquiv>
                        <Unicode>im</Unicode>
                    </TextEquiv>
                </Word>
                <Word id="tr_2_tl_38_w3" custom="readingOrder {index:2;}">
                    <Coords points="1731,2397 1731,2457 1965,2457 1965,2397"/>
                    <TextEquiv>
                        <Unicode>allgemeinen",</Unicode>
                    </TextEquiv>
                </Word>
                <Word id="tr_2_tl_38_w4" custom="readingOrder {index:3;}">
                    <Coords points="1985,2401 1985,2461 2061,2461 2061,2401"/>
                    <TextEquiv>
                        <Unicode>„Zum</Unicode>
                    </TextEquiv>
                </Word>
                <Word id="tr_2_tl_38_w5" custom="readingOrder {index:4;}">
                    <Coords points="2104,2401 2104,2461 2204,2461 2204,2401"/>
                    <TextEquiv>
                        <Unicode>Wesen</Unicode>
                    </TextEquiv>
                </Word>
                <Word id="tr_2_tl_38_w6" custom="readingOrder {index:5;}">
                    <Coords points="2233,2405 2233,2465 2281,2465 2281,2405"/>
                    <TextEquiv>
                        <Unicode>der</Unicode>
                    </TextEquiv>
                </Word>
                <Word id="tr_2_tl_38_w7" custom="readingOrder {index:6;}">
                    <Coords points="2306,2407 2306,2467 2415,2467 2415,2407"/>
                    <TextEquiv>
                        <Unicode>Kritik“</Unicode>
                    </TextEquiv>
                </Word>
                <Word id="tr_2_tl_38_w8" custom="readingOrder {index:7;}">
                    <Coords points="2444,2410 2444,2470 2496,2470 2496,2410"/>
                    <TextEquiv>
                        <Unicode>und</Unicode>
                    </TextEquiv>
                </Word>
                <Word id="tr_2_tl_38_w9" custom="readingOrder {index:8;}">
                    <Coords points="2526,2410 2526,2470 2568,2470 2568,2410"/>
                    <TextEquiv>
                        <Unicode>die</Unicode>
                    </TextEquiv>
                </Word>
                <TextEquiv>
                    <Unicode>„Kunst im allgemeinen", „Zum Wesen der Kritik“ und die</Unicode>
                </TextEquiv>
            </TextLine>
            <TextLine id="tr_2_tl_39" custom="readingOrder {index:38;}">
                <Coords points="1521,2480 2580,2498 2578,2452 1520,2437"/>
                <Baseline points="1528,2465 1580,2468 1633,2468 1685,2470 1738,2471 1791,2474 1843,2474 1896,2477 1949,2477 2001,2479 2054,2480 2107,2480 2159,2483 2212,2483 2265,2484 2317,2488 2370,2487 2423,2489 2475,2489 2528,2489 2581,2489"/>
                <Word id="tr_2_tl_39_w1" custom="readingOrder {index:0;}">
                    <Coords points="1524,2426 1524,2486 1579,2486 1579,2426"/>
                    <TextEquiv>
                        <Unicode>aus</Unicode>
                    </TextEquiv>
                </Word>
                <Word id="tr_2_tl_39_w2" custom="readingOrder {index:1;}">
                    <Coords points="1612,2428 1612,2488 1658,2488 1658,2428"/>
                    <TextEquiv>
                        <Unicode>der</Unicode>
                    </TextEquiv>
                </Word>
                <Word id="tr_2_tl_39_w3" custom="readingOrder {index:2;}">
                    <Coords points="1692,2433 1692,2493 1864,2493 1864,2433"/>
                    <TextEquiv>
                        <Unicode>Kriegszeit</Unicode>
                    </TextEquiv>
                </Word>
                <Word id="tr_2_tl_39_w4" custom="readingOrder {index:3;}">
                    <Coords points="1897,2438 1897,2498 2079,2498 2079,2438"/>
                    <TextEquiv>
                        <Unicode>stammende</Unicode>
                    </TextEquiv>
                </Word>
                <Word id="tr_2_tl_39_w5" custom="readingOrder {index:4;}">
                    <Coords points="2108,2443 2108,2503 2299,2503 2299,2443"/>
                    <TextEquiv>
                        <Unicode>Sammlung</Unicode>
                    </TextEquiv>
                </Word>
                <Word id="tr_2_tl_39_w6" custom="readingOrder {index:5;}">
                    <Coords points="2341,2447 2341,2507 2425,2507 2425,2447"/>
                    <TextEquiv>
                        <Unicode>„Und</Unicode>
                    </TextEquiv>
                </Word>
                <Word id="tr_2_tl_39_w7" custom="readingOrder {index:6;}">
                    <Coords points="2453,2449 2453,2509 2570,2509 2570,2449"/>
                    <TextEquiv>
                        <Unicode>einmal</Unicode>
                    </TextEquiv>
                </Word>
                <TextEquiv>
                    <Unicode>aus der Kriegszeit stammende Sammlung „Und einmal</Unicode>
                </TextEquiv>
            </TextLine>
            <TextLine id="tr_2_tl_40" custom="readingOrder {index:39;}">
                <Coords points="1530,2511 2578,2538 2569,2494 1530,2476"/>
                <Baseline points="1537,2507 1589,2507 1641,2507 1693,2507 1745,2509 1798,2513 1850,2513 1902,2513 1954,2516 2006,2517 2059,2519 2111,2519 2163,2519 2215,2522 2267,2522 2320,2523 2372,2525 2424,2525 2476,2528 2528,2528 2581,2528"/>
                <Word id="tr_2_tl_40_w1" custom="readingOrder {index:0;}">
                    <Coords points="1529,2467 1529,2527 1598,2527 1598,2467"/>
                    <TextEquiv>
                        <Unicode>wird</Unicode>
                    </TextEquiv>
                </Word>
                <Word id="tr_2_tl_40_w2" custom="readingOrder {index:1;}">
                    <Coords points="1631,2467 1631,2527 1733,2527 1733,2467"/>
                    <TextEquiv>
                        <Unicode>wieder</Unicode>
                    </TextEquiv>
                </Word>
                <Word id="tr_2_tl_40_w3" custom="readingOrder {index:2;}">
                    <Coords points="1766,2473 1766,2533 1868,2533 1868,2473"/>
                    <TextEquiv>
                        <Unicode>Friede</Unicode>
                    </TextEquiv>
                </Word>
                <Word id="tr_2_tl_40_w4" custom="readingOrder {index:3;}">
                    <Coords points="1902,2476 1902,2536 2055,2536 2055,2476"/>
                    <TextEquiv>
                        <Unicode>werden",</Unicode>
                    </TextEquiv>
                </Word>
                <Word id="tr_2_tl_40_w5" custom="readingOrder {index:4;}">
                    <Coords points="2093,2479 2093,2539 2181,2539 2181,2479"/>
                    <TextEquiv>
                        <Unicode>sollen</Unicode>
                    </TextEquiv>
                </Word>
                <Word id="tr_2_tl_40_w6" custom="readingOrder {index:5;}">
                    <Coords points="2233,2482 2233,2542 2302,2542 2302,2482"/>
                    <TextEquiv>
                        <Unicode>bald</Unicode>
                    </TextEquiv>
                </Word>
                <Word id="tr_2_tl_40_w7" custom="readingOrder {index:6;}">
                    <Coords points="2349,2487 2349,2547 2572,2547 2572,2487"/>
                    <TextEquiv>
                        <Unicode>veröffentlicht</Unicode>
                    </TextEquiv>
                </Word>
                <TextEquiv>
                    <Unicode>wird wieder Friede werden", sollen bald veröffentlicht</Unicode>
                </TextEquiv>
            </TextLine>
            <TextLine id="tr_2_tl_41" custom="readingOrder {index:40;}">
                <Coords points="1530,2554 2573,2571 2529,2530 1529,2511"/>
                <Baseline points="1537,2546 1588,2546 1640,2547 1692,2549 1744,2551 1796,2552 1848,2552 1900,2552 1952,2556 2004,2558 2056,2558 2107,2558 2159,2561 2211,2561 2263,2562 2315,2564 2367,2564 2419,2566 2471,2564 2523,2567 2575,2567"/>
                <Word id="tr_2_tl_41_w1" custom="readingOrder {index:0;}">
                    <Coords points="1528,2506 1528,2566 1658,2566 1658,2506"/>
                    <TextEquiv>
                        <Unicode>werden.</Unicode>
                    </TextEquiv>
                </Word>
                <Word id="tr_2_tl_41_w2" custom="readingOrder {index:1;}">
                    <Coords points="1695,2510 1695,2570 1753,2570 1753,2510"/>
                    <TextEquiv>
                        <Unicode>Die</Unicode>
                    </TextEquiv>
                </Word>
                <Word id="tr_2_tl_41_w3" custom="readingOrder {index:2;}">
                    <Coords points="1781,2512 1781,2572 1966,2572 1966,2512"/>
                    <TextEquiv>
                        <Unicode>Tagebücher</Unicode>
                    </TextEquiv>
                </Word>
                <Word id="tr_2_tl_41_w4" custom="readingOrder {index:3;}">
                    <Coords points="1994,2518 1994,2578 2138,2578 2138,2518"/>
                    <TextEquiv>
                        <Unicode>umfassen</Unicode>
                    </TextEquiv>
                </Word>
                <Word id="tr_2_tl_41_w5" custom="readingOrder {index:4;}">
                    <Coords points="2170,2521 2170,2581 2251,2581 2251,2521"/>
                    <TextEquiv>
                        <Unicode>mehr</Unicode>
                    </TextEquiv>
                </Word>
                <Word id="tr_2_tl_41_w6" custom="readingOrder {index:5;}">
                    <Coords points="2279,2523 2279,2583 2324,2583 2324,2523"/>
                    <TextEquiv>
                        <Unicode>als</Unicode>
                    </TextEquiv>
                </Word>
                <Word id="tr_2_tl_41_w7" custom="readingOrder {index:6;}">
                    <Coords points="2356,2524 2356,2584 2419,2584 2419,2524"/>
                    <TextEquiv>
                        <Unicode>zehn</Unicode>
                    </TextEquiv>
                </Word>
                <Word id="tr_2_tl_41_w8" custom="readingOrder {index:7;}">
                    <Coords points="2456,2526 2456,2586 2568,2586 2568,2526"/>
                    <TextEquiv>
                        <Unicode>Bande.</Unicode>
                    </TextEquiv>
                </Word>
                <TextEquiv>
                    <Unicode>werden. Die Tagebücher umfassen mehr als zehn Bande.</Unicode>
                </TextEquiv>
            </TextLine>
            <TextLine id="tr_2_tl_42" custom="readingOrder {index:41;}">
                <Coords points="2436,2638 2444,2640 2452,2633 2468,2633 2472,2629 2479,2633 2483,2630 2490,2636 2498,2628 2508,2630 2518,2626 2529,2630 2529,2570 2471,2571 2436,2566"/>
                <Baseline points="2444,2617 2473,2617 2502,2617 2531,2617"/>
                <Word id="tr_2_tl_42_w1" custom="readingOrder {index:0;}">
                    <Coords points="2446,2577 2446,2637 2455,2637 2455,2577"/>
                    <TextEquiv>
                        <Unicode>W</Unicode>
                    </TextEquiv>
                </Word>
                <TextEquiv>
                    <Unicode>W</Unicode>
                </TextEquiv>
            </TextLine>
            <TextLine id="tr_2_tl_43" custom="readingOrder {index:42;}">
                <Coords points="1609,2685 2535,2707 2526,2621 2061,2656 1609,2624"/>
                <Baseline points="1617,2677 1663,2677 1709,2677 1755,2677 1801,2680 1847,2680 1893,2683 1939,2683 1985,2683 2031,2683 2077,2683 2123,2684 2169,2686 2215,2686 2261,2686 2307,2686 2353,2686 2399,2686 2445,2686 2491,2686 2537,2686"/>
                <Word id="tr_2_tl_43_w1" custom="readingOrder {index:0;}">
                    <Coords points="1618,2637 1618,2697 1738,2697 1738,2637"/>
                    <TextEquiv>
                        <Unicode>Arthur</Unicode>
                    </TextEquiv>
                </Word>
                <Word id="tr_2_tl_43_w2" custom="readingOrder {index:1;}">
                    <Coords points="1765,2640 1765,2700 1955,2700 1955,2640"/>
                    <TextEquiv>
                        <Unicode>Schnitzlers</Unicode>
                    </TextEquiv>
                </Word>
                <Word id="tr_2_tl_43_w3" custom="readingOrder {index:2;}">
                    <Coords points="1982,2643 1982,2703 2172,2703 2172,2643"/>
                    <TextEquiv>
                        <Unicode>literarische</Unicode>
                    </TextEquiv>
                </Word>
                <Word id="tr_2_tl_43_w4" custom="readingOrder {index:3;}">
                    <Coords points="2199,2646 2199,2706 2511,2706 2511,2646"/>
                    <TextEquiv>
                        <Unicode>Hinterlassenschaft</Unicode>
                    </TextEquiv>
                </Word>
                <TextEquiv>
                    <Unicode>Arthur Schnitzlers literarische Hinterlassenschaft</Unicode>
                </TextEquiv>
            </TextLine>
            <TextLine id="tr_2_tl_44" custom="readingOrder {index:43;}">
                <Coords points="1557,2728 2515,2728 2479,2693 1557,2672"/>
                <Baseline points="1564,2716 1611,2716 1659,2719 1707,2718 1755,2717 1802,2719 1850,2720 1898,2722 1946,2722 1993,2722 2041,2724 2089,2725 2137,2725 2184,2725 2232,2725 2280,2728 2328,2728 2375,2725 2423,2725 2471,2724 2519,2722"/>
                <Word id="tr_2_tl_44_w1" custom="readingOrder {index:0;}">
                    <Coords points="1556,2676 1556,2736 1609,2736 1609,2676"/>
                    <TextEquiv>
                        <Unicode>hat</Unicode>
                    </TextEquiv>
                </Word>
                <Word id="tr_2_tl_44_w2" custom="readingOrder {index:1;}">
                    <Coords points="1639,2678 1639,2738 1688,2738 1688,2678"/>
                    <TextEquiv>
                        <Unicode>sich</Unicode>
                    </TextEquiv>
                </Word>
                <Word id="tr_2_tl_44_w3" custom="readingOrder {index:2;}">
                    <Coords points="1718,2677 1718,2737 1772,2737 1772,2677"/>
                    <TextEquiv>
                        <Unicode>bei</Unicode>
                    </TextEquiv>
                </Word>
                <Word id="tr_2_tl_44_w4" custom="readingOrder {index:3;}">
                    <Coords points="1797,2681 1797,2741 1978,2741 1978,2681"/>
                    <TextEquiv>
                        <Unicode>genauerer</Unicode>
                    </TextEquiv>
                </Word>
                <Word id="tr_2_tl_44_w5" custom="readingOrder {index:4;}">
                    <Coords points="2008,2685 2008,2745 2184,2745 2184,2685"/>
                    <TextEquiv>
                        <Unicode>Durchsicht</Unicode>
                    </TextEquiv>
                </Word>
                <Word id="tr_2_tl_44_w6" custom="readingOrder {index:5;}">
                    <Coords points="2214,2686 2214,2746 2283,2746 2283,2686"/>
                    <TextEquiv>
                        <Unicode>noch</Unicode>
                    </TextEquiv>
                </Word>
                <Word id="tr_2_tl_44_w7" custom="readingOrder {index:6;}">
                    <Coords points="2318,2685 2318,2745 2430,2745 2430,2685"/>
                    <TextEquiv>
                        <Unicode>reicher</Unicode>
                    </TextEquiv>
                </Word>
                <Word id="tr_2_tl_44_w8" custom="readingOrder {index:7;}">
                    <Coords points="2465,2683 2465,2743 2513,2743 2513,2683"/>
                    <TextEquiv>
                        <Unicode>er¬</Unicode>
                    </TextEquiv>
                </Word>
                <TextEquiv>
                    <Unicode>hat sich bei genauerer Durchsicht noch reicher er¬</Unicode>
                </TextEquiv>
            </TextLine>
            <TextLine id="tr_2_tl_45" custom="readingOrder {index:44;}">
                <Coords points="1550,2760 2522,2775 2522,2719 1550,2734"/>
                <Baseline points="1558,2755 1606,2758 1654,2758 1703,2761 1751,2760 1799,2759 1848,2762 1896,2766 1944,2765 1993,2764 2041,2766 2089,2769 2138,2767 2186,2767 2234,2767 2283,2767 2331,2767 2379,2767 2428,2767 2476,2765 2525,2764"/>
                <Word id="tr_2_tl_45_w1" custom="readingOrder {index:0;}">
                    <Coords points="1554,2718 1554,2778 1686,2778 1686,2718"/>
                    <TextEquiv>
                        <Unicode>wiesen,</Unicode>
                    </TextEquiv>
                </Word>
                <Word id="tr_2_tl_45_w2" custom="readingOrder {index:1;}">
                    <Coords points="1716,2720 1716,2780 1765,2780 1765,2720"/>
                    <TextEquiv>
                        <Unicode>als</Unicode>
                    </TextEquiv>
                </Word>
                <Word id="tr_2_tl_45_w3" custom="readingOrder {index:2;}">
                    <Coords points="1804,2721 1804,2781 1872,2781 1872,2721"/>
                    <TextEquiv>
                        <Unicode>man</Unicode>
                    </TextEquiv>
                </Word>
                <Word id="tr_2_tl_45_w4" custom="readingOrder {index:3;}">
                    <Coords points="1912,2724 1912,2784 2015,2784 2015,2724"/>
                    <TextEquiv>
                        <Unicode>zuerst</Unicode>
                    </TextEquiv>
                </Word>
                <Word id="tr_2_tl_45_w5" custom="readingOrder {index:4;}">
                    <Coords points="2045,2727 2045,2787 2275,2787 2275,2727"/>
                    <TextEquiv>
                        <Unicode>angenommen</Unicode>
                    </TextEquiv>
                </Word>
                <Word id="tr_2_tl_45_w6" custom="readingOrder {index:5;}">
                    <Coords points="2315,2727 2315,2787 2413,2787 2413,2727"/>
                    <TextEquiv>
                        <Unicode>hatte.</Unicode>
                    </TextEquiv>
                </Word>
                <Word id="tr_2_tl_45_w7" custom="readingOrder {index:6;}">
                    <Coords points="2462,2724 2462,2784 2506,2784 2506,2724"/>
                    <TextEquiv>
                        <Unicode>Es</Unicode>
                    </TextEquiv>
                </Word>
                <TextEquiv>
                    <Unicode>wiesen, als man zuerst angenommen hatte. Es</Unicode>
                </TextEquiv>
            </TextLine>
            <TextLine id="tr_2_tl_46" custom="readingOrder {index:45;}">
                <Coords points="1541,2805 2527,2819 2526,2772 1541,2778"/>
                <Baseline points="1549,2793 1598,2796 1647,2799 1696,2799 1745,2799 1794,2800 1843,2804 1892,2805 1941,2805 1990,2808 2040,2805 2089,2808 2138,2805 2187,2808 2236,2808 2285,2809 2334,2809 2383,2808 2432,2810 2481,2811 2531,2811"/>
                <Word id="tr_2_tl_46_w1" custom="readingOrder {index:0;}">
                    <Coords points="1546,2756 1546,2816 1667,2816 1667,2756"/>
                    <TextEquiv>
                        <Unicode>fanden</Unicode>
                    </TextEquiv>
                </Word>
                <Word id="tr_2_tl_46_w2" custom="readingOrder {index:1;}">
                    <Coords points="1710,2759 1710,2819 1757,2819 1757,2759"/>
                    <TextEquiv>
                        <Unicode>sich</Unicode>
                    </TextEquiv>
                </Word>
                <Word id="tr_2_tl_46_w3" custom="readingOrder {index:2;}">
                    <Coords points="1795,2763 1795,2823 1879,2823 1879,2763"/>
                    <TextEquiv>
                        <Unicode>nicht</Unicode>
                    </TextEquiv>
                </Word>
                <Word id="tr_2_tl_46_w4" custom="readingOrder {index:3;}">
                    <Coords points="1917,2767 1917,2827 2059,2827 2059,2767"/>
                    <TextEquiv>
                        <Unicode>weniger</Unicode>
                    </TextEquiv>
                </Word>
                <Word id="tr_2_tl_46_w5" custom="readingOrder {index:4;}">
                    <Coords points="2097,2765 2097,2825 2149,2825 2149,2765"/>
                    <TextEquiv>
                        <Unicode>als</Unicode>
                    </TextEquiv>
                </Word>
                <Word id="tr_2_tl_46_w6" custom="readingOrder {index:5;}">
                    <Coords points="2186,2768 2186,2828 2297,2828 2297,2768"/>
                    <TextEquiv>
                        <Unicode>neun</Unicode>
                    </TextEquiv>
                </Word>
                <Word id="tr_2_tl_46_w7" custom="readingOrder {index:6;}">
                    <Coords points="2340,2769 2340,2829 2509,2829 2509,2769"/>
                    <TextEquiv>
                        <Unicode>fertige</Unicode>
                    </TextEquiv>
                </Word>
                <TextEquiv>
                    <Unicode>fanden sich nicht weniger als neun fertige</Unicode>
                </TextEquiv>
            </TextLine>
            <TextLine id="tr_2_tl_47" custom="readingOrder {index:46;}">
                <Coords points="1557,2890 2522,2916 2508,2857 1557,2846"/>
                <Baseline points="1564,2883 1611,2886 1659,2886 1707,2889 1755,2889 1803,2890 1851,2892 1899,2893 1947,2895 1995,2897 2043,2898 2090,2898 2138,2898 2186,2898 2234,2898 2282,2898 2330,2903 2378,2898 2426,2898 2474,2898 2522,2898"/>
                <Word id="tr_2_tl_47_w1" custom="readingOrder {index:0;}">
                    <Coords points="1557,2845 1557,2905 1636,2905 1636,2845"/>
                    <TextEquiv>
                        <Unicode>Ein</Unicode>
                    </TextEquiv>
                </Word>
                <Word id="tr_2_tl_47_w2" custom="readingOrder {index:1;}">
                    <Coords points="1663,2849 1663,2909 1810,2909 1810,2849"/>
                    <TextEquiv>
                        <Unicode>akter,</Unicode>
                    </TextEquiv>
                </Word>
                <Word id="tr_2_tl_47_w3" custom="readingOrder {index:2;}">
                    <Coords points="1848,2854 1848,2914 2006,2914 2006,2854"/>
                    <TextEquiv>
                        <Unicode>darunter</Unicode>
                    </TextEquiv>
                </Word>
                <Word id="tr_2_tl_47_w4" custom="readingOrder {index:3;}">
                    <Coords points="2055,2858 2055,2918 2144,2918 2144,2858"/>
                    <TextEquiv>
                        <Unicode>„Das</Unicode>
                    </TextEquiv>
                </Word>
                <Word id="tr_2_tl_47_w5" custom="readingOrder {index:4;}">
                    <Coords points="2192,2858 2192,2918 2319,2918 2319,2858"/>
                    <TextEquiv>
                        <Unicode>Wort",</Unicode>
                    </TextEquiv>
                </Word>
                <Word id="tr_2_tl_47_w6" custom="readingOrder {index:5;}">
                    <Coords points="2351,2858 2351,2918 2409,2918 2409,2858"/>
                    <TextEquiv>
                        <Unicode>das</Unicode>
                    </TextEquiv>
                </Word>
                <Word id="tr_2_tl_47_w7" custom="readingOrder {index:6;}">
                    <Coords points="2457,2858 2457,2918 2509,2918 2509,2858"/>
                    <TextEquiv>
                        <Unicode>den</Unicode>
                    </TextEquiv>
                </Word>
                <TextEquiv>
                    <Unicode>Ein akter, darunter „Das Wort", das den</Unicode>
                </TextEquiv>
            </TextLine>
            <TextLine id="tr_2_tl_48" custom="readingOrder {index:47;}">
                <Coords points="1550,2936 2521,2947 2494,2904 1550,2902"/>
                <Baseline points="1558,2925 1606,2925 1654,2926 1702,2930 1750,2929 1799,2931 1847,2931 1895,2933 1943,2936 1991,2937 2040,2939 2088,2940 2136,2940 2184,2940 2232,2940 2281,2940 2329,2942 2377,2940 2425,2940 2473,2940 2522,2934"/>
                <Word id="tr_2_tl_48_w1" custom="readingOrder {index:0;}">
                    <Coords points="1554,2885 1554,2945 1652,2945 1652,2885"/>
                    <TextEquiv>
                        <Unicode>Kreis</Unicode>
                    </TextEquiv>
                </Word>
                <Word id="tr_2_tl_48_w2" custom="readingOrder {index:1;}">
                    <Coords points="1682,2889 1682,2949 1721,2949 1721,2889"/>
                    <TextEquiv>
                        <Unicode>um</Unicode>
                    </TextEquiv>
                </Word>
                <Word id="tr_2_tl_48_w3" custom="readingOrder {index:2;}">
                    <Coords points="1766,2891 1766,2951 1864,2951 1864,2891"/>
                    <TextEquiv>
                        <Unicode>Peter</Unicode>
                    </TextEquiv>
                </Word>
                <Word id="tr_2_tl_48_w4" custom="readingOrder {index:3;}">
                    <Coords points="1894,2896 1894,2956 2071,2956 2071,2896"/>
                    <TextEquiv>
                        <Unicode>Altenberg</Unicode>
                    </TextEquiv>
                </Word>
                <Word id="tr_2_tl_48_w5" custom="readingOrder {index:4;}">
                    <Coords points="2101,2900 2101,2960 2293,2960 2293,2900"/>
                    <TextEquiv>
                        <Unicode>behandelt,</Unicode>
                    </TextEquiv>
                </Word>
                <Word id="tr_2_tl_48_w6" custom="readingOrder {index:5;}">
                    <Coords points="2313,2900 2313,2960 2421,2960 2421,2900"/>
                    <TextEquiv>
                        <Unicode>„Haus</Unicode>
                    </TextEquiv>
                </Word>
                <Word id="tr_2_tl_48_w7" custom="readingOrder {index:6;}">
                    <Coords points="2451,2898 2451,2958 2519,2958 2519,2898"/>
                    <TextEquiv>
                        <Unicode>De¬</Unicode>
                    </TextEquiv>
                </Word>
                <TextEquiv>
                    <Unicode>Kreis um Peter Altenberg behandelt, „Haus De¬</Unicode>
                </TextEquiv>
            </TextLine>
            <TextLine id="tr_2_tl_49" custom="readingOrder {index:48;}">
                <Coords points="1554,2968 2429,2994 2515,2979 2514,2941 2354,2965 1553,2935"/>
                <Baseline points="1561,2964 1608,2967 1656,2967 1704,2969 1752,2970 1800,2972 1848,2973 1896,2975 1944,2977 1992,2976 2040,2977 2087,2978 2135,2978 2183,2981 2231,2978 2279,2981 2327,2981 2375,2981 2423,2981 2471,2980 2519,2978"/>
                <Word id="tr_2_tl_49_w1" custom="readingOrder {index:0;}">
                    <Coords points="1552,2927 1552,2987 1695,2987 1695,2927"/>
                    <TextEquiv>
                        <Unicode>lorme",</Unicode>
                    </TextEquiv>
                </Word>
                <Word id="tr_2_tl_49_w2" custom="readingOrder {index:1;}">
                    <Coords points="1719,2929 1719,2989 1771,2989 1771,2929"/>
                    <TextEquiv>
                        <Unicode>das</Unicode>
                    </TextEquiv>
                </Word>
                <Word id="tr_2_tl_49_w3" custom="readingOrder {index:2;}">
                    <Coords points="1811,2934 1811,2994 1944,2994 1944,2934"/>
                    <TextEquiv>
                        <Unicode>zugleich</Unicode>
                    </TextEquiv>
                </Word>
                <Word id="tr_2_tl_49_w4" custom="readingOrder {index:3;}">
                    <Coords points="1983,2936 1983,2996 2045,2996 2045,2936"/>
                    <TextEquiv>
                        <Unicode>mit</Unicode>
                    </TextEquiv>
                </Word>
                <Word id="tr_2_tl_49_w5" custom="readingOrder {index:4;}">
                    <Coords points="2074,2938 2074,2998 2126,2998 2126,2938"/>
                    <TextEquiv>
                        <Unicode>dem</Unicode>
                    </TextEquiv>
                </Word>
                <Word id="tr_2_tl_49_w6" custom="readingOrder {index:5;}">
                    <Coords points="2174,2939 2174,2999 2327,2999 2327,2939"/>
                    <TextEquiv>
                        <Unicode>„Grünen</Unicode>
                    </TextEquiv>
                </Word>
                <Word id="tr_2_tl_49_w7" custom="readingOrder {index:6;}">
                    <Coords points="2366,2940 2366,3000 2514,3000 2514,2940"/>
                    <TextEquiv>
                        <Unicode>Kakadu“</Unicode>
                    </TextEquiv>
                </Word>
                <TextEquiv>
                    <Unicode>lorme", das zugleich mit dem „Grünen Kakadu“</Unicode>
                </TextEquiv>
            </TextLine>
            <TextLine id="tr_2_tl_50" custom="readingOrder {index:49;}">
                <Coords points="1552,3024 2441,3038 2522,3024 2521,2983 1550,2983"/>
                <Baseline points="1558,3005 1606,3008 1654,3008 1703,3009 1751,3011 1799,3011 1848,3012 1896,3014 1944,3016 1993,3017 2041,3019 2089,3020 2138,3017 2186,3020 2234,3020 2283,3020 2331,3020 2379,3020 2428,3020 2476,3020 2525,3020"/>
                <Word id="tr_2_tl_50_w1" custom="readingOrder {index:0;}">
                    <Coords points="1553,2968 1553,3028 1693,3028 1693,2968"/>
                    <TextEquiv>
                        <Unicode>entstand</Unicode>
                    </TextEquiv>
                </Word>
                <Word id="tr_2_tl_50_w2" custom="readingOrder {index:1;}">
                    <Coords points="1726,2971 1726,3031 1781,3031 1781,2971"/>
                    <TextEquiv>
                        <Unicode>und</Unicode>
                    </TextEquiv>
                </Word>
                <Word id="tr_2_tl_50_w3" custom="readingOrder {index:2;}">
                    <Coords points="1809,2971 1809,3031 1865,3031 1865,2971"/>
                    <TextEquiv>
                        <Unicode>vor</Unicode>
                    </TextEquiv>
                </Word>
                <Word id="tr_2_tl_50_w4" custom="readingOrder {index:3;}">
                    <Coords points="1893,2975 1893,3035 1990,3035 1990,2975"/>
                    <TextEquiv>
                        <Unicode>vieten</Unicode>
                    </TextEquiv>
                </Word>
                <Word id="tr_2_tl_50_w5" custom="readingOrder {index:4;}">
                    <Coords points="2024,2979 2024,3039 2149,3039 2149,2979"/>
                    <TextEquiv>
                        <Unicode>Jahren</Unicode>
                    </TextEquiv>
                </Word>
                <Word id="tr_2_tl_50_w6" custom="readingOrder {index:5;}">
                    <Coords points="2182,2980 2182,3040 2251,3040 2251,2980"/>
                    <TextEquiv>
                        <Unicode>kurz</Unicode>
                    </TextEquiv>
                </Word>
                <Word id="tr_2_tl_50_w7" custom="readingOrder {index:6;}">
                    <Coords points="2275,2980 2275,3040 2330,3040 2330,2980"/>
                    <TextEquiv>
                        <Unicode>vor</Unicode>
                    </TextEquiv>
                </Word>
                <Word id="tr_2_tl_50_w8" custom="readingOrder {index:7;}">
                    <Coords points="2359,2980 2359,3040 2409,3040 2409,2980"/>
                    <TextEquiv>
                        <Unicode>der</Unicode>
                    </TextEquiv>
                </Word>
                <Word id="tr_2_tl_50_w9" custom="readingOrder {index:8;}">
                    <Coords points="2433,2980 2433,3040 2516,3040 2516,2980"/>
                    <TextEquiv>
                        <Unicode>Erst¬</Unicode>
                    </TextEquiv>
                </Word>
                <TextEquiv>
                    <Unicode>entstand und vor vieten Jahren kurz vor der Erst¬</Unicode>
                </TextEquiv>
            </TextLine>
            <TextLine id="tr_2_tl_51" custom="readingOrder {index:50;}">
                <Coords points="1550,3053 2525,3074 2511,3027 1550,3022"/>
                <Baseline points="1558,3047 1606,3047 1655,3048 1703,3050 1752,3051 1800,3053 1849,3053 1897,3055 1946,3058 1994,3059 2043,3059 2091,3059 2140,3059 2188,3059 2237,3062 2285,3062 2334,3062 2382,3061 2431,3061 2479,3062 2528,3062"/>
                <Word id="tr_2_tl_51_w1" custom="readingOrder {index:0;}">
                    <Coords points="1553,3007 1553,3067 1753,3067 1753,3007"/>
                    <TextEquiv>
                        <Unicode>aufführung</Unicode>
                    </TextEquiv>
                </Word>
                <Word id="tr_2_tl_51_w2" custom="readingOrder {index:1;}">
                    <Coords points="1782,3013 1782,3073 1838,3073 1838,3013"/>
                    <TextEquiv>
                        <Unicode>von</Unicode>
                    </TextEquiv>
                </Word>
                <Word id="tr_2_tl_51_w3" custom="readingOrder {index:2;}">
                    <Coords points="1871,3014 1871,3074 1922,3074 1922,3014"/>
                    <TextEquiv>
                        <Unicode>dem</Unicode>
                    </TextEquiv>
                </Word>
                <Word id="tr_2_tl_51_w4" custom="readingOrder {index:3;}">
                    <Coords points="1964,3019 1964,3079 2095,3079 2095,3019"/>
                    <TextEquiv>
                        <Unicode>Dichter</Unicode>
                    </TextEquiv>
                </Word>
                <Word id="tr_2_tl_51_w5" custom="readingOrder {index:4;}">
                    <Coords points="2123,3022 2123,3082 2366,3082 2366,3022"/>
                    <TextEquiv>
                        <Unicode>zurückgezogen</Unicode>
                    </TextEquiv>
                </Word>
                <Word id="tr_2_tl_51_w6" custom="readingOrder {index:5;}">
                    <Coords points="2399,3021 2399,3081 2524,3081 2524,3021"/>
                    <TextEquiv>
                        <Unicode>wurde,</Unicode>
                    </TextEquiv>
                </Word>
                <TextEquiv>
                    <Unicode>aufführung von dem Dichter zurückgezogen wurde,</Unicode>
                </TextEquiv>
            </TextLine>
            <TextLine id="tr_2_tl_52" custom="readingOrder {index:51;}">
                <Coords points="1553,3091 2527,3110 2527,3073 2455,3066 1553,3066"/>
                <Baseline points="1561,3089 1609,3086 1658,3087 1706,3090 1755,3092 1803,3092 1852,3094 1900,3095 1949,3097 1997,3098 2046,3101 2094,3101 2143,3101 2191,3101 2240,3101 2288,3101 2337,3101 2385,3101 2434,3101 2482,3101 2531,3101"/>
                <Word id="tr_2_tl_52_w1" custom="readingOrder {index:0;}">
                    <Coords points="1552,3047 1552,3107 1612,3107 1612,3047"/>
                    <TextEquiv>
                        <Unicode>und</Unicode>
                    </TextEquiv>
                </Word>
                <Word id="tr_2_tl_52_w2" custom="readingOrder {index:1;}">
                    <Coords points="1654,3048 1654,3108 1700,3108 1700,3048"/>
                    <TextEquiv>
                        <Unicode>ein</Unicode>
                    </TextEquiv>
                </Word>
                <Word id="tr_2_tl_52_w3" custom="readingOrder {index:2;}">
                    <Coords points="1743,3052 1743,3112 1770,3112 1770,3052"/>
                    <TextEquiv>
                        <Unicode>in</Unicode>
                    </TextEquiv>
                </Word>
                <Word id="tr_2_tl_52_w4" custom="readingOrder {index:3;}">
                    <Coords points="1813,3054 1813,3114 1929,3114 1929,3054"/>
                    <TextEquiv>
                        <Unicode>Versen</Unicode>
                    </TextEquiv>
                </Word>
                <Word id="tr_2_tl_52_w5" custom="readingOrder {index:4;}">
                    <Coords points="1981,3061 1981,3121 2167,3121 2167,3061"/>
                    <TextEquiv>
                        <Unicode>abgefaßtes</Unicode>
                    </TextEquiv>
                </Word>
                <Word id="tr_2_tl_52_w6" custom="readingOrder {index:5;}">
                    <Coords points="2209,3061 2209,3121 2307,3121 2307,3061"/>
                    <TextEquiv>
                        <Unicode>Spiel</Unicode>
                    </TextEquiv>
                </Word>
                <Word id="tr_2_tl_52_w7" custom="readingOrder {index:6;}">
                    <Coords points="2345,3061 2345,3121 2405,3121 2405,3061"/>
                    <TextEquiv>
                        <Unicode>aus</Unicode>
                    </TextEquiv>
                </Word>
                <Word id="tr_2_tl_52_w8" custom="readingOrder {index:7;}">
                    <Coords points="2447,3061 2447,3121 2498,3121 2498,3061"/>
                    <TextEquiv>
                        <Unicode>dem</Unicode>
                    </TextEquiv>
                </Word>
                <TextEquiv>
                    <Unicode>und ein in Versen abgefaßtes Spiel aus dem</Unicode>
                </TextEquiv>
            </TextLine>
            <TextLine id="tr_2_tl_53" custom="readingOrder {index:52;}">
                <Coords points="1553,3137 2511,3157 2523,3122 1552,3093"/>
                <Baseline points="1561,3128 1609,3128 1657,3131 1705,3133 1753,3132 1802,3134 1850,3135 1898,3137 1946,3139 1994,3140 2043,3140 2091,3140 2139,3140 2187,3143 2235,3143 2284,3143 2332,3141 2380,3143 2428,3143 2476,3142 2525,3140"/>
                <Word id="tr_2_tl_53_w1" custom="readingOrder {index:0;}">
                    <Coords points="1552,3092 1552,3152 1837,3152 1837,3092"/>
                    <TextEquiv>
                        <Unicode>Dreißigjährigen</Unicode>
                    </TextEquiv>
                </Word>
                <Word id="tr_2_tl_53_w2" custom="readingOrder {index:1;}">
                    <Coords points="1868,3098 1868,3158 1978,3158 1978,3098"/>
                    <TextEquiv>
                        <Unicode>Krieg.</Unicode>
                    </TextEquiv>
                </Word>
                <Word id="tr_2_tl_53_w3" custom="readingOrder {index:2;}">
                    <Coords points="1994,3100 1994,3160 2109,3160 2109,3100"/>
                    <TextEquiv>
                        <Unicode>Drei</Unicode>
                    </TextEquiv>
                </Word>
                <Word id="tr_2_tl_53_w4" custom="readingOrder {index:3;}">
                    <Coords points="2130,3103 2130,3163 2280,3163 2280,3103"/>
                    <TextEquiv>
                        <Unicode>Bände</Unicode>
                    </TextEquiv>
                </Word>
                <Word id="tr_2_tl_53_w5" custom="readingOrder {index:4;}">
                    <Coords points="2301,3103 2301,3163 2496,3163 2496,3103"/>
                    <TextEquiv>
                        <Unicode>Aphoris</Unicode>
                    </TextEquiv>
                </Word>
                <TextEquiv>
                    <Unicode>Dreißigjährigen Krieg. Drei Bände Aphoris</Unicode>
                </TextEquiv>
            </TextLine>
            <TextLine id="tr_2_tl_54" custom="readingOrder {index:53;}">
                <Coords points="1553,3180 2381,3200 2525,3184 2525,3154 1552,3137"/>
                <Baseline points="1561,3169 1609,3169 1657,3169 1706,3172 1754,3173 1802,3175 1851,3175 1899,3177 1947,3180 1996,3179 2044,3180 2092,3181 2141,3181 2189,3184 2237,3184 2286,3183 2334,3182 2382,3184 2431,3184 2479,3182 2528,3178"/>
                <Word id="tr_2_tl_54_w1" custom="readingOrder {index:0;}">
                    <Coords points="1552,3129 1552,3189 1657,3189 1657,3129"/>
                    <TextEquiv>
                        <Unicode>men,</Unicode>
                    </TextEquiv>
                </Word>
                <Word id="tr_2_tl_54_w2" custom="readingOrder {index:1;}">
                    <Coords points="1682,3132 1682,3192 1803,3192 1803,3132"/>
                    <TextEquiv>
                        <Unicode>„Kunst</Unicode>
                    </TextEquiv>
                </Word>
                <Word id="tr_2_tl_54_w3" custom="readingOrder {index:2;}">
                    <Coords points="1829,3135 1829,3195 1858,3195 1858,3135"/>
                    <TextEquiv>
                        <Unicode>im</Unicode>
                    </TextEquiv>
                </Word>
                <Word id="tr_2_tl_54_w4" custom="readingOrder {index:3;}">
                    <Coords points="1909,3139 1909,3199 2161,3199 2161,3139"/>
                    <TextEquiv>
                        <Unicode>allgemeinen",</Unicode>
                    </TextEquiv>
                </Word>
                <Word id="tr_2_tl_54_w5" custom="readingOrder {index:4;}">
                    <Coords points="2186,3144 2186,3204 2271,3204 2271,3144"/>
                    <TextEquiv>
                        <Unicode>„Zum</Unicode>
                    </TextEquiv>
                </Word>
                <Word id="tr_2_tl_54_w6" custom="readingOrder {index:5;}">
                    <Coords points="2318,3143 2318,3203 2423,3203 2423,3143"/>
                    <TextEquiv>
                        <Unicode>Wesen</Unicode>
                    </TextEquiv>
                </Word>
                <Word id="tr_2_tl_54_w7" custom="readingOrder {index:6;}">
                    <Coords points="2463,3141 2463,3201 2513,3201 2513,3141"/>
                    <TextEquiv>
                        <Unicode>der</Unicode>
                    </TextEquiv>
                </Word>
                <TextEquiv>
                    <Unicode>men, „Kunst im allgemeinen", „Zum Wesen der</Unicode>
                </TextEquiv>
            </TextLine>
            <TextLine id="tr_2_tl_55" custom="readingOrder {index:54;}">
                <Coords points="1557,3217 2526,3236 2525,3184 1557,3177"/>
                <Baseline points="1564,3208 1612,3208 1660,3208 1708,3211 1756,3212 1805,3214 1853,3214 1901,3216 1949,3217 1997,3219 2046,3220 2094,3220 2142,3220 2190,3226 2238,3226 2287,3223 2335,3223 2383,3223 2431,3223 2479,3223 2528,3223"/>
                <Word id="tr_2_tl_55_w1" custom="readingOrder {index:0;}">
                    <Coords points="1556,3168 1556,3228 1669,3228 1669,3168"/>
                    <TextEquiv>
                        <Unicode>Kritik“</Unicode>
                    </TextEquiv>
                </Word>
                <Word id="tr_2_tl_55_w2" custom="readingOrder {index:1;}">
                    <Coords points="1708,3171 1708,3231 1772,3231 1772,3171"/>
                    <TextEquiv>
                        <Unicode>und</Unicode>
                    </TextEquiv>
                </Word>
                <Word id="tr_2_tl_55_w3" custom="readingOrder {index:2;}">
                    <Coords points="1812,3174 1812,3234 1861,3234 1861,3174"/>
                    <TextEquiv>
                        <Unicode>die</Unicode>
                    </TextEquiv>
                </Word>
                <Word id="tr_2_tl_55_w4" custom="readingOrder {index:3;}">
                    <Coords points="1901,3176 1901,3236 1959,3236 1959,3176"/>
                    <TextEquiv>
                        <Unicode>aus</Unicode>
                    </TextEquiv>
                </Word>
                <Word id="tr_2_tl_55_w5" custom="readingOrder {index:4;}">
                    <Coords points="2004,3179 2004,3239 2058,3239 2058,3179"/>
                    <TextEquiv>
                        <Unicode>der</Unicode>
                    </TextEquiv>
                </Word>
                <Word id="tr_2_tl_55_w6" custom="readingOrder {index:5;}">
                    <Coords points="2097,3186 2097,3246 2289,3246 2289,3186"/>
                    <TextEquiv>
                        <Unicode>Kriegszeit</Unicode>
                    </TextEquiv>
                </Word>
                <Word id="tr_2_tl_55_w7" custom="readingOrder {index:6;}">
                    <Coords points="2324,3183 2324,3243 2515,3243 2515,3183"/>
                    <TextEquiv>
                        <Unicode>stammende</Unicode>
                    </TextEquiv>
                </Word>
                <TextEquiv>
                    <Unicode>Kritik“ und die aus der Kriegszeit stammende</Unicode>
                </TextEquiv>
            </TextLine>
            <TextLine id="tr_2_tl_56" custom="readingOrder {index:55;}">
                <Coords points="1553,3251 2475,3279 2523,3237 1552,3216"/>
                <Baseline points="1561,3247 1609,3250 1657,3253 1705,3254 1753,3256 1802,3256 1850,3256 1898,3258 1946,3259 1994,3259 2043,3259 2091,3259 2139,3262 2187,3262 2235,3262 2284,3265 2332,3265 2380,3265 2428,3264 2476,3262 2525,3259"/>
                <Word id="tr_2_tl_56_w1" custom="readingOrder {index:0;}">
                    <Coords points="1551,3212 1551,3272 1746,3272 1746,3212"/>
                    <TextEquiv>
                        <Unicode>Sammlung</Unicode>
                    </TextEquiv>
                </Word>
                <Word id="tr_2_tl_56_w2" custom="readingOrder {index:1;}">
                    <Coords points="1780,3216 1780,3276 1866,3276 1866,3216"/>
                    <TextEquiv>
                        <Unicode>„Und</Unicode>
                    </TextEquiv>
                </Word>
                <Word id="tr_2_tl_56_w3" custom="readingOrder {index:2;}">
                    <Coords points="1896,3219 1896,3279 2019,3279 2019,3219"/>
                    <TextEquiv>
                        <Unicode>einmal</Unicode>
                    </TextEquiv>
                </Word>
                <Word id="tr_2_tl_56_w4" custom="readingOrder {index:3;}">
                    <Coords points="2044,3219 2044,3279 2120,3279 2120,3219"/>
                    <TextEquiv>
                        <Unicode>wird</Unicode>
                    </TextEquiv>
                </Word>
                <Word id="tr_2_tl_56_w5" custom="readingOrder {index:4;}">
                    <Coords points="2149,3222 2149,3282 2264,3282 2264,3222"/>
                    <TextEquiv>
                        <Unicode>wieder</Unicode>
                    </TextEquiv>
                </Word>
                <Word id="tr_2_tl_56_w6" custom="readingOrder {index:5;}">
                    <Coords points="2293,3225 2293,3285 2407,3285 2407,3225"/>
                    <TextEquiv>
                        <Unicode>Friede</Unicode>
                    </TextEquiv>
                </Word>
                <Word id="tr_2_tl_56_w7" custom="readingOrder {index:6;}">
                    <Coords points="2436,3221 2436,3281 2517,3281 2517,3221"/>
                    <TextEquiv>
                        <Unicode>wer¬</Unicode>
                    </TextEquiv>
                </Word>
                <TextEquiv>
                    <Unicode>Sammlung „Und einmal wird wieder Friede wer¬</Unicode>
                </TextEquiv>
            </TextLine>
            <TextLine id="tr_2_tl_57" custom="readingOrder {index:56;}">
                <Coords points="1550,3298 2447,3323 2527,3318 2527,3271 1549,3259"/>
                <Baseline points="1558,3289 1606,3289 1655,3292 1703,3293 1752,3295 1801,3295 1849,3297 1898,3298 1947,3300 1995,3301 2044,3301 2093,3301 2141,3304 2190,3304 2239,3304 2287,3304 2336,3304 2385,3304 2433,3306 2482,3305 2531,3304"/>
                <Word id="tr_2_tl_57_w1" custom="readingOrder {index:0;}">
                    <Coords points="1548,3249 1548,3309 1641,3309 1641,3249"/>
                    <TextEquiv>
                        <Unicode>den",</Unicode>
                    </TextEquiv>
                </Word>
                <Word id="tr_2_tl_57_w2" custom="readingOrder {index:1;}">
                    <Coords points="1661,3253 1661,3313 1749,3313 1749,3253"/>
                    <TextEquiv>
                        <Unicode>sollen</Unicode>
                    </TextEquiv>
                </Word>
                <Word id="tr_2_tl_57_w3" custom="readingOrder {index:2;}">
                    <Coords points="1784,3255 1784,3315 1852,3315 1852,3255"/>
                    <TextEquiv>
                        <Unicode>bald</Unicode>
                    </TextEquiv>
                </Word>
                <Word id="tr_2_tl_57_w4" custom="readingOrder {index:3;}">
                    <Coords points="1878,3261 1878,3321 2118,3321 2118,3261"/>
                    <TextEquiv>
                        <Unicode>veröffentlicht</Unicode>
                    </TextEquiv>
                </Word>
                <Word id="tr_2_tl_57_w5" custom="readingOrder {index:4;}">
                    <Coords points="2138,3264 2138,3324 2280,3324 2280,3264"/>
                    <TextEquiv>
                        <Unicode>werden.</Unicode>
                    </TextEquiv>
                </Word>
                <Word id="tr_2_tl_57_w6" custom="readingOrder {index:5;}">
                    <Coords points="2300,3264 2300,3324 2364,3324 2364,3264"/>
                    <TextEquiv>
                        <Unicode>Die</Unicode>
                    </TextEquiv>
                </Word>
                <Word id="tr_2_tl_57_w7" custom="readingOrder {index:6;}">
                    <Coords points="2384,3265 2384,3325 2516,3325 2516,3265"/>
                    <TextEquiv>
                        <Unicode>Tage¬</Unicode>
                    </TextEquiv>
                </Word>
                <TextEquiv>
                    <Unicode>den", sollen bald veröffentlicht werden. Die Tage¬</Unicode>
                </TextEquiv>
            </TextLine>
            <TextLine id="tr_2_tl_58" custom="readingOrder {index:57;}">
                <Coords points="1548,3349 2326,3357 2325,3319 1546,3299"/>
                <Baseline points="1555,3331 1593,3331 1632,3331 1670,3333 1709,3335 1748,3337 1786,3337 1825,3337 1864,3337 1902,3339 1941,3342 1980,3343 2018,3343 2057,3344 2096,3346 2134,3346 2173,3346 2212,3346 2250,3346 2289,3346 2328,3346"/>
                <Word id="tr_2_tl_58_w1" custom="readingOrder {index:0;}">
                    <Coords points="1545,3291 1545,3351 1693,3351 1693,3291"/>
                    <TextEquiv>
                        <Unicode>bücher</Unicode>
                    </TextEquiv>
                </Word>
                <Word id="tr_2_tl_58_w2" custom="readingOrder {index:1;}">
                    <Coords points="1718,3297 1718,3357 1865,3357 1865,3297"/>
                    <TextEquiv>
                        <Unicode>umfassen</Unicode>
                    </TextEquiv>
                </Word>
                <Word id="tr_2_tl_58_w3" custom="readingOrder {index:2;}">
                    <Coords points="1901,3302 1901,3362 1984,3362 1984,3302"/>
                    <TextEquiv>
                        <Unicode>mehr</Unicode>
                    </TextEquiv>
                </Word>
                <Word id="tr_2_tl_58_w4" custom="readingOrder {index:3;}">
                    <Coords points="2014,3303 2014,3363 2058,3363 2058,3303"/>
                    <TextEquiv>
                        <Unicode>als</Unicode>
                    </TextEquiv>
                </Word>
                <Word id="tr_2_tl_58_w5" custom="readingOrder {index:4;}">
                    <Coords points="2088,3306 2088,3366 2162,3366 2162,3306"/>
                    <TextEquiv>
                        <Unicode>zehn</Unicode>
                    </TextEquiv>
                </Word>
                <Word id="tr_2_tl_58_w6" custom="readingOrder {index:5;}">
                    <Coords points="2192,3306 2192,3366 2324,3366 2324,3306"/>
                    <TextEquiv>
                        <Unicode>Bände.</Unicode>
                    </TextEquiv>
                </Word>
                <TextEquiv>
                    <Unicode>bücher umfassen mehr als zehn Bände.</Unicode>
                </TextEquiv>
            </TextLine>
            <TextLine id="tr_2_tl_59" custom="readingOrder {index:58;}">
                <Coords points="1663,3503 1800,3511 1892,3492 1955,3518 2001,3496 2112,3496 2113,3457 2048,3424 2019,3444 1955,3442 1927,3464 1884,3425 1769,3467 1664,3452"/>
                <Baseline points="1671,3486 1697,3486 1723,3487 1749,3488 1775,3488 1801,3486 1828,3486 1854,3486 1880,3486 1906,3486 1932,3486 1958,3486 1985,3486 2011,3486 2037,3485 2063,3484 2089,3483 2116,3483"/>
                <Word id="tr_2_tl_59_w1" custom="readingOrder {index:0;}">
                    <Coords points="1668,3447 1668,3507 1800,3507 1800,3447"/>
                    <TextEquiv>
                        <Unicode>Wycinek</Unicode>
                    </TextEquiv>
                </Word>
                <Word id="tr_2_tl_59_w2" custom="readingOrder {index:1;}">
                    <Coords points="1832,3446 1832,3506 1847,3506 1847,3446"/>
                    <TextEquiv>
                        <Unicode>z</Unicode>
                    </TextEquiv>
                </Word>
                <Word id="tr_2_tl_59_w3" custom="readingOrder {index:2;}">
                    <Coords points="1863,3446 1863,3506 2097,3506 2097,3446"/>
                    <TextEquiv>
                        <Unicode>Wydawokétwa</Unicode>
                    </TextEquiv>
                </Word>
                <TextEquiv>
                    <Unicode>Wycinek z Wydawokétwa</Unicode>
                </TextEquiv>
            </TextLine>
            <TextLine id="tr_2_tl_60" custom="readingOrder {index:59;}">
                <Coords points="1664,3614 1741,3617 1828,3590 2109,3605 2109,3527 2069,3554 1664,3544"/>
                <Baseline points="1671,3593 1697,3591 1723,3589 1749,3587 1775,3586 1801,3584 1827,3588 1853,3590 1879,3590 1905,3589 1931,3587 1957,3589 1983,3590 2009,3588 2035,3587 2061,3587 2087,3587 2113,3587"/>
                <Word id="tr_2_tl_60_w1" custom="readingOrder {index:0;}">
                    <Coords points="1666,3548 1666,3608 1803,3608 1803,3548"/>
                    <TextEquiv>
                        <Unicode>NOWY</Unicode>
                    </TextEquiv>
                </Word>
                <Word id="tr_2_tl_60_w2" custom="readingOrder {index:1;}">
                    <Coords points="1853,3549 1853,3609 2081,3609 2081,3549"/>
                    <TextEquiv>
                        <Unicode>DZIENNIK</Unicode>
                    </TextEquiv>
                </Word>
                <TextEquiv>
                    <Unicode>NOWY DZIENNIK</Unicode>
                </TextEquiv>
            </TextLine>
            <TextLine id="tr_2_tl_61" custom="readingOrder {index:60;}">
                <Coords points="1792,3638 1860,3661 1887,3661 1903,3652 1914,3657 1938,3645 1947,3652 1975,3650 1975,3601 1920,3597 1904,3609 1892,3597 1861,3601 1832,3590 1813,3601 1792,3601"/>
                <Baseline points="1799,3635 1824,3633 1850,3632 1875,3632 1901,3632 1926,3632 1952,3632 1978,3632"/>
                <Word id="tr_2_tl_61_w1" custom="readingOrder {index:0;}">
                    <Coords points="1800,3592 1800,3652 1971,3652 1971,3592"/>
                    <TextEquiv>
                        <Unicode>(Kraków)</Unicode>
                    </TextEquiv>
                </Word>
                <TextEquiv>
                    <Unicode>(Kraków)</Unicode>
                </TextEquiv>
            </TextLine>
            <TextLine id="tr_2_tl_62" custom="readingOrder {index:61;}">
                <Coords points="1903,3724 1914,3725 1934,3713 1946,3723 1960,3725 1974,3725 1995,3712 2014,3717 2025,3647 2006,3650 1978,3670 1966,3666 1959,3672 1948,3668 1939,3672 1911,3666"/>
                <Baseline points="1913,3704 1940,3700 1968,3696 1995,3692 2023,3686"/>
                <Word id="tr_2_tl_62_w1" custom="readingOrder {index:0;}">
                    <Coords points="1909,3659 1909,3719 1980,3719 1980,3659"/>
                    <TextEquiv>
                        <Unicode>187</Unicode>
                    </TextEquiv>
                </Word>
                <TextEquiv>
                    <Unicode>187</Unicode>
                </TextEquiv>
            </TextLine>
            <TextLine id="tr_2_tl_63" custom="readingOrder {index:62;}">
                <Coords points="1798,3735 1837,3751 1888,3741 1963,3755 1995,3737 2018,3751 2042,3733 2148,3733 2149,3690 2120,3677 2076,3696 2011,3697 1977,3723 1914,3708 1852,3653 1801,3650"/>
                <Baseline points="1805,3722 1831,3725 1858,3728 1885,3730 1911,3731 1938,3731 1965,3731 1991,3730 2018,3721 2045,3716 2071,3716 2098,3717 2125,3720 2152,3728"/>
                <TextEquiv>
                    <Unicode></Unicode>
                </TextEquiv>
            </TextLine>
            <TextLine id="tr_2_tl_64" custom="readingOrder {index:63;}">
                <Coords points="1640,3851 2190,3863 2190,3812 2151,3804 1875,3822 1842,3802 1640,3804"/>
                <Baseline points="1647,3844 1674,3846 1701,3847 1728,3847 1756,3847 1783,3847 1810,3847 1838,3848 1865,3850 1892,3850 1920,3850 1947,3850 1974,3849 2001,3847 2029,3847 2056,3847 2083,3849 2111,3850 2138,3850 2165,3850 2193,3853"/>
                <Word id="tr_2_tl_64_w1" custom="readingOrder {index:0;}">
                    <Coords points="1647,3807 1647,3867 1850,3867 1850,3807"/>
                    <TextEquiv>
                        <Unicode>KRONIKA</Unicode>
                    </TextEquiv>
                </Word>
                <Word id="tr_2_tl_64_w2" custom="readingOrder {index:1;}">
                    <Coords points="1893,3807 1893,3867 2156,3867 2156,3807"/>
                    <TextEquiv>
                        <Unicode>LITERACKA</Unicode>
                    </TextEquiv>
                </Word>
                <TextEquiv>
                    <Unicode>KRONIKA LITERACKA</Unicode>
                </TextEquiv>
            </TextLine>
            <TextLine id="tr_2_tl_65" custom="readingOrder {index:64;}">
                <Coords points="1694,3918 2644,3936 2634,3873 1694,3877"/>
                <Baseline points="1701,3913 1748,3913 1795,3913 1842,3913 1890,3913 1937,3913 1984,3913 2032,3913 2079,3914 2126,3916 2174,3918 2221,3919 2268,3919 2315,3921 2363,3920 2410,3919 2457,3919 2505,3919 2552,3919 2599,3919 2647,3916"/>
                <Word id="tr_2_tl_65_w1" custom="readingOrder {index:0;}">
                    <Coords points="1694,3873 1694,3933 1915,3933 1915,3873"/>
                    <TextEquiv>
                        <Unicode>SPUSCIZNA</Unicode>
                    </TextEquiv>
                </Word>
                <Word id="tr_2_tl_65_w2" custom="readingOrder {index:1;}">
                    <Coords points="1948,3873 1948,3933 1991,3933 1991,3873"/>
                    <TextEquiv>
                        <Unicode>PO</Unicode>
                    </TextEquiv>
                </Word>
                <Word id="tr_2_tl_65_w3" custom="readingOrder {index:2;}">
                    <Coords points="2030,3878 2030,3938 2355,3938 2355,3878"/>
                    <TextEquiv>
                        <Unicode>SCHNITZLERZE,</Unicode>
                    </TextEquiv>
                </Word>
                <Word id="tr_2_tl_65_w4" custom="readingOrder {index:3;}">
                    <Coords points="2393,3879 2393,3939 2409,3939 2409,3879"/>
                    <TextEquiv>
                        <Unicode>W</Unicode>
                    </TextEquiv>
                </Word>
                <Word id="tr_2_tl_65_w5" custom="readingOrder {index:4;}">
                    <Coords points="2464,3879 2464,3939 2631,3939 2631,3879"/>
                    <TextEquiv>
                        <Unicode>spuśchénie</Unicode>
                    </TextEquiv>
                </Word>
                <TextEquiv>
                    <Unicode>SPUSCIZNA PO SCHNITZLERZE, W spuśchénie</Unicode>
                </TextEquiv>
            </TextLine>
            <TextLine id="tr_2_tl_66" custom="readingOrder {index:65;}">
                <Coords points="1658,3972 2634,3973 2588,3924 1658,3922"/>
                <Baseline points="1665,3960 1713,3957 1762,3957 1810,3957 1859,3957 1908,3957 1956,3957 2005,3957 2054,3959 2102,3960 2151,3960 2200,3963 2248,3963 2297,3963 2346,3963 2394,3963 2443,3963 2492,3963 2540,3963 2589,3963 2638,3960"/>
                <Word id="tr_2_tl_66_w1" custom="readingOrder {index:0;}">
                    <Coords points="1661,3919 1661,3979 1695,3979 1695,3919"/>
                    <TextEquiv>
                        <Unicode>po</Unicode>
                    </TextEquiv>
                </Word>
                <Word id="tr_2_tl_66_w2" custom="readingOrder {index:1;}">
                    <Coords points="1727,3917 1727,3977 1939,3977 1939,3917"/>
                    <TextEquiv>
                        <Unicode>Schnitzlerze</Unicode>
                    </TextEquiv>
                </Word>
                <Word id="tr_2_tl_66_w3" custom="readingOrder {index:2;}">
                    <Coords points="1970,3919 1970,3979 2151,3979 2151,3919"/>
                    <TextEquiv>
                        <Unicode>znaleziono</Unicode>
                    </TextEquiv>
                </Word>
                <Word id="tr_2_tl_66_w4" custom="readingOrder {index:3;}">
                    <Coords points="2183,3923 2183,3983 2258,3983 2258,3923"/>
                    <TextEquiv>
                        <Unicode>jeg)</Unicode>
                    </TextEquiv>
                </Word>
                <Word id="tr_2_tl_66_w5" custom="readingOrder {index:4;}">
                    <Coords points="2280,3923 2280,3983 2465,3983 2465,3923"/>
                    <TextEquiv>
                        <Unicode>pamiętniki</Unicode>
                    </TextEquiv>
                </Word>
                <Word id="tr_2_tl_66_w6" custom="readingOrder {index:5;}">
                    <Coords points="2488,3923 2488,3983 2496,3983 2496,3923"/>
                    <TextEquiv>
                        <Unicode>i</Unicode>
                    </TextEquiv>
                </Word>
                <Word id="tr_2_tl_66_w7" custom="readingOrder {index:6;}">
                    <Coords points="2524,3923 2524,3983 2629,3983 2629,3923"/>
                    <TextEquiv>
                        <Unicode>niedo-</Unicode>
                    </TextEquiv>
                </Word>
                <TextEquiv>
                    <Unicode>po Schnitzlerze znaleziono jeg) pamiętniki i niedo-</Unicode>
                </TextEquiv>
            </TextLine>
            <TextLine id="tr_2_tl_67" custom="readingOrder {index:66;}">
                <Coords points="1658,4009 2641,4019 2617,3970 1658,3973"/>
                <Baseline points="1665,4002 1716,4002 1768,4002 1819,4002 1871,4002 1922,4002 1974,4002 2025,4005 2077,4003 2128,4005 2180,4005 2231,4005 2283,4007 2334,4008 2386,4008 2437,4009 2489,4010 2540,4010 2592,4009 2644,4005"/>
                <Word id="tr_2_tl_67_w1" custom="readingOrder {index:0;}">
                    <Coords points="1657,3962 1657,4022 1815,4022 1815,3962"/>
                    <TextEquiv>
                        <Unicode>końcuoną</Unicode>
                    </TextEquiv>
                </Word>
                <Word id="tr_2_tl_67_w2" custom="readingOrder {index:1;}">
                    <Coords points="1843,3962 1843,4022 1983,4022 1983,3962"/>
                    <TextEquiv>
                        <Unicode>powieść</Unicode>
                    </TextEquiv>
                </Word>
                <Word id="tr_2_tl_67_w3" custom="readingOrder {index:2;}">
                    <Coords points="2011,3964 2011,4024 2085,4024 2085,3964"/>
                    <TextEquiv>
                        <Unicode>oraz</Unicode>
                    </TextEquiv>
                </Word>
                <Word id="tr_2_tl_67_w4" custom="readingOrder {index:3;}">
                    <Coords points="2114,3964 2114,4024 2122,4024 2122,3964"/>
                    <TextEquiv>
                        <Unicode>9</Unicode>
                    </TextEquiv>
                </Word>
                <Word id="tr_2_tl_67_w5" custom="readingOrder {index:4;}">
                    <Coords points="2156,3967 2156,4027 2412,4027 2412,3967"/>
                    <TextEquiv>
                        <Unicode>jednoaktówek.</Unicode>
                    </TextEquiv>
                </Word>
                <Word id="tr_2_tl_67_w6" custom="readingOrder {index:5;}">
                    <Coords points="2435,3970 2435,4030 2556,4030 2556,3970"/>
                    <TextEquiv>
                        <Unicode>Między</Unicode>
                    </TextEquiv>
                </Word>
                <Word id="tr_2_tl_67_w7" custom="readingOrder {index:6;}">
                    <Coords points="2585,3967 2585,4027 2631,4027 2631,3967"/>
                    <TextEquiv>
                        <Unicode>je-</Unicode>
                    </TextEquiv>
                </Word>
                <TextEquiv>
                    <Unicode>końcuoną powieść oraz 9 jednoaktówek. Między je-</Unicode>
                </TextEquiv>
            </TextLine>
            <TextLine id="tr_2_tl_68" custom="readingOrder {index:67;}">
                <Coords points="1655,4054 2641,4078 2641,4020 2581,4016 1655,4024"/>
                <Baseline points="1662,4047 1711,4047 1760,4047 1809,4047 1858,4047 1907,4047 1956,4049 2005,4050 2054,4050 2103,4050 2153,4047 2202,4051 2251,4053 2300,4053 2349,4053 2398,4053 2447,4053 2496,4055 2545,4056 2594,4056 2644,4053"/>
                <Word id="tr_2_tl_68_w1" custom="readingOrder {index:0;}">
                    <Coords points="1658,4007 1658,4067 1918,4067 1918,4007"/>
                    <TextEquiv>
                        <Unicode>dnoaktówkami</Unicode>
                    </TextEquiv>
                </Word>
                <Word id="tr_2_tl_68_w2" custom="readingOrder {index:1;}">
                    <Coords points="1961,4010 1961,4070 2105,4070 2105,4010"/>
                    <TextEquiv>
                        <Unicode>znajduje</Unicode>
                    </TextEquiv>
                </Word>
                <Word id="tr_2_tl_68_w3" custom="readingOrder {index:2;}">
                    <Coords points="2157,4009 2157,4069 2198,4069 2198,4009"/>
                    <TextEquiv>
                        <Unicode>się</Unicode>
                    </TextEquiv>
                </Word>
                <Word id="tr_2_tl_68_w4" custom="readingOrder {index:3;}">
                    <Coords points="2249,4013 2249,4073 2491,4073 2491,4013"/>
                    <TextEquiv>
                        <Unicode>jednoaktówka</Unicode>
                    </TextEquiv>
                </Word>
                <Word id="tr_2_tl_68_w5" custom="readingOrder {index:4;}">
                    <Coords points="2548,4016 2548,4076 2626,4076 2626,4016"/>
                    <TextEquiv>
                        <Unicode>„Das</Unicode>
                    </TextEquiv>
                </Word>
                <TextEquiv>
                    <Unicode>dnoaktówkami znajduje się jednoaktówka „Das</Unicode>
                </TextEquiv>
            </TextLine>
            <TextLine id="tr_2_tl_69" custom="readingOrder {index:68;}">
                <Coords points="1668,4110 1885,4092 2195,4126 2232,4100 2487,4130 2538,4127 2537,4067 1667,4060"/>
                <Baseline points="1674,4092 1717,4092 1760,4092 1803,4092 1847,4092 1890,4092 1933,4092 1977,4092 2020,4092 2063,4094 2107,4095 2150,4095 2193,4097 2236,4098 2280,4098 2323,4098 2366,4098 2410,4098 2453,4098 2496,4099 2540,4101"/>
                <Word id="tr_2_tl_69_w1" custom="readingOrder {index:0;}">
                    <Coords points="1669,4052 1669,4112 1787,4112 1787,4052"/>
                    <TextEquiv>
                        <Unicode>Wort",</Unicode>
                    </TextEquiv>
                </Word>
                <Word id="tr_2_tl_69_w2" custom="readingOrder {index:1;}">
                    <Coords points="1807,4052 1807,4112 1913,4112 1913,4052"/>
                    <TextEquiv>
                        <Unicode>której</Unicode>
                    </TextEquiv>
                </Word>
                <Word id="tr_2_tl_69_w3" custom="readingOrder {index:2;}">
                    <Coords points="1932,4052 1932,4112 2101,4112 2101,4052"/>
                    <TextEquiv>
                        <Unicode>bohaterem</Unicode>
                    </TextEquiv>
                </Word>
                <Word id="tr_2_tl_69_w4" custom="readingOrder {index:3;}">
                    <Coords points="2145,4056 2145,4116 2207,4116 2207,4056"/>
                    <TextEquiv>
                        <Unicode>jest</Unicode>
                    </TextEquiv>
                </Word>
                <Word id="tr_2_tl_69_w5" custom="readingOrder {index:4;}">
                    <Coords points="2227,4058 2227,4118 2314,4118 2314,4058"/>
                    <TextEquiv>
                        <Unicode>Piotr</Unicode>
                    </TextEquiv>
                </Word>
                <Word id="tr_2_tl_69_w6" custom="readingOrder {index:5;}">
                    <Coords points="2346,4058 2346,4118 2527,4118 2527,4058"/>
                    <TextEquiv>
                        <Unicode>Altenberg.</Unicode>
                    </TextEquiv>
                </Word>
                <TextEquiv>
                    <Unicode>Wort", której bohaterem jest Piotr Altenberg.</Unicode>
                </TextEquiv>
            </TextLine>
            <TextEquiv>
                <Unicode></Unicode>
            </TextEquiv>
        </TextRegion>
    </Page>
</PcGts>
