<?xml version="1.0" encoding="UTF-8" standalone="yes"?>
<PcGts xmlns="http://schema.primaresearch.org/PAGE/gts/pagecontent/2013-07-15" xmlns:xsi="http://www.w3.org/2001/XMLSchema-instance" xsi:schemaLocation="http://schema.primaresearch.org/PAGE/gts/pagecontent/2013-07-15 http://schema.primaresearch.org/PAGE/gts/pagecontent/2013-07-15/pagecontent.xsd">
    <Metadata>
        <Creator>prov=READ-COOP:name=PyLaia@TranskribusPlatform:version=2.12.1:model_id=39995:lm=none:date=09_04_2024_22:49</Creator>
        <Created>2019-10-07T20:37:46.781+02:00</Created>
        <LastChange>2024-04-09T22:49:17.888+02:00</LastChange>
        <TranskribusMetadata docId="224459" pageId="9580629" pageNr="112" tsid="157629733" status="IN_PROGRESS" userId="64420" imgUrl="https://files.transkribus.eu/Get?id=DDWKQZBKTJBCNDLYEFXAYYEE&amp;fileType=view" xmlUrl="https://files.transkribus.eu/Get?id=DJFHCFHQNCKSKSUKYHTTTDUO" imageId="6208710"/>
    </Metadata>
    <Page imageFilename="224459_0112.jpeg" imageWidth="3392" imageHeight="4320">
        <ReadingOrder>
            <OrderedGroup id="ro_1712938070494" caption="Regions reading order">
                <RegionRefIndexed index="0" regionRef="tr_1"/>
                <RegionRefIndexed index="1" regionRef="tr_2"/>
            </OrderedGroup>
        </ReadingOrder>
        <TextRegion orientation="0.0" id="tr_1" custom="readingOrder {index:0;}">
            <Coords points="185,286 185,4028 1483,4028 1483,286"/>
            <TextLine id="tr_1_tl_1" custom="readingOrder {index:0;}">
                <Coords points="176,318 1259,344 1286,251 813,275 514,242 312,282 174,244"/>
                <Baseline points="185,307 240,308 295,310 351,310 406,310 461,310 517,310 572,310 627,310 683,310 738,310 793,310 849,315 904,317 959,316 1015,319 1070,315 1125,315 1181,316 1236,316 1292,316"/>
                <Word id="tr_1_tl_1_w1" custom="readingOrder {index:0;}">
                    <Coords points="183,267 183,327 292,327 292,267"/>
                    <TextEquiv>
                        <Unicode>12.</Unicode>
                    </TextEquiv>
                </Word>
                <Word id="tr_1_tl_1_w2" custom="readingOrder {index:1;}">
                    <Coords points="353,270 353,330 944,330 944,270"/>
                    <TextEquiv>
                        <Unicode>Schnitzler's</Unicode>
                    </TextEquiv>
                </Word>
                <Word id="tr_1_tl_1_w3" custom="readingOrder {index:2;}">
                    <Coords points="1016,275 1016,335 1245,335 1245,275"/>
                    <TextEquiv>
                        <Unicode>Death</Unicode>
                    </TextEquiv>
                </Word>
                <TextEquiv>
                    <Unicode>12. Schnitzler's Death</Unicode>
                </TextEquiv>
            </TextLine>
            <TextLine id="tr_1_tl_2" custom="readingOrder {index:1;}">
                <Coords points="321,1004 418,1035 477,1015 859,1043 919,1021 987,1046 996,935 892,964 856,941 637,930 319,952"/>
                <Baseline points="328,1000 362,1002 396,1003 430,1004 464,1006 499,1008 533,1009 567,1009 601,1009 635,1009 670,1001 704,998 738,1000 772,997 794,1017 829,1014 863,1012 897,1014 931,1017 965,1019 1000,1020"/>
                <Word id="tr_1_tl_2_w1" custom="readingOrder {index:0;}">
                    <Coords points="332,966 332,1026 957,1026 957,966"/>
                    <TextEquiv>
                        <Unicode>DOBSERVE</Unicode>
                    </TextEquiv>
                </Word>
                <TextEquiv>
                    <Unicode>DOBSERVE</Unicode>
                </TextEquiv>
            </TextLine>
            <TextLine id="tr_1_tl_3" custom="readingOrder {index:2;}">
                <Coords points="1050,1018 1075,1018 1098,1040 1111,1046 1137,1027 1160,1032 1160,978 1131,972 1108,952 1050,953"/>
                <Baseline points="1059,1015 1085,1017 1111,1018 1137,1018 1164,1015"/>
                <TextEquiv>
                    <Unicode></Unicode>
                </TextEquiv>
            </TextLine>
            <TextLine id="tr_1_tl_4" custom="readingOrder {index:3;}">
                <Coords points="421,1069 1061,1086 1061,1050 963,1035 421,1026"/>
                <Baseline points="429,1062 460,1064 492,1064 524,1062 556,1064 588,1065 619,1065 651,1065 683,1065 715,1065 747,1065 778,1067 810,1068 842,1069 874,1071 906,1071 937,1071 969,1071 1001,1073 1033,1074 1065,1074"/>
                <Word id="tr_1_tl_4_w1" custom="readingOrder {index:0;}">
                    <Coords points="419,1022 419,1082 445,1082 445,1022"/>
                    <TextEquiv>
                        <Unicode>I.</Unicode>
                    </TextEquiv>
                </Word>
                <Word id="tr_1_tl_4_w2" custom="readingOrder {index:1;}">
                    <Coords points="459,1022 459,1082 578,1082 578,1022"/>
                    <TextEquiv>
                        <Unicode>österr.</Unicode>
                    </TextEquiv>
                </Word>
                <Word id="tr_1_tl_4_w3" custom="readingOrder {index:2;}">
                    <Coords points="588,1025 588,1085 737,1085 737,1025"/>
                    <TextEquiv>
                        <Unicode>behördl.</Unicode>
                    </TextEquiv>
                </Word>
                <Word id="tr_1_tl_4_w4" custom="readingOrder {index:3;}">
                    <Coords points="752,1031 752,1091 1052,1091 1052,1031"/>
                    <TextEquiv>
                        <Unicode>konzessioniertes</Unicode>
                    </TextEquiv>
                </Word>
                <TextEquiv>
                    <Unicode>I. österr. behördl. konzessioniertes</Unicode>
                </TextEquiv>
            </TextLine>
            <TextLine id="tr_1_tl_5" custom="readingOrder {index:4;}">
                <Coords points="364,1111 1023,1137 1111,1131 1111,1086 362,1058"/>
                <Baseline points="373,1101 410,1101 447,1103 484,1104 521,1104 558,1104 595,1107 632,1107 669,1107 706,1108 743,1110 780,1110 817,1110 854,1110 891,1112 928,1113 965,1114 1002,1116 1039,1116 1076,1116 1113,1116"/>
                <Word id="tr_1_tl_5_w1" custom="readingOrder {index:0;}">
                    <Coords points="365,1063 365,1123 601,1123 601,1063"/>
                    <TextEquiv>
                        <Unicode>Unternehmen</Unicode>
                    </TextEquiv>
                </Word>
                <Word id="tr_1_tl_5_w2" custom="readingOrder {index:1;}">
                    <Coords points="633,1067 633,1127 681,1127 681,1067"/>
                    <TextEquiv>
                        <Unicode>für</Unicode>
                    </TextEquiv>
                </Word>
                <Word id="tr_1_tl_5_w3" custom="readingOrder {index:2;}">
                    <Coords points="709,1072 709,1132 1097,1132 1097,1072"/>
                    <TextEquiv>
                        <Unicode>Zeitungs-Ausschnitte</Unicode>
                    </TextEquiv>
                </Word>
                <TextEquiv>
                    <Unicode>Unternehmen für Zeitungs-Ausschnitte</Unicode>
                </TextEquiv>
            </TextLine>
            <TextLine id="tr_1_tl_6" custom="readingOrder {index:5;}">
                <Coords points="424,1171 1057,1194 1055,1146 953,1129 676,1118 588,1143 543,1118 424,1120"/>
                <Baseline points="432,1161 463,1161 494,1161 526,1162 557,1166 588,1168 620,1170 651,1170 682,1170 714,1169 745,1167 776,1171 808,1173 839,1173 870,1173 902,1173 933,1174 964,1176 996,1176 1027,1176 1059,1176"/>
                <Word id="tr_1_tl_6_w1" custom="readingOrder {index:0;}">
                    <Coords points="427,1121 427,1181 572,1181 572,1121"/>
                    <TextEquiv>
                        <Unicode>WIEN,</Unicode>
                    </TextEquiv>
                </Word>
                <Word id="tr_1_tl_6_w2" custom="readingOrder {index:1;}">
                    <Coords points="599,1130 599,1190 646,1190 646,1130"/>
                    <TextEquiv>
                        <Unicode>I.,</Unicode>
                    </TextEquiv>
                </Word>
                <Word id="tr_1_tl_6_w3" custom="readingOrder {index:2;}">
                    <Coords points="673,1133 673,1193 959,1193 959,1133"/>
                    <TextEquiv>
                        <Unicode>WOLLZEILE</Unicode>
                    </TextEquiv>
                </Word>
                <Word id="tr_1_tl_6_w4" custom="readingOrder {index:3;}">
                    <Coords points="1006,1136 1006,1196 1045,1196 1045,1136"/>
                    <TextEquiv>
                        <Unicode>11</Unicode>
                    </TextEquiv>
                </Word>
                <TextEquiv>
                    <Unicode>WIEN, I., WOLLZEILE 11</Unicode>
                </TextEquiv>
            </TextLine>
            <TextLine id="tr_1_tl_7" custom="readingOrder {index:6;}">
                <Coords points="514,1217 549,1236 915,1242 963,1239 963,1197 654,1174 512,1183"/>
                <Baseline points="522,1215 548,1217 574,1218 600,1218 626,1219 652,1221 679,1221 705,1221 731,1221 757,1222 783,1223 809,1224 836,1224 862,1224 888,1224 914,1224 940,1224 967,1224"/>
                <Word id="tr_1_tl_7_w1" custom="readingOrder {index:0;}">
                    <Coords points="518,1179 518,1239 736,1239 736,1179"/>
                    <TextEquiv>
                        <Unicode>TELEPHON</Unicode>
                    </TextEquiv>
                </Word>
                <Word id="tr_1_tl_7_w2" custom="readingOrder {index:1;}">
                    <Coords points="769,1184 769,1244 944,1244 944,1184"/>
                    <TextEquiv>
                        <Unicode>R-23-0-43</Unicode>
                    </TextEquiv>
                </Word>
                <TextEquiv>
                    <Unicode>TELEPHON R-23-0-43</Unicode>
                </TextEquiv>
            </TextLine>
            <TextLine id="tr_1_tl_8" custom="readingOrder {index:7;}">
                <Coords points="307,1367 369,1379 412,1364 472,1379 531,1367 639,1376 665,1368 663,1328 626,1314 560,1331 509,1305 426,1327 349,1313 305,1334"/>
                <Baseline points="316,1355 341,1355 366,1355 391,1357 416,1358 441,1358 466,1358 492,1358 517,1358 542,1358 567,1360 592,1361 617,1361 642,1361 668,1361"/>
                <Word id="tr_1_tl_8_w1" custom="readingOrder {index:0;}">
                    <Coords points="311,1318 311,1378 536,1378 536,1318"/>
                    <TextEquiv>
                        <Unicode>Ausschnitt</Unicode>
                    </TextEquiv>
                </Word>
                <Word id="tr_1_tl_8_w2" custom="readingOrder {index:1;}">
                    <Coords points="558,1321 558,1381 651,1381 651,1321"/>
                    <TextEquiv>
                        <Unicode>aus:</Unicode>
                    </TextEquiv>
                </Word>
                <TextEquiv>
                    <Unicode>Ausschnitt aus:</Unicode>
                </TextEquiv>
            </TextLine>
            <TextLine id="tr_1_tl_9" custom="readingOrder {index:8;}">
                <Coords points="723,1462 750,1459 770,1476 810,1453 848,1462 893,1445 1081,1436 1087,1367 1055,1359 1030,1376 944,1374 904,1399 862,1382 802,1405 731,1388"/>
                <Baseline points="734,1450 759,1448 784,1446 809,1445 834,1442 859,1439 884,1436 910,1433 935,1429 960,1426 985,1425 1010,1423 1035,1421 1060,1421 1086,1421"/>
                <Word id="tr_1_tl_9_w1" custom="readingOrder {index:0;}">
                    <Coords points="729,1404 729,1464 903,1464 903,1404"/>
                    <TextEquiv>
                        <Unicode>Kölnische</Unicode>
                    </TextEquiv>
                </Word>
                <Word id="tr_1_tl_9_w2" custom="readingOrder {index:1;}">
                    <Coords points="929,1384 929,1444 1061,1444 1061,1384"/>
                    <TextEquiv>
                        <Unicode>Zeitung</Unicode>
                    </TextEquiv>
                </Word>
                <TextEquiv>
                    <Unicode>Kölnische Zeitung</Unicode>
                </TextEquiv>
            </TextLine>
            <TextLine id="tr_1_tl_10" custom="readingOrder {index:9;}">
                <Coords points="791,1530 838,1526 873,1544 887,1530 1158,1535 1175,1527 1174,1450 1111,1468 1064,1459 1050,1472 969,1451 936,1465 790,1459"/>
                <Baseline points="800,1516 825,1518 850,1519 875,1519 901,1519 926,1519 951,1520 976,1522 1002,1522 1027,1522 1052,1522 1077,1522 1103,1522 1128,1522 1153,1522 1179,1525"/>
                <Word id="tr_1_tl_10_w1" custom="readingOrder {index:0;}">
                    <Coords points="798,1478 798,1538 881,1538 881,1478"/>
                    <TextEquiv>
                        <Unicode>22.</Unicode>
                    </TextEquiv>
                </Word>
                <Word id="tr_1_tl_10_w2" custom="readingOrder {index:1;}">
                    <Coords points="902,1481 902,1541 1032,1541 1032,1481"/>
                    <TextEquiv>
                        <Unicode>OKT.</Unicode>
                    </TextEquiv>
                </Word>
                <Word id="tr_1_tl_10_w3" custom="readingOrder {index:2;}">
                    <Coords points="1052,1482 1052,1542 1155,1542 1155,1482"/>
                    <TextEquiv>
                        <Unicode>1931</Unicode>
                    </TextEquiv>
                </Word>
                <TextEquiv>
                    <Unicode>22. OKT. 1931</Unicode>
                </TextEquiv>
            </TextLine>
            <TextLine id="tr_1_tl_11" custom="readingOrder {index:10;}">
                <Coords points="307,1603 332,1603 339,1609 372,1590 433,1595 432,1527 413,1529 401,1538 396,1535 386,1544 366,1530 358,1538 339,1530 327,1538 305,1527"/>
                <Baseline points="316,1579 346,1579 377,1580 407,1582 438,1582"/>
                <Word id="tr_1_tl_11_w1" custom="readingOrder {index:0;}">
                    <Coords points="311,1539 311,1599 424,1599 424,1539"/>
                    <TextEquiv>
                        <Unicode>vom:</Unicode>
                    </TextEquiv>
                </Word>
                <TextEquiv>
                    <Unicode>vom:</Unicode>
                </TextEquiv>
            </TextLine>
            <TextLine id="tr_1_tl_12" custom="readingOrder {index:11;}">
                <Coords points="494,1674 1145,1658 1134,1587 1032,1606 979,1586 819,1600 771,1576 720,1600 495,1595"/>
                <Baseline points="504,1647 536,1647 568,1647 600,1649 633,1649 665,1648 697,1650 729,1650 762,1651 794,1653 826,1651 858,1648 891,1647 923,1647 955,1647 987,1647 1020,1647 1052,1645 1084,1645 1116,1644 1149,1642"/>
                <Word id="tr_1_tl_12_w1" custom="readingOrder {index:0;}">
                    <Coords points="515,1609 515,1669 705,1669 705,1609"/>
                    <TextEquiv>
                        <Unicode>Arthur</Unicode>
                    </TextEquiv>
                </Word>
                <Word id="tr_1_tl_12_w2" custom="readingOrder {index:1;}">
                    <Coords points="749,1607 749,1667 1035,1667 1035,1607"/>
                    <TextEquiv>
                        <Unicode>Schnitzler</Unicode>
                    </TextEquiv>
                </Word>
                <Word id="tr_1_tl_12_w3" custom="readingOrder {index:2;}">
                    <Coords points="1068,1604 1068,1664 1141,1664 1141,1604"/>
                    <TextEquiv>
                        <Unicode>.</Unicode>
                    </TextEquiv>
                </Word>
                <TextEquiv>
                    <Unicode>Arthur Schnitzler .</Unicode>
                </TextEquiv>
            </TextLine>
            <TextLine id="tr_1_tl_13" custom="readingOrder {index:12;}">
                <Coords points="271,1731 1377,1720 1377,1678 1211,1647 987,1697 271,1677"/>
                <Baseline points="280,1722 335,1722 390,1719 445,1722 500,1722 555,1722 610,1722 665,1719 720,1719 775,1719 831,1719 886,1716 941,1716 996,1716 1051,1716 1106,1716 1161,1716 1216,1713 1271,1711 1326,1712 1382,1713"/>
                <Word id="tr_1_tl_13_w1" custom="readingOrder {index:0;}">
                    <Coords points="274,1679 274,1739 536,1739 536,1679"/>
                    <TextEquiv>
                        <Unicode>(Telegramm</Unicode>
                    </TextEquiv>
                </Word>
                <Word id="tr_1_tl_13_w2" custom="readingOrder {index:1;}">
                    <Coords points="585,1679 585,1739 729,1739 729,1679"/>
                    <TextEquiv>
                        <Unicode>unsers</Unicode>
                    </TextEquiv>
                </Word>
                <Word id="tr_1_tl_13_w3" custom="readingOrder {index:2;}">
                    <Coords points="758,1678 758,1738 908,1738 908,1678"/>
                    <TextEquiv>
                        <Unicode>eignen</Unicode>
                    </TextEquiv>
                </Word>
                <Word id="tr_1_tl_13_w4" custom="readingOrder {index:3;}">
                    <Coords points="944,1676 944,1736 1364,1736 1364,1676"/>
                    <TextEquiv>
                        <Unicode>Berichterstatters)</Unicode>
                    </TextEquiv>
                </Word>
                <TextEquiv>
                    <Unicode>(Telegramm unsers eignen Berichterstatters)</Unicode>
                </TextEquiv>
            </TextLine>
            <TextLine id="tr_1_tl_14" custom="readingOrder {index:13;}">
                <Coords points="973,1780 1248,1774 1266,1788 1293,1775 1328,1791 1404,1772 1404,1746 1336,1726 1248,1721 1138,1743 1086,1723 1020,1738 973,1726"/>
                <Baseline points="982,1767 1008,1769 1035,1770 1061,1770 1088,1770 1114,1770 1141,1770 1167,1770 1194,1770 1220,1769 1247,1767 1273,1769 1300,1770 1326,1768 1353,1768 1379,1770 1406,1767"/>
                <Word id="tr_1_tl_14_w1" custom="readingOrder {index:0;}">
                    <Coords points="973,1727 973,1787 988,1787 988,1727"/>
                    <TextEquiv>
                        <Unicode>*</Unicode>
                    </TextEquiv>
                </Word>
                <Word id="tr_1_tl_14_w2" custom="readingOrder {index:1;}">
                    <Coords points="1035,1730 1035,1790 1159,1790 1159,1730"/>
                    <TextEquiv>
                        <Unicode>Wien,</Unicode>
                    </TextEquiv>
                </Word>
                <Word id="tr_1_tl_14_w3" custom="readingOrder {index:2;}">
                    <Coords points="1185,1729 1185,1789 1231,1789 1231,1729"/>
                    <TextEquiv>
                        <Unicode>21.</Unicode>
                    </TextEquiv>
                </Word>
                <Word id="tr_1_tl_14_w4" custom="readingOrder {index:3;}">
                    <Coords points="1253,1728 1253,1788 1392,1788 1392,1728"/>
                    <TextEquiv>
                        <Unicode>Oktober.</Unicode>
                    </TextEquiv>
                </Word>
                <TextEquiv>
                    <Unicode>* Wien, 21. Oktober.</Unicode>
                </TextEquiv>
            </TextLine>
            <TextLine id="tr_1_tl_15" custom="readingOrder {index:14;}">
                <Coords points="245,1842 1435,1828 1436,1785 1297,1775 247,1791"/>
                <Baseline points="253,1824 312,1824 371,1821 430,1822 490,1824 549,1821 608,1824 668,1824 727,1821 786,1821 846,1821 905,1818 964,1819 1023,1819 1083,1818 1142,1815 1201,1817 1261,1818 1320,1817 1379,1817 1439,1815"/>
                <Word id="tr_1_tl_15_w1" custom="readingOrder {index:0;}">
                    <Coords points="248,1784 248,1844 355,1844 355,1784"/>
                    <TextEquiv>
                        <Unicode>Arthur</Unicode>
                    </TextEquiv>
                </Word>
                <Word id="tr_1_tl_15_w2" custom="readingOrder {index:1;}">
                    <Coords points="379,1782 379,1842 527,1842 527,1782"/>
                    <TextEquiv>
                        <Unicode>Schnitzler</Unicode>
                    </TextEquiv>
                </Word>
                <Word id="tr_1_tl_15_w3" custom="readingOrder {index:2;}">
                    <Coords points="556,1782 556,1842 588,1842 588,1782"/>
                    <TextEquiv>
                        <Unicode>ist</Unicode>
                    </TextEquiv>
                </Word>
                <Word id="tr_1_tl_15_w4" custom="readingOrder {index:3;}">
                    <Coords points="612,1784 612,1844 690,1844 690,1784"/>
                    <TextEquiv>
                        <Unicode>heute</Unicode>
                    </TextEquiv>
                </Word>
                <Word id="tr_1_tl_15_w5" custom="readingOrder {index:4;}">
                    <Coords points="719,1781 719,1841 802,1841 802,1781"/>
                    <TextEquiv>
                        <Unicode>abend</Unicode>
                    </TextEquiv>
                </Word>
                <Word id="tr_1_tl_15_w6" custom="readingOrder {index:5;}">
                    <Coords points="830,1781 830,1841 853,1841 853,1781"/>
                    <TextEquiv>
                        <Unicode>im</Unicode>
                    </TextEquiv>
                </Word>
                <Word id="tr_1_tl_15_w7" custom="readingOrder {index:6;}">
                    <Coords points="896,1778 896,1838 974,1838 974,1778"/>
                    <TextEquiv>
                        <Unicode>Alter</Unicode>
                    </TextEquiv>
                </Word>
                <Word id="tr_1_tl_15_w8" custom="readingOrder {index:7;}">
                    <Coords points="1003,1778 1003,1838 1053,1838 1053,1778"/>
                    <TextEquiv>
                        <Unicode>von</Unicode>
                    </TextEquiv>
                </Word>
                <Word id="tr_1_tl_15_w9" custom="readingOrder {index:8;}">
                    <Coords points="1082,1777 1082,1837 1114,1837 1114,1777"/>
                    <TextEquiv>
                        <Unicode>69</Unicode>
                    </TextEquiv>
                </Word>
                <Word id="tr_1_tl_15_w10" custom="readingOrder {index:9;}">
                    <Coords points="1147,1776 1147,1836 1254,1836 1254,1776"/>
                    <TextEquiv>
                        <Unicode>Jahren</Unicode>
                    </TextEquiv>
                </Word>
                <Word id="tr_1_tl_15_w11" custom="readingOrder {index:10;}">
                    <Coords points="1287,1777 1287,1837 1310,1837 1310,1777"/>
                    <TextEquiv>
                        <Unicode>in</Unicode>
                    </TextEquiv>
                </Word>
                <Word id="tr_1_tl_15_w12" custom="readingOrder {index:11;}">
                    <Coords points="1343,1776 1343,1836 1426,1836 1426,1776"/>
                    <TextEquiv>
                        <Unicode>seiner</Unicode>
                    </TextEquiv>
                </Word>
                <TextEquiv>
                    <Unicode>Arthur Schnitzler ist heute abend im Alter von 69 Jahren in seiner</Unicode>
                </TextEquiv>
            </TextLine>
            <TextLine id="tr_1_tl_16" custom="readingOrder {index:15;}">
                <Coords points="211,1882 1436,1873 1405,1825 366,1856 211,1826"/>
                <Baseline points="220,1868 284,1870 348,1870 412,1871 476,1871 540,1871 604,1868 669,1868 733,1868 797,1868 861,1865 925,1868 989,1865 1054,1865 1118,1865 1182,1865 1246,1865 1310,1865 1374,1863 1439,1862"/>
                <Word id="tr_1_tl_16_w1" custom="readingOrder {index:0;}">
                    <Coords points="210,1828 210,1888 281,1888 281,1828"/>
                    <TextEquiv>
                        <Unicode>Villa</Unicode>
                    </TextEquiv>
                </Word>
                <Word id="tr_1_tl_16_w2" custom="readingOrder {index:1;}">
                    <Coords points="315,1830 315,1890 338,1890 338,1830"/>
                    <TextEquiv>
                        <Unicode>in</Unicode>
                    </TextEquiv>
                </Word>
                <Word id="tr_1_tl_16_w3" custom="readingOrder {index:2;}">
                    <Coords points="377,1831 377,1891 496,1891 496,1831"/>
                    <TextEquiv>
                        <Unicode>Döbling</Unicode>
                    </TextEquiv>
                </Word>
                <Word id="tr_1_tl_16_w4" custom="readingOrder {index:3;}">
                    <Coords points="530,1830 530,1890 578,1890 578,1830"/>
                    <TextEquiv>
                        <Unicode>bei</Unicode>
                    </TextEquiv>
                </Word>
                <Word id="tr_1_tl_16_w5" custom="readingOrder {index:4;}">
                    <Coords points="607,1828 607,1888 683,1888 683,1828"/>
                    <TextEquiv>
                        <Unicode>Wien</Unicode>
                    </TextEquiv>
                </Word>
                <Word id="tr_1_tl_16_w6" custom="readingOrder {index:5;}">
                    <Coords points="722,1827 722,1887 913,1887 913,1827"/>
                    <TextEquiv>
                        <Unicode>überraschend</Unicode>
                    </TextEquiv>
                </Word>
                <Word id="tr_1_tl_16_w7" custom="readingOrder {index:6;}">
                    <Coords points="947,1826 947,1886 975,1886 975,1826"/>
                    <TextEquiv>
                        <Unicode>an</Unicode>
                    </TextEquiv>
                </Word>
                <Word id="tr_1_tl_16_w8" custom="readingOrder {index:7;}">
                    <Coords points="1014,1825 1014,1885 1243,1885 1243,1825"/>
                    <TextEquiv>
                        <Unicode>Gehirnblutung</Unicode>
                    </TextEquiv>
                </Word>
                <Word id="tr_1_tl_16_w9" custom="readingOrder {index:8;}">
                    <Coords points="1278,1823 1278,1883 1435,1883 1435,1823"/>
                    <TextEquiv>
                        <Unicode>gestorben.</Unicode>
                    </TextEquiv>
                </Word>
                <TextEquiv>
                    <Unicode>Villa in Döbling bei Wien überraschend an Gehirnblutung gestorben.</Unicode>
                </TextEquiv>
            </TextLine>
            <TextLine id="tr_1_tl_17" custom="readingOrder {index:16;}">
                <Coords points="208,1934 1435,1927 1410,1871 208,1882"/>
                <Baseline points="217,1922 278,1919 339,1919 400,1919 461,1917 522,1917 583,1919 644,1919 705,1917 766,1916 828,1916 889,1916 950,1916 1011,1915 1072,1913 1133,1913 1194,1911 1255,1913 1316,1911 1377,1913 1439,1913"/>
                <Word id="tr_1_tl_17_w1" custom="readingOrder {index:0;}">
                    <Coords points="207,1881 207,1941 243,1941 243,1881"/>
                    <TextEquiv>
                        <Unicode>In</Unicode>
                    </TextEquiv>
                </Word>
                <Word id="tr_1_tl_17_w2" custom="readingOrder {index:1;}">
                    <Coords points="277,1879 277,1939 323,1939 323,1879"/>
                    <TextEquiv>
                        <Unicode>den</Unicode>
                    </TextEquiv>
                </Word>
                <Word id="tr_1_tl_17_w3" custom="readingOrder {index:2;}">
                    <Coords points="356,1879 356,1939 444,1939 444,1879"/>
                    <TextEquiv>
                        <Unicode>letzten</Unicode>
                    </TextEquiv>
                </Word>
                <Word id="tr_1_tl_17_w4" custom="readingOrder {index:3;}">
                    <Coords points="477,1877 477,1937 546,1937 546,1877"/>
                    <TextEquiv>
                        <Unicode>zwei</Unicode>
                    </TextEquiv>
                </Word>
                <Word id="tr_1_tl_17_w5" custom="readingOrder {index:4;}">
                    <Coords points="570,1879 570,1939 672,1939 672,1879"/>
                    <TextEquiv>
                        <Unicode>Jahren</Unicode>
                    </TextEquiv>
                </Word>
                <Word id="tr_1_tl_17_w6" custom="readingOrder {index:5;}">
                    <Coords points="705,1876 705,1936 751,1936 751,1876"/>
                    <TextEquiv>
                        <Unicode>hat</Unicode>
                    </TextEquiv>
                </Word>
                <Word id="tr_1_tl_17_w7" custom="readingOrder {index:6;}">
                    <Coords points="779,1876 779,1936 806,1936 806,1876"/>
                    <TextEquiv>
                        <Unicode>er</Unicode>
                    </TextEquiv>
                </Word>
                <Word id="tr_1_tl_17_w8" custom="readingOrder {index:7;}">
                    <Coords points="835,1876 835,1936 909,1936 909,1876"/>
                    <TextEquiv>
                        <Unicode>wohl</Unicode>
                    </TextEquiv>
                </Word>
                <Word id="tr_1_tl_17_w9" custom="readingOrder {index:8;}">
                    <Coords points="933,1874 933,1934 1104,1934 1104,1874"/>
                    <TextEquiv>
                        <Unicode>gelegentlich</Unicode>
                    </TextEquiv>
                </Word>
                <Word id="tr_1_tl_17_w10" custom="readingOrder {index:9;}">
                    <Coords points="1137,1871 1137,1931 1202,1931 1202,1871"/>
                    <TextEquiv>
                        <Unicode>über</Unicode>
                    </TextEquiv>
                </Word>
                <Word id="tr_1_tl_17_w11" custom="readingOrder {index:10;}">
                    <Coords points="1230,1871 1230,1931 1421,1931 1421,1871"/>
                    <TextEquiv>
                        <Unicode>Beschwerden</Unicode>
                    </TextEquiv>
                </Word>
                <TextEquiv>
                    <Unicode>In den letzten zwei Jahren hat er wohl gelegentlich über Beschwerden</Unicode>
                </TextEquiv>
            </TextLine>
            <TextLine id="tr_1_tl_18" custom="readingOrder {index:17;}">
                <Coords points="214,1985 1439,1973 1404,1919 214,1931"/>
                <Baseline points="223,1973 283,1970 344,1970 405,1965 466,1966 527,1966 588,1967 649,1964 710,1966 771,1964 832,1964 892,1964 953,1964 1014,1964 1075,1964 1136,1961 1197,1961 1258,1958 1319,1961 1380,1961 1441,1964"/>
                <Word id="tr_1_tl_18_w1" custom="readingOrder {index:0;}">
                    <Coords points="213,1930 213,1990 328,1990 328,1930"/>
                    <TextEquiv>
                        <Unicode>geklagt,</Unicode>
                    </TextEquiv>
                </Word>
                <Word id="tr_1_tl_18_w2" custom="readingOrder {index:1;}">
                    <Coords points="362,1927 362,1987 394,1987 394,1927"/>
                    <TextEquiv>
                        <Unicode>ist</Unicode>
                    </TextEquiv>
                </Word>
                <Word id="tr_1_tl_18_w3" custom="readingOrder {index:2;}">
                    <Coords points="427,1925 427,1985 487,1985 487,1925"/>
                    <TextEquiv>
                        <Unicode>aber</Unicode>
                    </TextEquiv>
                </Word>
                <Word id="tr_1_tl_18_w4" custom="readingOrder {index:3;}">
                    <Coords points="520,1926 520,1986 641,1986 641,1926"/>
                    <TextEquiv>
                        <Unicode>niemals</Unicode>
                    </TextEquiv>
                </Word>
                <Word id="tr_1_tl_18_w5" custom="readingOrder {index:4;}">
                    <Coords points="679,1924 679,1984 813,1984 813,1924"/>
                    <TextEquiv>
                        <Unicode>eigentlich</Unicode>
                    </TextEquiv>
                </Word>
                <Word id="tr_1_tl_18_w6" custom="readingOrder {index:5;}">
                    <Coords points="852,1924 852,1984 930,1984 930,1924"/>
                    <TextEquiv>
                        <Unicode>krank</Unicode>
                    </TextEquiv>
                </Word>
                <Word id="tr_1_tl_18_w7" custom="readingOrder {index:6;}">
                    <Coords points="968,1924 968,1984 1103,1984 1103,1924"/>
                    <TextEquiv>
                        <Unicode>gewesen.</Unicode>
                    </TextEquiv>
                </Word>
                <Word id="tr_1_tl_18_w8" custom="readingOrder {index:7;}">
                    <Coords points="1150,1921 1150,1981 1243,1981 1243,1921"/>
                    <TextEquiv>
                        <Unicode>Heute</Unicode>
                    </TextEquiv>
                </Word>
                <Word id="tr_1_tl_18_w9" custom="readingOrder {index:8;}">
                    <Coords points="1281,1921 1281,1981 1424,1981 1424,1921"/>
                    <TextEquiv>
                        <Unicode>vormittag</Unicode>
                    </TextEquiv>
                </Word>
                <TextEquiv>
                    <Unicode>geklagt, ist aber niemals eigentlich krank gewesen. Heute vormittag</Unicode>
                </TextEquiv>
            </TextLine>
            <TextLine id="tr_1_tl_19" custom="readingOrder {index:18;}">
                <Coords points="199,2022 1435,2019 1411,1970 199,1996"/>
                <Baseline points="208,2015 269,2018 331,2017 392,2015 454,2015 515,2015 577,2017 638,2015 700,2015 761,2012 823,2013 885,2015 946,2012 1008,2012 1069,2012 1131,2012 1192,2009 1254,2009 1315,2009 1377,2009 1439,2009"/>
                <Word id="tr_1_tl_19_w1" custom="readingOrder {index:0;}">
                    <Coords points="202,1977 202,2037 313,2037 313,1977"/>
                    <TextEquiv>
                        <Unicode>machte</Unicode>
                    </TextEquiv>
                </Word>
                <Word id="tr_1_tl_19_w2" custom="readingOrder {index:1;}">
                    <Coords points="337,1976 337,2036 360,2036 360,1976"/>
                    <TextEquiv>
                        <Unicode>er</Unicode>
                    </TextEquiv>
                </Word>
                <Word id="tr_1_tl_19_w3" custom="readingOrder {index:2;}">
                    <Coords points="383,1975 383,2035 458,2035 458,1975"/>
                    <TextEquiv>
                        <Unicode>einen</Unicode>
                    </TextEquiv>
                </Word>
                <Word id="tr_1_tl_19_w4" custom="readingOrder {index:3;}">
                    <Coords points="486,1976 486,2036 680,2036 680,1976"/>
                    <TextEquiv>
                        <Unicode>Spaziergang</Unicode>
                    </TextEquiv>
                </Word>
                <Word id="tr_1_tl_19_w5" custom="readingOrder {index:4;}">
                    <Coords points="709,1973 709,2033 755,2033 755,1973"/>
                    <TextEquiv>
                        <Unicode>und</Unicode>
                    </TextEquiv>
                </Word>
                <Word id="tr_1_tl_19_w6" custom="readingOrder {index:5;}">
                    <Coords points="784,1973 784,2033 867,2033 867,1973"/>
                    <TextEquiv>
                        <Unicode>kehrte</Unicode>
                    </TextEquiv>
                </Word>
                <Word id="tr_1_tl_19_w7" custom="readingOrder {index:6;}">
                    <Coords points="890,1972 890,2032 969,2032 969,1972"/>
                    <TextEquiv>
                        <Unicode>gegen</Unicode>
                    </TextEquiv>
                </Word>
                <Word id="tr_1_tl_19_w8" custom="readingOrder {index:7;}">
                    <Coords points="998,1972 998,2032 1030,2032 1030,1972"/>
                    <TextEquiv>
                        <Unicode>11</Unicode>
                    </TextEquiv>
                </Word>
                <Word id="tr_1_tl_19_w9" custom="readingOrder {index:8;}">
                    <Coords points="1058,1972 1058,2032 1109,2032 1109,1972"/>
                    <TextEquiv>
                        <Unicode>Uhr</Unicode>
                    </TextEquiv>
                </Word>
                <Word id="tr_1_tl_19_w10" custom="readingOrder {index:9;}">
                    <Coords points="1132,1970 1132,2030 1193,2030 1193,1970"/>
                    <TextEquiv>
                        <Unicode>nach</Unicode>
                    </TextEquiv>
                </Word>
                <Word id="tr_1_tl_19_w11" custom="readingOrder {index:10;}">
                    <Coords points="1217,1969 1217,2029 1309,2029 1309,1969"/>
                    <TextEquiv>
                        <Unicode>Hause</Unicode>
                    </TextEquiv>
                </Word>
                <Word id="tr_1_tl_19_w12" custom="readingOrder {index:11;}">
                    <Coords points="1333,1969 1333,2029 1434,2029 1434,1969"/>
                    <TextEquiv>
                        <Unicode>zurück.</Unicode>
                    </TextEquiv>
                </Word>
                <TextEquiv>
                    <Unicode>machte er einen Spaziergang und kehrte gegen 11 Uhr nach Hause zurück.</Unicode>
                </TextEquiv>
            </TextLine>
            <TextLine id="tr_1_tl_20" custom="readingOrder {index:19;}">
                <Coords points="211,2084 1431,2075 1431,2016 211,2028"/>
                <Baseline points="220,2062 280,2063 341,2065 402,2062 463,2064 524,2062 584,2062 645,2062 706,2062 767,2059 828,2059 888,2059 949,2059 1010,2059 1071,2059 1132,2057 1192,2058 1253,2057 1314,2057 1375,2057 1436,2057"/>
                <Word id="tr_1_tl_20_w1" custom="readingOrder {index:0;}">
                    <Coords points="215,2022 215,2082 252,2082 252,2022"/>
                    <TextEquiv>
                        <Unicode>Um</Unicode>
                    </TextEquiv>
                </Word>
                <Word id="tr_1_tl_20_w2" custom="readingOrder {index:1;}">
                    <Coords points="291,2024 291,2084 367,2084 367,2024"/>
                    <TextEquiv>
                        <Unicode>11,15</Unicode>
                    </TextEquiv>
                </Word>
                <Word id="tr_1_tl_20_w3" custom="readingOrder {index:2;}">
                    <Coords points="401,2022 401,2082 458,2082 458,2022"/>
                    <TextEquiv>
                        <Unicode>Uhr</Unicode>
                    </TextEquiv>
                </Word>
                <Word id="tr_1_tl_20_w4" custom="readingOrder {index:3;}">
                    <Coords points="483,2022 483,2082 544,2082 544,2022"/>
                    <TextEquiv>
                        <Unicode>fand</Unicode>
                    </TextEquiv>
                </Word>
                <Word id="tr_1_tl_20_w5" custom="readingOrder {index:4;}">
                    <Coords points="578,2022 578,2082 616,2082 616,2022"/>
                    <TextEquiv>
                        <Unicode>ihn</Unicode>
                    </TextEquiv>
                </Word>
                <Word id="tr_1_tl_20_w6" custom="readingOrder {index:5;}">
                    <Coords points="650,2022 650,2082 721,2082 721,2022"/>
                    <TextEquiv>
                        <Unicode>seine</Unicode>
                    </TextEquiv>
                </Word>
                <Word id="tr_1_tl_20_w7" custom="readingOrder {index:6;}">
                    <Coords points="746,2019 746,2079 903,2079 903,2019"/>
                    <TextEquiv>
                        <Unicode>Sekretärin</Unicode>
                    </TextEquiv>
                </Word>
                <Word id="tr_1_tl_20_w8" custom="readingOrder {index:7;}">
                    <Coords points="933,2019 933,2079 1090,2079 1090,2019"/>
                    <TextEquiv>
                        <Unicode>bewußtlos</Unicode>
                    </TextEquiv>
                </Word>
                <Word id="tr_1_tl_20_w9" custom="readingOrder {index:8;}">
                    <Coords points="1124,2017 1124,2077 1152,2077 1152,2017"/>
                    <TextEquiv>
                        <Unicode>am</Unicode>
                    </TextEquiv>
                </Word>
                <Word id="tr_1_tl_20_w10" custom="readingOrder {index:9;}">
                    <Coords points="1196,2017 1196,2077 1291,2077 1291,2017"/>
                    <TextEquiv>
                        <Unicode>Boden</Unicode>
                    </TextEquiv>
                </Word>
                <Word id="tr_1_tl_20_w11" custom="readingOrder {index:10;}">
                    <Coords points="1325,2017 1325,2077 1425,2077 1425,2017"/>
                    <TextEquiv>
                        <Unicode>liegend</Unicode>
                    </TextEquiv>
                </Word>
                <TextEquiv>
                    <Unicode>Um 11,15 Uhr fand ihn seine Sekretärin bewußtlos am Boden liegend</Unicode>
                </TextEquiv>
            </TextLine>
            <TextLine id="tr_1_tl_21" custom="readingOrder {index:20;}">
                <Coords points="211,2124 1436,2119 1436,2075 1357,2068 211,2082"/>
                <Baseline points="220,2113 284,2113 348,2113 412,2113 476,2113 540,2110 604,2113 669,2113 733,2112 797,2110 861,2110 925,2110 989,2110 1054,2107 1118,2107 1182,2107 1246,2107 1310,2104 1374,2105 1439,2104"/>
                <Word id="tr_1_tl_21_w1" custom="readingOrder {index:0;}">
                    <Coords points="215,2073 215,2133 276,2133 276,2073"/>
                    <TextEquiv>
                        <Unicode>vor.</Unicode>
                    </TextEquiv>
                </Word>
                <Word id="tr_1_tl_21_w2" custom="readingOrder {index:1;}">
                    <Coords points="315,2073 315,2133 463,2133 463,2073"/>
                    <TextEquiv>
                        <Unicode>Schnitzler</Unicode>
                    </TextEquiv>
                </Word>
                <Word id="tr_1_tl_21_w3" custom="readingOrder {index:2;}">
                    <Coords points="492,2071 492,2131 535,2131 535,2071"/>
                    <TextEquiv>
                        <Unicode>hat</Unicode>
                    </TextEquiv>
                </Word>
                <Word id="tr_1_tl_21_w4" custom="readingOrder {index:3;}">
                    <Coords points="560,2073 560,2133 654,2133 654,2073"/>
                    <TextEquiv>
                        <Unicode>seitdem</Unicode>
                    </TextEquiv>
                </Word>
                <Word id="tr_1_tl_21_w5" custom="readingOrder {index:4;}">
                    <Coords points="698,2072 698,2132 746,2132 746,2072"/>
                    <TextEquiv>
                        <Unicode>das</Unicode>
                    </TextEquiv>
                </Word>
                <Word id="tr_1_tl_21_w6" custom="readingOrder {index:5;}">
                    <Coords points="775,2070 775,2130 952,2130 952,2070"/>
                    <TextEquiv>
                        <Unicode>Bewußtsein</Unicode>
                    </TextEquiv>
                </Word>
                <Word id="tr_1_tl_21_w7" custom="readingOrder {index:6;}">
                    <Coords points="986,2068 986,2128 1052,2128 1052,2068"/>
                    <TextEquiv>
                        <Unicode>nicht</Unicode>
                    </TextEquiv>
                </Word>
                <Word id="tr_1_tl_21_w8" custom="readingOrder {index:7;}">
                    <Coords points="1076,2067 1076,2127 1306,2127 1306,2067"/>
                    <TextEquiv>
                        <Unicode>wiedererlangt.</Unicode>
                    </TextEquiv>
                </Word>
                <Word id="tr_1_tl_21_w9" custom="readingOrder {index:8;}">
                    <Coords points="1335,2064 1335,2124 1425,2124 1425,2064"/>
                    <TextEquiv>
                        <Unicode>Gegen</Unicode>
                    </TextEquiv>
                </Word>
                <TextEquiv>
                    <Unicode>vor. Schnitzler hat seitdem das Bewußtsein nicht wiedererlangt. Gegen</Unicode>
                </TextEquiv>
            </TextLine>
            <TextLine id="tr_1_tl_22" custom="readingOrder {index:21;}">
                <Coords points="208,2163 1438,2167 1424,2115 208,2127"/>
                <Baseline points="217,2161 278,2161 339,2159 400,2161 461,2161 523,2161 584,2161 645,2159 706,2159 767,2161 829,2158 890,2158 951,2158 1012,2158 1073,2158 1135,2158 1196,2156 1257,2155 1318,2155 1379,2155 1441,2155"/>
                <Word id="tr_1_tl_22_w1" custom="readingOrder {index:0;}">
                    <Coords points="213,2121 213,2181 308,2181 308,2121"/>
                    <TextEquiv>
                        <Unicode>Abend</Unicode>
                    </TextEquiv>
                </Word>
                <Word id="tr_1_tl_22_w2" custom="readingOrder {index:1;}">
                    <Coords points="333,2119 333,2179 388,2179 388,2119"/>
                    <TextEquiv>
                        <Unicode>trat</Unicode>
                    </TextEquiv>
                </Word>
                <Word id="tr_1_tl_22_w3" custom="readingOrder {index:2;}">
                    <Coords points="414,2121 414,2181 630,2181 630,2121"/>
                    <TextEquiv>
                        <Unicode>Atemlähmung</Unicode>
                    </TextEquiv>
                </Word>
                <Word id="tr_1_tl_22_w4" custom="readingOrder {index:3;}">
                    <Coords points="661,2119 661,2179 721,2179 721,2119"/>
                    <TextEquiv>
                        <Unicode>ein,</Unicode>
                    </TextEquiv>
                </Word>
                <Word id="tr_1_tl_22_w5" custom="readingOrder {index:4;}">
                    <Coords points="741,2120 741,2180 776,2180 776,2120"/>
                    <TextEquiv>
                        <Unicode>die</Unicode>
                    </TextEquiv>
                </Word>
                <Word id="tr_1_tl_22_w6" custom="readingOrder {index:5;}">
                    <Coords points="802,2118 802,2178 872,2178 872,2118"/>
                    <TextEquiv>
                        <Unicode>dann</Unicode>
                    </TextEquiv>
                </Word>
                <Word id="tr_1_tl_22_w7" custom="readingOrder {index:6;}">
                    <Coords points="903,2118 903,2178 948,2178 948,2118"/>
                    <TextEquiv>
                        <Unicode>zum</Unicode>
                    </TextEquiv>
                </Word>
                <Word id="tr_1_tl_22_w8" custom="readingOrder {index:7;}">
                    <Coords points="988,2118 988,2178 1063,2178 1063,2118"/>
                    <TextEquiv>
                        <Unicode>Tode</Unicode>
                    </TextEquiv>
                </Word>
                <Word id="tr_1_tl_22_w9" custom="readingOrder {index:8;}">
                    <Coords points="1084,2117 1084,2177 1195,2177 1195,2117"/>
                    <TextEquiv>
                        <Unicode>führte.</Unicode>
                    </TextEquiv>
                </Word>
                <Word id="tr_1_tl_22_w10" custom="readingOrder {index:9;}">
                    <Coords points="1231,2115 1231,2175 1275,2175 1275,2115"/>
                    <TextEquiv>
                        <Unicode>Er</Unicode>
                    </TextEquiv>
                </Word>
                <Word id="tr_1_tl_22_w11" custom="readingOrder {index:10;}">
                    <Coords points="1296,2115 1296,2175 1346,2175 1346,2115"/>
                    <TextEquiv>
                        <Unicode>hat</Unicode>
                    </TextEquiv>
                </Word>
                <Word id="tr_1_tl_22_w12" custom="readingOrder {index:11;}">
                    <Coords points="1371,2115 1371,2175 1436,2175 1436,2115"/>
                    <TextEquiv>
                        <Unicode>nicht</Unicode>
                    </TextEquiv>
                </Word>
                <TextEquiv>
                    <Unicode>Abend trat Atemlähmung ein, die dann zum Tode führte. Er hat nicht</Unicode>
                </TextEquiv>
            </TextLine>
            <TextLine id="tr_1_tl_23" custom="readingOrder {index:22;}">
                <Coords points="214,2227 1259,2235 1439,2220 1441,2167 216,2169"/>
                <Baseline points="223,2215 283,2209 344,2211 405,2209 466,2212 527,2212 588,2209 649,2211 710,2209 771,2209 832,2209 892,2209 953,2209 1014,2209 1075,2209 1136,2206 1197,2206 1258,2206 1319,2205 1380,2203 1441,2203"/>
                <Word id="tr_1_tl_23_w1" custom="readingOrder {index:0;}">
                    <Coords points="214,2174 214,2234 238,2234 238,2174"/>
                    <TextEquiv>
                        <Unicode>zu</Unicode>
                    </TextEquiv>
                </Word>
                <Word id="tr_1_tl_23_w2" custom="readingOrder {index:1;}">
                    <Coords points="274,2170 274,2230 359,2230 359,2170"/>
                    <TextEquiv>
                        <Unicode>leiden</Unicode>
                    </TextEquiv>
                </Word>
                <Word id="tr_1_tl_23_w3" custom="readingOrder {index:2;}">
                    <Coords points="395,2172 395,2232 546,2232 546,2172"/>
                    <TextEquiv>
                        <Unicode>brauchen;</Unicode>
                    </TextEquiv>
                </Word>
                <Word id="tr_1_tl_23_w4" custom="readingOrder {index:3;}">
                    <Coords points="577,2170 577,2230 662,2230 662,2170"/>
                    <TextEquiv>
                        <Unicode>seines</Unicode>
                    </TextEquiv>
                </Word>
                <Word id="tr_1_tl_23_w5" custom="readingOrder {index:4;}">
                    <Coords points="698,2169 698,2229 783,2229 783,2169"/>
                    <TextEquiv>
                        <Unicode>nahen</Unicode>
                    </TextEquiv>
                </Word>
                <Word id="tr_1_tl_23_w6" custom="readingOrder {index:5;}">
                    <Coords points="819,2169 819,2229 909,2229 909,2169"/>
                    <TextEquiv>
                        <Unicode>Todes</Unicode>
                    </TextEquiv>
                </Word>
                <Word id="tr_1_tl_23_w7" custom="readingOrder {index:6;}">
                    <Coords points="945,2169 945,2229 980,2229 980,2169"/>
                    <TextEquiv>
                        <Unicode>ist</Unicode>
                    </TextEquiv>
                </Word>
                <Word id="tr_1_tl_23_w8" custom="readingOrder {index:7;}">
                    <Coords points="1006,2169 1006,2229 1036,2229 1036,2169"/>
                    <TextEquiv>
                        <Unicode>er</Unicode>
                    </TextEquiv>
                </Word>
                <Word id="tr_1_tl_23_w9" custom="readingOrder {index:8;}">
                    <Coords points="1067,2168 1067,2228 1106,2228 1106,2168"/>
                    <TextEquiv>
                        <Unicode>sich</Unicode>
                    </TextEquiv>
                </Word>
                <Word id="tr_1_tl_23_w10" custom="readingOrder {index:9;}">
                    <Coords points="1147,2166 1147,2226 1232,2226 1232,2166"/>
                    <TextEquiv>
                        <Unicode>keinen</Unicode>
                    </TextEquiv>
                </Word>
                <Word id="tr_1_tl_23_w11" custom="readingOrder {index:10;}">
                    <Coords points="1274,2163 1274,2223 1439,2223 1439,2163"/>
                    <TextEquiv>
                        <Unicode>Augenblick</Unicode>
                    </TextEquiv>
                </Word>
                <TextEquiv>
                    <Unicode>zu leiden brauchen; seines nahen Todes ist er sich keinen Augenblick</Unicode>
                </TextEquiv>
            </TextLine>
            <TextLine id="tr_1_tl_24" custom="readingOrder {index:23;}">
                <Coords points="211,2278 268,2283 296,2269 381,2283 426,2266 447,2283 472,2283 506,2267 506,2229 211,2227"/>
                <Baseline points="220,2257 246,2259 272,2260 299,2258 325,2257 351,2257 378,2257 404,2257 430,2257 457,2258 483,2260 510,2257"/>
                <Word id="tr_1_tl_24_w1" custom="readingOrder {index:0;}">
                    <Coords points="215,2219 215,2279 330,2279 330,2219"/>
                    <TextEquiv>
                        <Unicode>bewußt</Unicode>
                    </TextEquiv>
                </Word>
                <Word id="tr_1_tl_24_w2" custom="readingOrder {index:1;}">
                    <Coords points="360,2217 360,2277 495,2277 495,2217"/>
                    <TextEquiv>
                        <Unicode>gewesen.</Unicode>
                    </TextEquiv>
                </Word>
                <TextEquiv>
                    <Unicode>bewußt gewesen.</Unicode>
                </TextEquiv>
            </TextLine>
            <TextLine id="tr_1_tl_25" custom="readingOrder {index:24;}">
                <Coords points="332,2377 1402,2371 1441,2366 1442,2317 333,2325"/>
                <Baseline points="340,2358 395,2361 450,2361 505,2364 560,2361 616,2362 671,2364 726,2361 781,2359 836,2360 892,2358 947,2361 1002,2361 1057,2358 1112,2358 1168,2358 1223,2355 1278,2358 1333,2358 1388,2356 1444,2355"/>
                <Word id="tr_1_tl_25_w1" custom="readingOrder {index:0;}">
                    <Coords points="336,2318 336,2378 373,2378 373,2318"/>
                    <TextEquiv>
                        <Unicode>Es</Unicode>
                    </TextEquiv>
                </Word>
                <Word id="tr_1_tl_25_w2" custom="readingOrder {index:1;}">
                    <Coords points="407,2321 407,2381 440,2381 440,2321"/>
                    <TextEquiv>
                        <Unicode>ist</Unicode>
                    </TextEquiv>
                </Word>
                <Word id="tr_1_tl_25_w3" custom="readingOrder {index:2;}">
                    <Coords points="465,2323 465,2383 521,2383 521,2323"/>
                    <TextEquiv>
                        <Unicode>eine</Unicode>
                    </TextEquiv>
                </Word>
                <Word id="tr_1_tl_25_w4" custom="readingOrder {index:3;}">
                    <Coords points="551,2323 551,2383 761,2383 761,2323"/>
                    <TextEquiv>
                        <Unicode>Grausamkeit</Unicode>
                    </TextEquiv>
                </Word>
                <Word id="tr_1_tl_25_w5" custom="readingOrder {index:4;}">
                    <Coords points="786,2319 786,2379 833,2379 833,2319"/>
                    <TextEquiv>
                        <Unicode>des</Unicode>
                    </TextEquiv>
                </Word>
                <Word id="tr_1_tl_25_w6" custom="readingOrder {index:5;}">
                    <Coords points="862,2321 862,2381 1034,2381 1034,2321"/>
                    <TextEquiv>
                        <Unicode>Schicksals,</Unicode>
                    </TextEquiv>
                </Word>
                <Word id="tr_1_tl_25_w7" custom="readingOrder {index:6;}">
                    <Coords points="1054,2318 1054,2378 1101,2378 1101,2318"/>
                    <TextEquiv>
                        <Unicode>daß</Unicode>
                    </TextEquiv>
                </Word>
                <Word id="tr_1_tl_25_w8" custom="readingOrder {index:7;}">
                    <Coords points="1135,2318 1135,2378 1163,2378 1163,2318"/>
                    <TextEquiv>
                        <Unicode>es</Unicode>
                    </TextEquiv>
                </Word>
                <Word id="tr_1_tl_25_w9" custom="readingOrder {index:8;}">
                    <Coords points="1192,2315 1192,2375 1240,2375 1240,2315"/>
                    <TextEquiv>
                        <Unicode>dem</Unicode>
                    </TextEquiv>
                </Word>
                <Word id="tr_1_tl_25_w10" custom="readingOrder {index:9;}">
                    <Coords points="1284,2318 1284,2378 1364,2378 1364,2318"/>
                    <TextEquiv>
                        <Unicode>durch</Unicode>
                    </TextEquiv>
                </Word>
                <Word id="tr_1_tl_25_w11" custom="readingOrder {index:10;}">
                    <Coords points="1394,2315 1394,2375 1436,2375 1436,2315"/>
                    <TextEquiv>
                        <Unicode>die</Unicode>
                    </TextEquiv>
                </Word>
                <TextEquiv>
                    <Unicode>Es ist eine Grausamkeit des Schicksals, daß es dem durch die</Unicode>
                </TextEquiv>
            </TextLine>
            <TextLine id="tr_1_tl_26" custom="readingOrder {index:25;}">
                <Coords points="217,2416 1447,2396 1447,2363 1279,2355 441,2380 302,2326 217,2345"/>
                <Baseline points="226,2400 287,2403 348,2403 409,2401 470,2400 532,2400 593,2400 654,2400 715,2400 776,2400 838,2399 899,2399 960,2397 1021,2397 1082,2397 1144,2394 1205,2397 1266,2394 1327,2396 1388,2394 1450,2391"/>
                <Word id="tr_1_tl_26_w1" custom="readingOrder {index:0;}">
                    <Coords points="225,2363 225,2423 445,2423 445,2363"/>
                    <TextEquiv>
                        <Unicode>wirtschaftliche</Unicode>
                    </TextEquiv>
                </Word>
                <Word id="tr_1_tl_26_w2" custom="readingOrder {index:1;}">
                    <Coords points="471,2360 471,2420 532,2420 532,2360"/>
                    <TextEquiv>
                        <Unicode>Not</Unicode>
                    </TextEquiv>
                </Word>
                <Word id="tr_1_tl_26_w3" custom="readingOrder {index:2;}">
                    <Coords points="557,2360 557,2420 581,2420 581,2360"/>
                    <TextEquiv>
                        <Unicode>in</Unicode>
                    </TextEquiv>
                </Word>
                <Word id="tr_1_tl_26_w4" custom="readingOrder {index:3;}">
                    <Coords points="612,2360 612,2420 704,2420 704,2360"/>
                    <TextEquiv>
                        <Unicode>seinen</Unicode>
                    </TextEquiv>
                </Word>
                <Word id="tr_1_tl_26_w5" custom="readingOrder {index:4;}">
                    <Coords points="736,2359 736,2419 944,2419 944,2359"/>
                    <TextEquiv>
                        <Unicode>Kulturgütern</Unicode>
                    </TextEquiv>
                </Word>
                <Word id="tr_1_tl_26_w6" custom="readingOrder {index:5;}">
                    <Coords points="976,2357 976,2417 1000,2417 1000,2357"/>
                    <TextEquiv>
                        <Unicode>so</Unicode>
                    </TextEquiv>
                </Word>
                <Word id="tr_1_tl_26_w7" custom="readingOrder {index:6;}">
                    <Coords points="1031,2357 1031,2417 1129,2417 1129,2357"/>
                    <TextEquiv>
                        <Unicode>schwer</Unicode>
                    </TextEquiv>
                </Word>
                <Word id="tr_1_tl_26_w8" custom="readingOrder {index:7;}">
                    <Coords points="1160,2355 1160,2415 1314,2415 1314,2355"/>
                    <TextEquiv>
                        <Unicode>bedrohten</Unicode>
                    </TextEquiv>
                </Word>
                <Word id="tr_1_tl_26_w9" custom="readingOrder {index:8;}">
                    <Coords points="1345,2353 1345,2413 1437,2413 1437,2353"/>
                    <TextEquiv>
                        <Unicode>Öster¬</Unicode>
                    </TextEquiv>
                </Word>
                <TextEquiv>
                    <Unicode>wirtschaftliche Not in seinen Kulturgütern so schwer bedrohten Öster¬</Unicode>
                </TextEquiv>
            </TextLine>
            <TextLine id="tr_1_tl_27" custom="readingOrder {index:26;}">
                <Coords points="217,2453 1447,2440 1447,2396 217,2416"/>
                <Baseline points="226,2439 287,2442 348,2442 409,2440 470,2439 532,2439 593,2439 654,2439 715,2439 776,2439 838,2437 899,2437 960,2436 1021,2436 1082,2436 1144,2433 1205,2435 1266,2433 1327,2433 1388,2433 1450,2433"/>
                <Word id="tr_1_tl_27_w1" custom="readingOrder {index:0;}">
                    <Coords points="221,2400 221,2460 287,2460 287,2400"/>
                    <TextEquiv>
                        <Unicode>reich</Unicode>
                    </TextEquiv>
                </Word>
                <Word id="tr_1_tl_27_w2" custom="readingOrder {index:1;}">
                    <Coords points="316,2402 316,2462 378,2462 378,2402"/>
                    <TextEquiv>
                        <Unicode>auch</Unicode>
                    </TextEquiv>
                </Word>
                <Word id="tr_1_tl_27_w3" custom="readingOrder {index:2;}">
                    <Coords points="412,2399 412,2459 474,2459 474,2399"/>
                    <TextEquiv>
                        <Unicode>noch</Unicode>
                    </TextEquiv>
                </Word>
                <Word id="tr_1_tl_27_w4" custom="readingOrder {index:3;}">
                    <Coords points="503,2399 503,2459 545,2459 545,2399"/>
                    <TextEquiv>
                        <Unicode>die</Unicode>
                    </TextEquiv>
                </Word>
                <Word id="tr_1_tl_27_w5" custom="readingOrder {index:4;}">
                    <Coords points="570,2399 570,2459 780,2459 780,2399"/>
                    <TextEquiv>
                        <Unicode>schöpferischen</Unicode>
                    </TextEquiv>
                </Word>
                <Word id="tr_1_tl_27_w6" custom="readingOrder {index:5;}">
                    <Coords points="819,2396 819,2456 1025,2456 1025,2396"/>
                    <TextEquiv>
                        <Unicode>künstlerischen</Unicode>
                    </TextEquiv>
                </Word>
                <Word id="tr_1_tl_27_w7" custom="readingOrder {index:6;}">
                    <Coords points="1059,2394 1059,2454 1159,2454 1159,2394"/>
                    <TextEquiv>
                        <Unicode>Kräfte</Unicode>
                    </TextEquiv>
                </Word>
                <Word id="tr_1_tl_27_w8" custom="readingOrder {index:7;}">
                    <Coords points="1188,2393 1188,2453 1331,2453 1331,2393"/>
                    <TextEquiv>
                        <Unicode>entreißt.</Unicode>
                    </TextEquiv>
                </Word>
                <Word id="tr_1_tl_27_w9" custom="readingOrder {index:8;}">
                    <Coords points="1370,2393 1370,2453 1441,2453 1441,2393"/>
                    <TextEquiv>
                        <Unicode>Fast</Unicode>
                    </TextEquiv>
                </Word>
                <TextEquiv>
                    <Unicode>reich auch noch die schöpferischen künstlerischen Kräfte entreißt. Fast</Unicode>
                </TextEquiv>
            </TextLine>
            <TextLine id="tr_1_tl_28" custom="readingOrder {index:27;}">
                <Coords points="221,2491 1447,2482 1447,2445 1331,2437 221,2449"/>
                <Baseline points="229,2477 290,2480 351,2477 412,2477 473,2477 534,2477 595,2477 656,2477 717,2475 778,2474 839,2476 900,2474 961,2474 1022,2472 1083,2474 1144,2471 1205,2474 1266,2471 1327,2471 1388,2471 1450,2471"/>
                <Word id="tr_1_tl_28_w1" custom="readingOrder {index:0;}">
                    <Coords points="220,2437 220,2497 242,2497 242,2437"/>
                    <TextEquiv>
                        <Unicode>im</Unicode>
                    </TextEquiv>
                </Word>
                <Word id="tr_1_tl_28_w2" custom="readingOrder {index:1;}">
                    <Coords points="287,2437 287,2497 377,2497 377,2437"/>
                    <TextEquiv>
                        <Unicode>selben</Unicode>
                    </TextEquiv>
                </Word>
                <Word id="tr_1_tl_28_w3" custom="readingOrder {index:2;}">
                    <Coords points="414,2437 414,2497 500,2497 500,2437"/>
                    <TextEquiv>
                        <Unicode>Alter</Unicode>
                    </TextEquiv>
                </Word>
                <Word id="tr_1_tl_28_w4" custom="readingOrder {index:3;}">
                    <Coords points="532,2437 532,2497 586,2497 586,2437"/>
                    <TextEquiv>
                        <Unicode>wie</Unicode>
                    </TextEquiv>
                </Word>
                <Word id="tr_1_tl_28_w5" custom="readingOrder {index:4;}">
                    <Coords points="613,2436 613,2496 717,2496 717,2436"/>
                    <TextEquiv>
                        <Unicode>Franz</Unicode>
                    </TextEquiv>
                </Word>
                <Word id="tr_1_tl_28_w6" custom="readingOrder {index:5;}">
                    <Coords points="745,2434 745,2494 853,2494 853,2434"/>
                    <TextEquiv>
                        <Unicode>Schalk</Unicode>
                    </TextEquiv>
                </Word>
                <Word id="tr_1_tl_28_w7" custom="readingOrder {index:6;}">
                    <Coords points="881,2434 881,2494 912,2494 912,2434"/>
                    <TextEquiv>
                        <Unicode>ist</Unicode>
                    </TextEquiv>
                </Word>
                <Word id="tr_1_tl_28_w8" custom="readingOrder {index:7;}">
                    <Coords points="944,2433 944,2493 998,2493 998,2433"/>
                    <TextEquiv>
                        <Unicode>nun</Unicode>
                    </TextEquiv>
                </Word>
                <Word id="tr_1_tl_28_w9" custom="readingOrder {index:8;}">
                    <Coords points="1035,2433 1035,2493 1098,2493 1098,2433"/>
                    <TextEquiv>
                        <Unicode>auch</Unicode>
                    </TextEquiv>
                </Word>
                <Word id="tr_1_tl_28_w10" custom="readingOrder {index:9;}">
                    <Coords points="1134,2433 1134,2493 1247,2493 1247,2433"/>
                    <TextEquiv>
                        <Unicode>Arthur</Unicode>
                    </TextEquiv>
                </Word>
                <Word id="tr_1_tl_28_w11" custom="readingOrder {index:10;}">
                    <Coords points="1280,2431 1280,2491 1433,2491 1433,2431"/>
                    <TextEquiv>
                        <Unicode>Schnitzler</Unicode>
                    </TextEquiv>
                </Word>
                <TextEquiv>
                    <Unicode>im selben Alter wie Franz Schalk ist nun auch Arthur Schnitzler</Unicode>
                </TextEquiv>
            </TextLine>
            <TextLine id="tr_1_tl_29" custom="readingOrder {index:28;}">
                <Coords points="227,2525 1447,2522 1447,2477 1266,2471 227,2490"/>
                <Baseline points="235,2519 295,2518 356,2518 417,2516 478,2516 538,2516 599,2516 660,2514 721,2514 781,2513 842,2513 903,2513 964,2513 1024,2513 1085,2513 1146,2509 1207,2509 1267,2510 1328,2507 1389,2509 1450,2510"/>
                <Word id="tr_1_tl_29_w1" custom="readingOrder {index:0;}">
                    <Coords points="221,2478 221,2538 384,2538 384,2478"/>
                    <TextEquiv>
                        <Unicode>gestorben,</Unicode>
                    </TextEquiv>
                </Word>
                <Word id="tr_1_tl_29_w2" custom="readingOrder {index:1;}">
                    <Coords points="407,2476 407,2536 466,2536 466,2476"/>
                    <TextEquiv>
                        <Unicode>nur</Unicode>
                    </TextEquiv>
                </Word>
                <Word id="tr_1_tl_29_w3" custom="readingOrder {index:2;}">
                    <Coords points="494,2476 494,2536 543,2536 543,2476"/>
                    <TextEquiv>
                        <Unicode>daß</Unicode>
                    </TextEquiv>
                </Word>
                <Word id="tr_1_tl_29_w4" custom="readingOrder {index:3;}">
                    <Coords points="580,2475 580,2535 624,2535 624,2475"/>
                    <TextEquiv>
                        <Unicode>bei</Unicode>
                    </TextEquiv>
                </Word>
                <Word id="tr_1_tl_29_w5" custom="readingOrder {index:4;}">
                    <Coords points="652,2474 652,2534 692,2534 692,2474"/>
                    <TextEquiv>
                        <Unicode>ihm</Unicode>
                    </TextEquiv>
                </Word>
                <Word id="tr_1_tl_29_w6" custom="readingOrder {index:5;}">
                    <Coords points="739,2473 739,2533 761,2533 761,2473"/>
                    <TextEquiv>
                        <Unicode>im</Unicode>
                    </TextEquiv>
                </Word>
                <Word id="tr_1_tl_29_w7" custom="readingOrder {index:6;}">
                    <Coords points="807,2473 807,2533 965,2533 965,2473"/>
                    <TextEquiv>
                        <Unicode>Gegensatz</Unicode>
                    </TextEquiv>
                </Word>
                <Word id="tr_1_tl_29_w8" custom="readingOrder {index:7;}">
                    <Coords points="993,2473 993,2533 1020,2533 1020,2473"/>
                    <TextEquiv>
                        <Unicode>zu</Unicode>
                    </TextEquiv>
                </Word>
                <Word id="tr_1_tl_29_w9" custom="readingOrder {index:8;}">
                    <Coords points="1052,2473 1052,2533 1101,2533 1101,2473"/>
                    <TextEquiv>
                        <Unicode>dem</Unicode>
                    </TextEquiv>
                </Word>
                <Word id="tr_1_tl_29_w10" custom="readingOrder {index:9;}">
                    <Coords points="1147,2469 1147,2529 1220,2529 1220,2469"/>
                    <TextEquiv>
                        <Unicode>schon</Unicode>
                    </TextEquiv>
                </Word>
                <Word id="tr_1_tl_29_w11" custom="readingOrder {index:10;}">
                    <Coords points="1257,2468 1257,2528 1342,2528 1342,2468"/>
                    <TextEquiv>
                        <Unicode>lange</Unicode>
                    </TextEquiv>
                </Word>
                <Word id="tr_1_tl_29_w12" custom="readingOrder {index:11;}">
                    <Coords points="1370,2469 1370,2529 1424,2529 1424,2469"/>
                    <TextEquiv>
                        <Unicode>vom</Unicode>
                    </TextEquiv>
                </Word>
                <TextEquiv>
                    <Unicode>gestorben, nur daß bei ihm im Gegensatz zu dem schon lange vom</Unicode>
                </TextEquiv>
            </TextLine>
            <TextLine id="tr_1_tl_30" custom="readingOrder {index:29;}">
                <Coords points="217,2567 978,2574 1442,2556 1444,2525 219,2522"/>
                <Baseline points="226,2555 287,2558 348,2557 409,2555 470,2557 531,2555 592,2555 653,2555 714,2555 775,2555 836,2552 897,2552 958,2552 1019,2550 1080,2550 1141,2549 1202,2549 1263,2546 1324,2546 1385,2546 1447,2543"/>
                <Word id="tr_1_tl_30_w1" custom="readingOrder {index:0;}">
                    <Coords points="220,2516 220,2576 283,2576 283,2516"/>
                    <TextEquiv>
                        <Unicode>Tod</Unicode>
                    </TextEquiv>
                </Word>
                <Word id="tr_1_tl_30_w2" custom="readingOrder {index:1;}">
                    <Coords points="311,2515 311,2575 501,2575 501,2515"/>
                    <TextEquiv>
                        <Unicode>gezeichneten</Unicode>
                    </TextEquiv>
                </Word>
                <Word id="tr_1_tl_30_w3" custom="readingOrder {index:2;}">
                    <Coords points="533,2515 533,2575 636,2575 636,2515"/>
                    <TextEquiv>
                        <Unicode>Schalk</Unicode>
                    </TextEquiv>
                </Word>
                <Word id="tr_1_tl_30_w4" custom="readingOrder {index:3;}">
                    <Coords points="659,2515 659,2575 795,2575 795,2515"/>
                    <TextEquiv>
                        <Unicode>niemand</Unicode>
                    </TextEquiv>
                </Word>
                <Word id="tr_1_tl_30_w5" custom="readingOrder {index:4;}">
                    <Coords points="823,2512 823,2572 877,2572 877,2512"/>
                    <TextEquiv>
                        <Unicode>das</Unicode>
                    </TextEquiv>
                </Word>
                <Word id="tr_1_tl_30_w6" custom="readingOrder {index:5;}">
                    <Coords points="900,2512 900,2572 981,2572 981,2512"/>
                    <TextEquiv>
                        <Unicode>Ende</Unicode>
                    </TextEquiv>
                </Word>
                <Word id="tr_1_tl_30_w7" custom="readingOrder {index:6;}">
                    <Coords points="1009,2510 1009,2570 1149,2570 1149,2510"/>
                    <TextEquiv>
                        <Unicode>erwartet</Unicode>
                    </TextEquiv>
                </Word>
                <Word id="tr_1_tl_30_w8" custom="readingOrder {index:7;}">
                    <Coords points="1176,2508 1176,2568 1267,2568 1267,2508"/>
                    <TextEquiv>
                        <Unicode>hätte.</Unicode>
                    </TextEquiv>
                </Word>
                <Word id="tr_1_tl_30_w9" custom="readingOrder {index:8;}">
                    <Coords points="1286,2506 1286,2566 1339,2566 1339,2506"/>
                    <TextEquiv>
                        <Unicode>Die</Unicode>
                    </TextEquiv>
                </Word>
                <Word id="tr_1_tl_30_w10" custom="readingOrder {index:9;}">
                    <Coords points="1367,2505 1367,2565 1443,2565 1443,2505"/>
                    <TextEquiv>
                        <Unicode>Vor¬</Unicode>
                    </TextEquiv>
                </Word>
                <TextEquiv>
                    <Unicode>Tod gezeichneten Schalk niemand das Ende erwartet hätte. Die Vor¬</Unicode>
                </TextEquiv>
            </TextLine>
            <TextLine id="tr_1_tl_31" custom="readingOrder {index:30;}">
                <Coords points="222,2602 1444,2598 1444,2554 1359,2550 224,2564"/>
                <Baseline points="232,2594 292,2597 353,2595 414,2594 475,2594 535,2594 596,2594 657,2593 718,2591 778,2591 839,2591 900,2591 961,2591 1021,2590 1082,2588 1143,2587 1204,2587 1264,2585 1325,2585 1386,2585 1447,2585"/>
                <Word id="tr_1_tl_31_w1" custom="readingOrder {index:0;}">
                    <Coords points="221,2556 221,2616 406,2616 406,2556"/>
                    <TextEquiv>
                        <Unicode>bereitungen</Unicode>
                    </TextEquiv>
                </Word>
                <Word id="tr_1_tl_31_w2" custom="readingOrder {index:1;}">
                    <Coords points="440,2554 440,2614 468,2614 468,2554"/>
                    <TextEquiv>
                        <Unicode>zu</Unicode>
                    </TextEquiv>
                </Word>
                <Word id="tr_1_tl_31_w3" custom="readingOrder {index:2;}">
                    <Coords points="496,2554 496,2614 584,2614 584,2554"/>
                    <TextEquiv>
                        <Unicode>seinem</Unicode>
                    </TextEquiv>
                </Word>
                <Word id="tr_1_tl_31_w4" custom="readingOrder {index:3;}">
                    <Coords points="622,2553 622,2613 673,2613 673,2553"/>
                    <TextEquiv>
                        <Unicode>70.</Unicode>
                    </TextEquiv>
                </Word>
                <Word id="tr_1_tl_31_w5" custom="readingOrder {index:4;}">
                    <Coords points="692,2551 692,2611 892,2611 892,2551"/>
                    <TextEquiv>
                        <Unicode>Geburtstag,</Unicode>
                    </TextEquiv>
                </Word>
                <Word id="tr_1_tl_31_w6" custom="readingOrder {index:5;}">
                    <Coords points="907,2551 907,2611 953,2611 953,2551"/>
                    <TextEquiv>
                        <Unicode>den</Unicode>
                    </TextEquiv>
                </Word>
                <Word id="tr_1_tl_31_w7" custom="readingOrder {index:6;}">
                    <Coords points="986,2550 986,2610 1014,2610 1014,2550"/>
                    <TextEquiv>
                        <Unicode>er</Unicode>
                    </TextEquiv>
                </Word>
                <Word id="tr_1_tl_31_w8" custom="readingOrder {index:7;}">
                    <Coords points="1037,2548 1037,2608 1070,2608 1070,2548"/>
                    <TextEquiv>
                        <Unicode>am</Unicode>
                    </TextEquiv>
                </Word>
                <Word id="tr_1_tl_31_w9" custom="readingOrder {index:8;}">
                    <Coords points="1108,2547 1108,2607 1158,2607 1158,2547"/>
                    <TextEquiv>
                        <Unicode>15.</Unicode>
                    </TextEquiv>
                </Word>
                <Word id="tr_1_tl_31_w10" custom="readingOrder {index:9;}">
                    <Coords points="1178,2546 1178,2606 1247,2606 1247,2546"/>
                    <TextEquiv>
                        <Unicode>Mai</Unicode>
                    </TextEquiv>
                </Word>
                <Word id="tr_1_tl_31_w11" custom="readingOrder {index:10;}">
                    <Coords points="1271,2545 1271,2605 1336,2605 1336,2545"/>
                    <TextEquiv>
                        <Unicode>1932</Unicode>
                    </TextEquiv>
                </Word>
                <Word id="tr_1_tl_31_w12" custom="readingOrder {index:11;}">
                    <Coords points="1364,2545 1364,2605 1438,2605 1438,2545"/>
                    <TextEquiv>
                        <Unicode>hätte</Unicode>
                    </TextEquiv>
                </Word>
                <TextEquiv>
                    <Unicode>bereitungen zu seinem 70. Geburtstag, den er am 15. Mai 1932 hätte</Unicode>
                </TextEquiv>
            </TextLine>
            <TextLine id="tr_1_tl_32" custom="readingOrder {index:31;}">
                <Coords points="227,2652 1444,2635 1384,2591 227,2602"/>
                <Baseline points="235,2636 295,2633 356,2633 416,2633 477,2633 538,2633 598,2633 659,2630 719,2630 780,2630 841,2630 901,2630 962,2627 1022,2627 1083,2624 1144,2624 1204,2624 1265,2624 1325,2625 1386,2625 1447,2624"/>
                <Word id="tr_1_tl_32_w1" custom="readingOrder {index:0;}">
                    <Coords points="225,2594 225,2654 308,2654 308,2594"/>
                    <TextEquiv>
                        <Unicode>feiern</Unicode>
                    </TextEquiv>
                </Word>
                <Word id="tr_1_tl_32_w2" custom="readingOrder {index:1;}">
                    <Coords points="340,2593 340,2653 468,2653 468,2593"/>
                    <TextEquiv>
                        <Unicode>können,</Unicode>
                    </TextEquiv>
                </Word>
                <Word id="tr_1_tl_32_w3" custom="readingOrder {index:2;}">
                    <Coords points="486,2593 486,2653 578,2653 578,2593"/>
                    <TextEquiv>
                        <Unicode>waren</Unicode>
                    </TextEquiv>
                </Word>
                <Word id="tr_1_tl_32_w4" custom="readingOrder {index:3;}">
                    <Coords points="610,2591 610,2651 631,2651 631,2591"/>
                    <TextEquiv>
                        <Unicode>im</Unicode>
                    </TextEquiv>
                </Word>
                <Word id="tr_1_tl_32_w5" custom="readingOrder {index:4;}">
                    <Coords points="671,2590 671,2650 790,2650 790,2590"/>
                    <TextEquiv>
                        <Unicode>Gange.</Unicode>
                    </TextEquiv>
                </Word>
                <Word id="tr_1_tl_32_w6" custom="readingOrder {index:5;}">
                    <Coords points="808,2590 808,2650 883,2650 883,2590"/>
                    <TextEquiv>
                        <Unicode>Max</Unicode>
                    </TextEquiv>
                </Word>
                <Word id="tr_1_tl_32_w7" custom="readingOrder {index:6;}">
                    <Coords points="905,2587 905,2647 1077,2647 1077,2587"/>
                    <TextEquiv>
                        <Unicode>Reinhardt</Unicode>
                    </TextEquiv>
                </Word>
                <Word id="tr_1_tl_32_w8" custom="readingOrder {index:7;}">
                    <Coords points="1100,2584 1100,2644 1196,2644 1196,2584"/>
                    <TextEquiv>
                        <Unicode>wollte</Unicode>
                    </TextEquiv>
                </Word>
                <Word id="tr_1_tl_32_w9" custom="readingOrder {index:8;}">
                    <Coords points="1219,2584 1219,2644 1307,2644 1307,2584"/>
                    <TextEquiv>
                        <Unicode>seinen</Unicode>
                    </TextEquiv>
                </Word>
                <Word id="tr_1_tl_32_w10" custom="readingOrder {index:9;}">
                    <Coords points="1338,2584 1338,2644 1435,2644 1435,2584"/>
                    <TextEquiv>
                        <Unicode>frühen</Unicode>
                    </TextEquiv>
                </Word>
                <TextEquiv>
                    <Unicode>feiern können, waren im Gange. Max Reinhardt wollte seinen frühen</Unicode>
                </TextEquiv>
            </TextLine>
            <TextLine id="tr_1_tl_33" custom="readingOrder {index:32;}">
                <Coords points="224,2682 1448,2685 1448,2638 1327,2630 224,2652"/>
                <Baseline points="232,2674 292,2672 353,2671 414,2672 475,2672 536,2670 597,2669 658,2669 719,2669 780,2669 841,2669 901,2667 962,2666 1023,2665 1084,2665 1145,2663 1206,2663 1267,2663 1328,2663 1389,2663 1450,2663"/>
                <Word id="tr_1_tl_33_w1" custom="readingOrder {index:0;}">
                    <Coords points="218,2632 218,2692 335,2692 335,2632"/>
                    <TextEquiv>
                        <Unicode>größten</Unicode>
                    </TextEquiv>
                </Word>
                <Word id="tr_1_tl_33_w2" custom="readingOrder {index:1;}">
                    <Coords points="392,2632 392,2692 513,2692 513,2632"/>
                    <TextEquiv>
                        <Unicode>Erfolg,</Unicode>
                    </TextEquiv>
                </Word>
                <Word id="tr_1_tl_33_w3" custom="readingOrder {index:2;}">
                    <Coords points="556,2629 556,2689 602,2689 602,2629"/>
                    <TextEquiv>
                        <Unicode>die</Unicode>
                    </TextEquiv>
                </Word>
                <Word id="tr_1_tl_33_w4" custom="readingOrder {index:3;}">
                    <Coords points="654,2629 654,2689 800,2689 800,2629"/>
                    <TextEquiv>
                        <Unicode>Liebelei,</Unicode>
                    </TextEquiv>
                </Word>
                <Word id="tr_1_tl_33_w5" custom="readingOrder {index:4;}">
                    <Coords points="842,2627 842,2687 926,2687 926,2627"/>
                    <TextEquiv>
                        <Unicode>selbst</Unicode>
                    </TextEquiv>
                </Word>
                <Word id="tr_1_tl_33_w6" custom="readingOrder {index:5;}">
                    <Coords points="974,2625 974,2685 1020,2685 1020,2625"/>
                    <TextEquiv>
                        <Unicode>als</Unicode>
                    </TextEquiv>
                </Word>
                <Word id="tr_1_tl_33_w7" custom="readingOrder {index:6;}">
                    <Coords points="1072,2623 1072,2683 1438,2683 1438,2623"/>
                    <TextEquiv>
                        <Unicode>Jubiläumsvorstellung</Unicode>
                    </TextEquiv>
                </Word>
                <TextEquiv>
                    <Unicode>größten Erfolg, die Liebelei, selbst als Jubiläumsvorstellung</Unicode>
                </TextEquiv>
            </TextLine>
            <TextLine id="tr_1_tl_34" custom="readingOrder {index:33;}">
                <Coords points="221,2712 1445,2716 1402,2669 221,2692"/>
                <Baseline points="229,2707 289,2710 350,2710 411,2710 472,2709 533,2707 594,2707 655,2707 716,2707 777,2707 838,2704 898,2704 959,2704 1020,2704 1081,2702 1142,2701 1203,2701 1264,2701 1325,2701 1386,2701 1447,2704"/>
                <Word id="tr_1_tl_34_w1" custom="readingOrder {index:0;}">
                    <Coords points="220,2670 220,2730 418,2730 418,2670"/>
                    <TextEquiv>
                        <Unicode>inszenieren.</Unicode>
                    </TextEquiv>
                </Word>
                <Word id="tr_1_tl_34_w2" custom="readingOrder {index:1;}">
                    <Coords points="437,2669 437,2729 500,2729 500,2669"/>
                    <TextEquiv>
                        <Unicode>Das</Unicode>
                    </TextEquiv>
                </Word>
                <Word id="tr_1_tl_34_w3" custom="readingOrder {index:2;}">
                    <Coords points="528,2667 528,2727 727,2727 727,2667"/>
                    <TextEquiv>
                        <Unicode>Burgtheater</Unicode>
                    </TextEquiv>
                </Word>
                <Word id="tr_1_tl_34_w4" custom="readingOrder {index:3;}">
                    <Coords points="755,2666 755,2726 804,2726 804,2666"/>
                    <TextEquiv>
                        <Unicode>und</Unicode>
                    </TextEquiv>
                </Word>
                <Word id="tr_1_tl_34_w5" custom="readingOrder {index:4;}">
                    <Coords points="837,2664 837,2724 886,2724 886,2664"/>
                    <TextEquiv>
                        <Unicode>alle</Unicode>
                    </TextEquiv>
                </Word>
                <Word id="tr_1_tl_34_w6" custom="readingOrder {index:5;}">
                    <Coords points="910,2664 910,2724 1049,2724 1049,2664"/>
                    <TextEquiv>
                        <Unicode>deutschen</Unicode>
                    </TextEquiv>
                </Word>
                <Word id="tr_1_tl_34_w7" custom="readingOrder {index:6;}">
                    <Coords points="1082,2661 1082,2721 1209,2721 1209,2661"/>
                    <TextEquiv>
                        <Unicode>Bühnen</Unicode>
                    </TextEquiv>
                </Word>
                <Word id="tr_1_tl_34_w8" custom="readingOrder {index:7;}">
                    <Coords points="1236,2661 1236,2721 1358,2721 1358,2661"/>
                    <TextEquiv>
                        <Unicode>rüsteten</Unicode>
                    </TextEquiv>
                </Word>
                <Word id="tr_1_tl_34_w9" custom="readingOrder {index:8;}">
                    <Coords points="1386,2662 1386,2722 1449,2722 1449,2662"/>
                    <TextEquiv>
                        <Unicode>sich,</Unicode>
                    </TextEquiv>
                </Word>
                <TextEquiv>
                    <Unicode>inszenieren. Das Burgtheater und alle deutschen Bühnen rüsteten sich,</Unicode>
                </TextEquiv>
            </TextLine>
            <TextLine id="tr_1_tl_35" custom="readingOrder {index:34;}">
                <Coords points="217,2755 1447,2750 1408,2709 219,2721"/>
                <Baseline points="226,2746 287,2749 348,2749 409,2747 470,2746 532,2746 593,2749 654,2746 715,2746 776,2746 838,2745 899,2745 960,2743 1021,2743 1082,2741 1144,2740 1205,2737 1266,2740 1327,2740 1388,2740 1450,2740"/>
                <Word id="tr_1_tl_35_w1" custom="readingOrder {index:0;}">
                    <Coords points="220,2706 220,2766 268,2766 268,2706"/>
                    <TextEquiv>
                        <Unicode>den</Unicode>
                    </TextEquiv>
                </Word>
                <Word id="tr_1_tl_35_w2" custom="readingOrder {index:1;}">
                    <Coords points="299,2709 299,2769 378,2769 378,2709"/>
                    <TextEquiv>
                        <Unicode>durch</Unicode>
                    </TextEquiv>
                </Word>
                <Word id="tr_1_tl_35_w3" custom="readingOrder {index:2;}">
                    <Coords points="405,2706 405,2766 493,2766 493,2706"/>
                    <TextEquiv>
                        <Unicode>lange</Unicode>
                    </TextEquiv>
                </Word>
                <Word id="tr_1_tl_35_w4" custom="readingOrder {index:3;}">
                    <Coords points="516,2707 516,2767 612,2767 612,2707"/>
                    <TextEquiv>
                        <Unicode>Jahre</Unicode>
                    </TextEquiv>
                </Word>
                <Word id="tr_1_tl_35_w5" custom="readingOrder {index:4;}">
                    <Coords points="635,2706 635,2766 767,2766 767,2706"/>
                    <TextEquiv>
                        <Unicode>hindurch</Unicode>
                    </TextEquiv>
                </Word>
                <Word id="tr_1_tl_35_w6" custom="readingOrder {index:5;}">
                    <Coords points="799,2705 799,2765 957,2765 957,2705"/>
                    <TextEquiv>
                        <Unicode>führenden</Unicode>
                    </TextEquiv>
                </Word>
                <Word id="tr_1_tl_35_w7" custom="readingOrder {index:6;}">
                    <Coords points="989,2700 989,2760 1222,2760 1222,2700"/>
                    <TextEquiv>
                        <Unicode>österreichischen</Unicode>
                    </TextEquiv>
                </Word>
                <Word id="tr_1_tl_35_w8" custom="readingOrder {index:7;}">
                    <Coords points="1254,2700 1254,2760 1439,2760 1439,2700"/>
                    <TextEquiv>
                        <Unicode>Dramatiker</Unicode>
                    </TextEquiv>
                </Word>
                <TextEquiv>
                    <Unicode>den durch lange Jahre hindurch führenden österreichischen Dramatiker</Unicode>
                </TextEquiv>
            </TextLine>
            <TextLine id="tr_1_tl_36" custom="readingOrder {index:35;}">
                <Coords points="224,2806 1381,2800 1444,2749 225,2758"/>
                <Baseline points="232,2785 292,2787 353,2787 414,2785 475,2785 535,2785 596,2785 657,2785 718,2785 778,2785 839,2782 900,2782 961,2782 1021,2782 1082,2782 1143,2778 1204,2776 1264,2779 1325,2776 1386,2776 1447,2776"/>
                <Word id="tr_1_tl_36_w1" custom="readingOrder {index:0;}">
                    <Coords points="223,2746 223,2806 322,2806 322,2746"/>
                    <TextEquiv>
                        <Unicode>festlich</Unicode>
                    </TextEquiv>
                </Word>
                <Word id="tr_1_tl_36_w2" custom="readingOrder {index:1;}">
                    <Coords points="354,2746 354,2806 376,2806 376,2746"/>
                    <TextEquiv>
                        <Unicode>zu</Unicode>
                    </TextEquiv>
                </Word>
                <Word id="tr_1_tl_36_w3" custom="readingOrder {index:2;}">
                    <Coords points="408,2745 408,2805 512,2805 512,2745"/>
                    <TextEquiv>
                        <Unicode>ehren.</Unicode>
                    </TextEquiv>
                </Word>
                <Word id="tr_1_tl_36_w4" custom="readingOrder {index:3;}">
                    <Coords points="530,2745 530,2805 598,2805 598,2745"/>
                    <TextEquiv>
                        <Unicode>Nun</Unicode>
                    </TextEquiv>
                </Word>
                <Word id="tr_1_tl_36_w5" custom="readingOrder {index:4;}">
                    <Coords points="630,2745 630,2805 702,2805 702,2745"/>
                    <TextEquiv>
                        <Unicode>wird</Unicode>
                    </TextEquiv>
                </Word>
                <Word id="tr_1_tl_36_w6" custom="readingOrder {index:5;}">
                    <Coords points="729,2745 729,2805 779,2805 779,2745"/>
                    <TextEquiv>
                        <Unicode>das</Unicode>
                    </TextEquiv>
                </Word>
                <Word id="tr_1_tl_36_w7" custom="readingOrder {index:6;}">
                    <Coords points="806,2742 806,2802 996,2802 996,2742"/>
                    <TextEquiv>
                        <Unicode>Geburtsfest</Unicode>
                    </TextEquiv>
                </Word>
                <Word id="tr_1_tl_36_w8" custom="readingOrder {index:7;}">
                    <Coords points="1024,2742 1024,2802 1050,2802 1050,2742"/>
                    <TextEquiv>
                        <Unicode>zu</Unicode>
                    </TextEquiv>
                </Word>
                <Word id="tr_1_tl_36_w9" custom="readingOrder {index:8;}">
                    <Coords points="1082,2739 1082,2799 1159,2799 1159,2739"/>
                    <TextEquiv>
                        <Unicode>einer</Unicode>
                    </TextEquiv>
                </Word>
                <Word id="tr_1_tl_36_w10" custom="readingOrder {index:9;}">
                    <Coords points="1186,2736 1186,2796 1439,2796 1439,2736"/>
                    <TextEquiv>
                        <Unicode>Gedächtnisfeier</Unicode>
                    </TextEquiv>
                </Word>
                <TextEquiv>
                    <Unicode>festlich zu ehren. Nun wird das Geburtsfest zu einer Gedächtnisfeier</Unicode>
                </TextEquiv>
            </TextLine>
            <TextLine id="tr_1_tl_37" custom="readingOrder {index:36;}">
                <Coords points="227,2832 1444,2830 1422,2784 227,2801"/>
                <Baseline points="235,2827 295,2824 356,2824 416,2824 477,2825 538,2825 598,2824 659,2824 719,2822 780,2821 841,2821 901,2821 962,2821 1022,2820 1083,2818 1144,2818 1204,2818 1265,2818 1325,2817 1386,2815 1447,2815"/>
                <Word id="tr_1_tl_37_w1" custom="readingOrder {index:0;}">
                    <Coords points="226,2785 226,2845 293,2845 293,2785"/>
                    <TextEquiv>
                        <Unicode>nicht</Unicode>
                    </TextEquiv>
                </Word>
                <Word id="tr_1_tl_37_w2" custom="readingOrder {index:1;}">
                    <Coords points="321,2784 321,2844 375,2844 375,2784"/>
                    <TextEquiv>
                        <Unicode>nur</Unicode>
                    </TextEquiv>
                </Word>
                <Word id="tr_1_tl_37_w3" custom="readingOrder {index:2;}">
                    <Coords points="403,2784 403,2844 448,2844 448,2784"/>
                    <TextEquiv>
                        <Unicode>für</Unicode>
                    </TextEquiv>
                </Word>
                <Word id="tr_1_tl_37_w4" custom="readingOrder {index:3;}">
                    <Coords points="475,2785 475,2845 520,2845 520,2785"/>
                    <TextEquiv>
                        <Unicode>den</Unicode>
                    </TextEquiv>
                </Word>
                <Word id="tr_1_tl_37_w5" custom="readingOrder {index:4;}">
                    <Coords points="553,2783 553,2843 802,2843 802,2783"/>
                    <TextEquiv>
                        <Unicode>heimgeangenen</Unicode>
                    </TextEquiv>
                </Word>
                <Word id="tr_1_tl_37_w6" custom="readingOrder {index:5;}">
                    <Coords points="835,2781 835,2841 962,2841 962,2781"/>
                    <TextEquiv>
                        <Unicode>Dichter,</Unicode>
                    </TextEquiv>
                </Word>
                <Word id="tr_1_tl_37_w7" custom="readingOrder {index:6;}">
                    <Coords points="985,2779 985,2839 1103,2839 1103,2779"/>
                    <TextEquiv>
                        <Unicode>sondern</Unicode>
                    </TextEquiv>
                </Word>
                <Word id="tr_1_tl_37_w8" custom="readingOrder {index:7;}">
                    <Coords points="1135,2778 1135,2838 1275,2838 1275,2778"/>
                    <TextEquiv>
                        <Unicode>vielleicht</Unicode>
                    </TextEquiv>
                </Word>
                <Word id="tr_1_tl_37_w9" custom="readingOrder {index:8;}">
                    <Coords points="1303,2776 1303,2836 1366,2836 1366,2776"/>
                    <TextEquiv>
                        <Unicode>auch</Unicode>
                    </TextEquiv>
                </Word>
                <Word id="tr_1_tl_37_w10" custom="readingOrder {index:9;}">
                    <Coords points="1394,2775 1394,2835 1439,2835 1439,2775"/>
                    <TextEquiv>
                        <Unicode>für</Unicode>
                    </TextEquiv>
                </Word>
                <TextEquiv>
                    <Unicode>nicht nur für den heimgeangenen Dichter, sondern vielleicht auch für</Unicode>
                </TextEquiv>
            </TextLine>
            <TextLine id="tr_1_tl_38" custom="readingOrder {index:37;}">
                <Coords points="233,2877 1336,2871 1448,2829 234,2835"/>
                <Baseline points="241,2866 301,2863 361,2863 422,2863 482,2863 543,2863 603,2863 664,2861 724,2863 785,2860 845,2860 905,2860 966,2859 1026,2857 1087,2857 1147,2855 1208,2855 1268,2854 1329,2854 1389,2854 1450,2854"/>
                <Word id="tr_1_tl_38_w1" custom="readingOrder {index:0;}">
                    <Coords points="227,2824 227,2884 304,2884 304,2824"/>
                    <TextEquiv>
                        <Unicode>jenes</Unicode>
                    </TextEquiv>
                </Word>
                <Word id="tr_1_tl_38_w2" custom="readingOrder {index:1;}">
                    <Coords points="331,2823 331,2883 385,2883 385,2823"/>
                    <TextEquiv>
                        <Unicode>alte</Unicode>
                    </TextEquiv>
                </Word>
                <Word id="tr_1_tl_38_w3" custom="readingOrder {index:2;}">
                    <Coords points="404,2823 404,2883 558,2883 558,2823"/>
                    <TextEquiv>
                        <Unicode>Österreich</Unicode>
                    </TextEquiv>
                </Word>
                <Word id="tr_1_tl_38_w4" custom="readingOrder {index:3;}">
                    <Coords points="585,2822 585,2882 639,2882 639,2822"/>
                    <TextEquiv>
                        <Unicode>und</Unicode>
                    </TextEquiv>
                </Word>
                <Word id="tr_1_tl_38_w5" custom="readingOrder {index:4;}">
                    <Coords points="663,2822 663,2882 766,2882 766,2822"/>
                    <TextEquiv>
                        <Unicode>Wien,</Unicode>
                    </TextEquiv>
                </Word>
                <Word id="tr_1_tl_38_w6" custom="readingOrder {index:5;}">
                    <Coords points="780,2820 780,2880 867,2880 867,2820"/>
                    <TextEquiv>
                        <Unicode>dessen</Unicode>
                    </TextEquiv>
                </Word>
                <Word id="tr_1_tl_38_w7" custom="readingOrder {index:6;}">
                    <Coords points="899,2818 899,2878 1093,2878 1093,2818"/>
                    <TextEquiv>
                        <Unicode>Atmosphäre</Unicode>
                    </TextEquiv>
                </Word>
                <Word id="tr_1_tl_38_w8" custom="readingOrder {index:7;}">
                    <Coords points="1117,2815 1117,2875 1143,2875 1143,2815"/>
                    <TextEquiv>
                        <Unicode>er</Unicode>
                    </TextEquiv>
                </Word>
                <Word id="tr_1_tl_38_w9" custom="readingOrder {index:8;}">
                    <Coords points="1171,2815 1171,2875 1220,2875 1220,2815"/>
                    <TextEquiv>
                        <Unicode>wie</Unicode>
                    </TextEquiv>
                </Word>
                <Word id="tr_1_tl_38_w10" custom="readingOrder {index:9;}">
                    <Coords points="1248,2814 1248,2874 1298,2874 1298,2814"/>
                    <TextEquiv>
                        <Unicode>kein</Unicode>
                    </TextEquiv>
                </Word>
                <Word id="tr_1_tl_38_w11" custom="readingOrder {index:10;}">
                    <Coords points="1330,2814 1330,2874 1443,2874 1443,2814"/>
                    <TextEquiv>
                        <Unicode>zweiter</Unicode>
                    </TextEquiv>
                </Word>
                <TextEquiv>
                    <Unicode>jenes alte Österreich und Wien, dessen Atmosphäre er wie kein zweiter</Unicode>
                </TextEquiv>
            </TextLine>
            <TextLine id="tr_1_tl_39" custom="readingOrder {index:38;}">
                <Coords points="221,2912 1447,2901 1447,2861 221,2881"/>
                <Baseline points="229,2904 290,2904 351,2901 412,2899 473,2901 534,2901 595,2901 656,2900 717,2900 778,2898 839,2898 900,2896 961,2898 1022,2895 1083,2895 1144,2895 1205,2892 1266,2892 1327,2892 1388,2892 1450,2895"/>
                <Word id="tr_1_tl_39_w1" custom="readingOrder {index:0;}">
                    <Coords points="224,2864 224,2924 247,2924 247,2864"/>
                    <TextEquiv>
                        <Unicode>in</Unicode>
                    </TextEquiv>
                </Word>
                <Word id="tr_1_tl_39_w2" custom="readingOrder {index:1;}">
                    <Coords points="276,2862 276,2922 368,2922 368,2862"/>
                    <TextEquiv>
                        <Unicode>seinem</Unicode>
                    </TextEquiv>
                </Word>
                <Word id="tr_1_tl_39_w3" custom="readingOrder {index:2;}">
                    <Coords points="406,2860 406,2920 490,2920 490,2860"/>
                    <TextEquiv>
                        <Unicode>Werk</Unicode>
                    </TextEquiv>
                </Word>
                <Word id="tr_1_tl_39_w4" custom="readingOrder {index:3;}">
                    <Coords points="514,2860 514,2920 695,2920 695,2860"/>
                    <TextEquiv>
                        <Unicode>festgehalten</Unicode>
                    </TextEquiv>
                </Word>
                <Word id="tr_1_tl_39_w5" custom="readingOrder {index:4;}">
                    <Coords points="724,2858 724,2918 788,2918 788,2858"/>
                    <TextEquiv>
                        <Unicode>hat.</Unicode>
                    </TextEquiv>
                </Word>
                <Word id="tr_1_tl_39_w6" custom="readingOrder {index:5;}">
                    <Coords points="807,2857 807,2917 877,2917 877,2857"/>
                    <TextEquiv>
                        <Unicode>Sein</Unicode>
                    </TextEquiv>
                </Word>
                <Word id="tr_1_tl_39_w7" custom="readingOrder {index:6;}">
                    <Coords points="906,2857 906,2917 993,2917 993,2857"/>
                    <TextEquiv>
                        <Unicode>letztes</Unicode>
                    </TextEquiv>
                </Word>
                <Word id="tr_1_tl_39_w8" custom="readingOrder {index:7;}">
                    <Coords points="1022,2855 1022,2915 1115,2915 1115,2855"/>
                    <TextEquiv>
                        <Unicode>Buch,</Unicode>
                    </TextEquiv>
                </Word>
                <Word id="tr_1_tl_39_w9" custom="readingOrder {index:8;}">
                    <Coords points="1134,2854 1134,2914 1176,2914 1176,2854"/>
                    <TextEquiv>
                        <Unicode>die</Unicode>
                    </TextEquiv>
                </Word>
                <Word id="tr_1_tl_39_w10" custom="readingOrder {index:9;}">
                    <Coords points="1199,2852 1199,2912 1320,2912 1320,2852"/>
                    <TextEquiv>
                        <Unicode>Novelle</Unicode>
                    </TextEquiv>
                </Word>
                <Word id="tr_1_tl_39_w11" custom="readingOrder {index:10;}">
                    <Coords points="1349,2852 1349,2912 1446,2912 1446,2852"/>
                    <TextEquiv>
                        <Unicode>Flucht</Unicode>
                    </TextEquiv>
                </Word>
                <TextEquiv>
                    <Unicode>in seinem Werk festgehalten hat. Sein letztes Buch, die Novelle Flucht</Unicode>
                </TextEquiv>
            </TextLine>
            <TextLine id="tr_1_tl_40" custom="readingOrder {index:39;}">
                <Coords points="227,2951 1448,2934 1448,2901 1336,2897 227,2911"/>
                <Baseline points="235,2943 295,2940 356,2940 417,2940 478,2940 539,2938 600,2937 661,2937 722,2937 783,2937 844,2937 904,2935 965,2937 1026,2934 1087,2934 1148,2933 1209,2931 1270,2931 1331,2931 1392,2931 1453,2928"/>
                <Word id="tr_1_tl_40_w1" custom="readingOrder {index:0;}">
                    <Coords points="226,2902 226,2962 245,2962 245,2902"/>
                    <TextEquiv>
                        <Unicode>in</Unicode>
                    </TextEquiv>
                </Word>
                <Word id="tr_1_tl_40_w2" custom="readingOrder {index:1;}">
                    <Coords points="279,2900 279,2960 321,2960 321,2900"/>
                    <TextEquiv>
                        <Unicode>die</Unicode>
                    </TextEquiv>
                </Word>
                <Word id="tr_1_tl_40_w3" custom="readingOrder {index:2;}">
                    <Coords points="350,2900 350,2960 532,2960 532,2900"/>
                    <TextEquiv>
                        <Unicode>Finsternis,</Unicode>
                    </TextEquiv>
                </Word>
                <Word id="tr_1_tl_40_w4" custom="readingOrder {index:3;}">
                    <Coords points="556,2897 556,2957 589,2957 589,2897"/>
                    <TextEquiv>
                        <Unicode>ist</Unicode>
                    </TextEquiv>
                </Word>
                <Word id="tr_1_tl_40_w5" custom="readingOrder {index:4;}">
                    <Coords points="614,2897 614,2957 700,2957 700,2897"/>
                    <TextEquiv>
                        <Unicode>dieser</Unicode>
                    </TextEquiv>
                </Word>
                <Word id="tr_1_tl_40_w6" custom="readingOrder {index:5;}">
                    <Coords points="729,2897 729,2957 810,2957 810,2897"/>
                    <TextEquiv>
                        <Unicode>Tage</Unicode>
                    </TextEquiv>
                </Word>
                <Word id="tr_1_tl_40_w7" custom="readingOrder {index:6;}">
                    <Coords points="839,2896 839,2956 862,2956 862,2896"/>
                    <TextEquiv>
                        <Unicode>im</Unicode>
                    </TextEquiv>
                </Word>
                <Word id="tr_1_tl_40_w8" custom="readingOrder {index:7;}">
                    <Coords points="906,2896 906,2956 1011,2956 1011,2896"/>
                    <TextEquiv>
                        <Unicode>Verlag</Unicode>
                    </TextEquiv>
                </Word>
                <Word id="tr_1_tl_40_w9" custom="readingOrder {index:8;}">
                    <Coords points="1045,2894 1045,2954 1088,2954 1088,2894"/>
                    <TextEquiv>
                        <Unicode>S.</Unicode>
                    </TextEquiv>
                </Word>
                <Word id="tr_1_tl_40_w10" custom="readingOrder {index:9;}">
                    <Coords points="1108,2892 1108,2952 1236,2952 1236,2892"/>
                    <TextEquiv>
                        <Unicode>Fischer,</Unicode>
                    </TextEquiv>
                </Word>
                <Word id="tr_1_tl_40_w11" custom="readingOrder {index:10;}">
                    <Coords points="1261,2891 1261,2951 1380,2951 1380,2891"/>
                    <TextEquiv>
                        <Unicode>Berlin,</Unicode>
                    </TextEquiv>
                </Word>
                <Word id="tr_1_tl_40_w12" custom="readingOrder {index:11;}">
                    <Coords points="1399,2889 1399,2949 1447,2949 1447,2889"/>
                    <TextEquiv>
                        <Unicode>er¬</Unicode>
                    </TextEquiv>
                </Word>
                <TextEquiv>
                    <Unicode>in die Finsternis, ist dieser Tage im Verlag S. Fischer, Berlin, er¬</Unicode>
                </TextEquiv>
            </TextLine>
            <TextLine id="tr_1_tl_41" custom="readingOrder {index:40;}">
                <Coords points="233,2996 1450,2983 1450,2934 233,2948"/>
                <Baseline points="241,2982 301,2979 362,2979 422,2976 483,2979 544,2977 604,2976 665,2976 725,2976 786,2976 847,2973 907,2973 968,2973 1028,2972 1089,2970 1150,2970 1210,2970 1271,2970 1331,2968 1392,2970 1453,2970"/>
                <Word id="tr_1_tl_41_w1" custom="readingOrder {index:0;}">
                    <Coords points="232,2939 232,2999 366,2999 366,2939"/>
                    <TextEquiv>
                        <Unicode>schienen.</Unicode>
                    </TextEquiv>
                </Word>
                <Word id="tr_1_tl_41_w2" custom="readingOrder {index:1;}">
                    <Coords points="409,2936 409,2996 469,2996 469,2936"/>
                    <TextEquiv>
                        <Unicode>Sie</Unicode>
                    </TextEquiv>
                </Word>
                <Word id="tr_1_tl_41_w3" custom="readingOrder {index:2;}">
                    <Coords points="498,2937 498,2997 571,2997 571,2937"/>
                    <TextEquiv>
                        <Unicode>zeigt</Unicode>
                    </TextEquiv>
                </Word>
                <Word id="tr_1_tl_41_w4" custom="readingOrder {index:3;}">
                    <Coords points="596,2936 596,2996 646,2996 646,2936"/>
                    <TextEquiv>
                        <Unicode>den</Unicode>
                    </TextEquiv>
                </Word>
                <Word id="tr_1_tl_41_w5" custom="readingOrder {index:4;}">
                    <Coords points="680,2936 680,2996 787,2996 787,2936"/>
                    <TextEquiv>
                        <Unicode>großen</Unicode>
                    </TextEquiv>
                </Word>
                <Word id="tr_1_tl_41_w6" custom="readingOrder {index:5;}">
                    <Coords points="820,2933 820,2993 1015,2993 1015,2933"/>
                    <TextEquiv>
                        <Unicode>Psychologen</Unicode>
                    </TextEquiv>
                </Word>
                <Word id="tr_1_tl_41_w7" custom="readingOrder {index:6;}">
                    <Coords points="1053,2930 1053,2990 1211,2990 1211,2930"/>
                    <TextEquiv>
                        <Unicode>Schnitzler</Unicode>
                    </TextEquiv>
                </Word>
                <Word id="tr_1_tl_41_w8" custom="readingOrder {index:7;}">
                    <Coords points="1240,2929 1240,2989 1305,2989 1305,2929"/>
                    <TextEquiv>
                        <Unicode>noch</Unicode>
                    </TextEquiv>
                </Word>
                <Word id="tr_1_tl_41_w9" custom="readingOrder {index:8;}">
                    <Coords points="1338,2930 1338,2990 1449,2990 1449,2930"/>
                    <TextEquiv>
                        <Unicode>einmal</Unicode>
                    </TextEquiv>
                </Word>
                <TextEquiv>
                    <Unicode>schienen. Sie zeigt den großen Psychologen Schnitzler noch einmal</Unicode>
                </TextEquiv>
            </TextLine>
            <TextLine id="tr_1_tl_42" custom="readingOrder {index:41;}">
                <Coords points="227,3025 1448,3026 1448,2983 1394,2975 227,2996"/>
                <Baseline points="235,3018 295,3018 356,3018 417,3015 478,3016 539,3016 600,3015 661,3013 722,3015 783,3015 844,3015 904,3015 965,3012 1026,3012 1087,3012 1148,3011 1209,3011 1270,3009 1331,3009 1392,3009 1453,3006"/>
                <Word id="tr_1_tl_42_w1" custom="readingOrder {index:0;}">
                    <Coords points="226,2978 226,3038 270,3038 270,2978"/>
                    <TextEquiv>
                        <Unicode>auf</Unicode>
                    </TextEquiv>
                </Word>
                <Word id="tr_1_tl_42_w2" custom="readingOrder {index:1;}">
                    <Coords points="294,2978 294,3038 339,3038 339,2978"/>
                    <TextEquiv>
                        <Unicode>der</Unicode>
                    </TextEquiv>
                </Word>
                <Word id="tr_1_tl_42_w3" custom="readingOrder {index:2;}">
                    <Coords points="362,2975 362,3035 443,3035 443,2975"/>
                    <TextEquiv>
                        <Unicode>Höhe</Unicode>
                    </TextEquiv>
                </Word>
                <Word id="tr_1_tl_42_w4" custom="readingOrder {index:3;}">
                    <Coords points="467,2976 467,3036 543,3036 543,2976"/>
                    <TextEquiv>
                        <Unicode>jener</Unicode>
                    </TextEquiv>
                </Word>
                <Word id="tr_1_tl_42_w5" custom="readingOrder {index:4;}">
                    <Coords points="567,2973 567,3033 793,3033 793,2973"/>
                    <TextEquiv>
                        <Unicode>Meisterschaft,</Unicode>
                    </TextEquiv>
                </Word>
                <Word id="tr_1_tl_42_w6" custom="readingOrder {index:5;}">
                    <Coords points="807,2975 807,3035 852,3035 852,2975"/>
                    <TextEquiv>
                        <Unicode>die</Unicode>
                    </TextEquiv>
                </Word>
                <Word id="tr_1_tl_42_w7" custom="readingOrder {index:6;}">
                    <Coords points="871,2974 871,3034 975,3034 975,2974"/>
                    <TextEquiv>
                        <Unicode>gerade</Unicode>
                    </TextEquiv>
                </Word>
                <Word id="tr_1_tl_42_w8" custom="readingOrder {index:7;}">
                    <Coords points="1003,2972 1003,3032 1025,3032 1025,2972"/>
                    <TextEquiv>
                        <Unicode>in</Unicode>
                    </TextEquiv>
                </Word>
                <Word id="tr_1_tl_42_w9" custom="readingOrder {index:8;}">
                    <Coords points="1053,2972 1053,3032 1102,3032 1102,2972"/>
                    <TextEquiv>
                        <Unicode>den</Unicode>
                    </TextEquiv>
                </Word>
                <Word id="tr_1_tl_42_w10" custom="readingOrder {index:9;}">
                    <Coords points="1130,2971 1130,3031 1221,3031 1221,2971"/>
                    <TextEquiv>
                        <Unicode>letzten</Unicode>
                    </TextEquiv>
                </Word>
                <Word id="tr_1_tl_42_w11" custom="readingOrder {index:10;}">
                    <Coords points="1248,2969 1248,3029 1361,3029 1361,2969"/>
                    <TextEquiv>
                        <Unicode>Jahren</Unicode>
                    </TextEquiv>
                </Word>
                <Word id="tr_1_tl_42_w12" custom="readingOrder {index:11;}">
                    <Coords points="1389,2968 1389,3028 1434,3028 1434,2968"/>
                    <TextEquiv>
                        <Unicode>den</Unicode>
                    </TextEquiv>
                </Word>
                <TextEquiv>
                    <Unicode>auf der Höhe jener Meisterschaft, die gerade in den letzten Jahren den</Unicode>
                </TextEquiv>
            </TextLine>
            <TextLine id="tr_1_tl_43" custom="readingOrder {index:42;}">
                <Coords points="224,3071 936,3056 936,3019 224,3028"/>
                <Baseline points="232,3057 267,3057 302,3057 338,3055 373,3054 409,3054 444,3054 479,3056 515,3055 550,3054 586,3054 621,3054 656,3054 692,3053 727,3052 763,3054 798,3052 833,3051 869,3051 904,3051 940,3051"/>
                <Word id="tr_1_tl_43_w1" custom="readingOrder {index:0;}">
                    <Coords points="227,3017 227,3077 331,3077 331,3017"/>
                    <TextEquiv>
                        <Unicode>Epiker</Unicode>
                    </TextEquiv>
                </Word>
                <Word id="tr_1_tl_43_w2" custom="readingOrder {index:1;}">
                    <Coords points="354,3014 354,3074 381,3074 381,3014"/>
                    <TextEquiv>
                        <Unicode>in</Unicode>
                    </TextEquiv>
                </Word>
                <Word id="tr_1_tl_43_w3" custom="readingOrder {index:2;}">
                    <Coords points="409,3015 409,3075 563,3075 563,3015"/>
                    <TextEquiv>
                        <Unicode>besonderm</Unicode>
                    </TextEquiv>
                </Word>
                <Word id="tr_1_tl_43_w4" custom="readingOrder {index:3;}">
                    <Coords points="609,3014 609,3074 699,3074 699,3014"/>
                    <TextEquiv>
                        <Unicode>Maße</Unicode>
                    </TextEquiv>
                </Word>
                <Word id="tr_1_tl_43_w5" custom="readingOrder {index:4;}">
                    <Coords points="727,3011 727,3071 940,3071 940,3011"/>
                    <TextEquiv>
                        <Unicode>auszeichnete.</Unicode>
                    </TextEquiv>
                </Word>
                <TextEquiv>
                    <Unicode>Epiker in besonderm Maße auszeichnete.</Unicode>
                </TextEquiv>
            </TextLine>
            <TextLine id="tr_1_tl_44" custom="readingOrder {index:43;}">
                <Coords points="259,3099 1458,3094 1435,3043 261,3071"/>
                <Baseline points="268,3092 327,3092 387,3092 447,3092 506,3090 566,3089 626,3089 685,3089 745,3092 805,3089 865,3089 924,3089 984,3086 1044,3086 1103,3086 1163,3086 1223,3086 1282,3084 1342,3085 1402,3085 1462,3084"/>
                <Word id="tr_1_tl_44_w1" custom="readingOrder {index:0;}">
                    <Coords points="262,3052 262,3112 329,3112 329,3052"/>
                    <TextEquiv>
                        <Unicode>Das</Unicode>
                    </TextEquiv>
                </Word>
                <Word id="tr_1_tl_44_w2" custom="readingOrder {index:1;}">
                    <Coords points="357,3052 357,3112 529,3112 529,3052"/>
                    <TextEquiv>
                        <Unicode>dichterische</Unicode>
                    </TextEquiv>
                </Word>
                <Word id="tr_1_tl_44_w3" custom="readingOrder {index:2;}">
                    <Coords points="552,3049 552,3109 638,3109 638,3049"/>
                    <TextEquiv>
                        <Unicode>Werk</Unicode>
                    </TextEquiv>
                </Word>
                <Word id="tr_1_tl_44_w4" custom="readingOrder {index:3;}">
                    <Coords points="661,3051 661,3111 833,3111 833,3051"/>
                    <TextEquiv>
                        <Unicode>Schnitzlers</Unicode>
                    </TextEquiv>
                </Word>
                <Word id="tr_1_tl_44_w5" custom="readingOrder {index:4;}">
                    <Coords points="860,3049 860,3109 955,3109 955,3049"/>
                    <TextEquiv>
                        <Unicode>wuchs</Unicode>
                    </TextEquiv>
                </Word>
                <Word id="tr_1_tl_44_w6" custom="readingOrder {index:5;}">
                    <Coords points="983,3046 983,3106 1232,3106 1232,3046"/>
                    <TextEquiv>
                        <Unicode>ununterbrochen</Unicode>
                    </TextEquiv>
                </Word>
                <Word id="tr_1_tl_44_w7" custom="readingOrder {index:6;}">
                    <Coords points="1264,3044 1264,3104 1318,3104 1318,3044"/>
                    <TextEquiv>
                        <Unicode>mit</Unicode>
                    </TextEquiv>
                </Word>
                <Word id="tr_1_tl_44_w8" custom="readingOrder {index:7;}">
                    <Coords points="1346,3045 1346,3105 1431,3105 1431,3045"/>
                    <TextEquiv>
                        <Unicode>seinem</Unicode>
                    </TextEquiv>
                </Word>
                <TextEquiv>
                    <Unicode>Das dichterische Werk Schnitzlers wuchs ununterbrochen mit seinem</Unicode>
                </TextEquiv>
            </TextLine>
            <TextLine id="tr_1_tl_45" custom="readingOrder {index:44;}">
                <Coords points="230,3141 1428,3141 1456,3093 231,3097"/>
                <Baseline points="238,3131 299,3131 360,3131 421,3131 482,3131 543,3129 604,3128 665,3128 726,3128 787,3128 848,3128 909,3128 970,3125 1031,3125 1092,3125 1153,3125 1214,3125 1275,3122 1336,3122 1397,3124 1459,3122"/>
                <Word id="tr_1_tl_45_w1" custom="readingOrder {index:0;}">
                    <Coords points="229,3091 229,3151 319,3151 319,3091"/>
                    <TextEquiv>
                        <Unicode>Leben</Unicode>
                    </TextEquiv>
                </Word>
                <Word id="tr_1_tl_45_w2" custom="readingOrder {index:1;}">
                    <Coords points="356,3091 356,3151 410,3151 410,3091"/>
                    <TextEquiv>
                        <Unicode>von</Unicode>
                    </TextEquiv>
                </Word>
                <Word id="tr_1_tl_45_w3" custom="readingOrder {index:2;}">
                    <Coords points="447,3090 447,3150 523,3150 523,3090"/>
                    <TextEquiv>
                        <Unicode>jenen</Unicode>
                    </TextEquiv>
                </Word>
                <Word id="tr_1_tl_45_w4" custom="readingOrder {index:3;}">
                    <Coords points="560,3088 560,3148 651,3148 651,3088"/>
                    <TextEquiv>
                        <Unicode>ersten</Unicode>
                    </TextEquiv>
                </Word>
                <Word id="tr_1_tl_45_w5" custom="readingOrder {index:4;}">
                    <Coords points="687,3088 687,3148 710,3148 710,3088"/>
                    <TextEquiv>
                        <Unicode>in</Unicode>
                    </TextEquiv>
                </Word>
                <Word id="tr_1_tl_45_w6" custom="readingOrder {index:5;}">
                    <Coords points="756,3088 756,3148 805,3148 805,3088"/>
                    <TextEquiv>
                        <Unicode>der</Unicode>
                    </TextEquiv>
                </Word>
                <Word id="tr_1_tl_45_w7" custom="readingOrder {index:6;}">
                    <Coords points="847,3088 847,3148 942,3148 942,3088"/>
                    <TextEquiv>
                        <Unicode>längst</Unicode>
                    </TextEquiv>
                </Word>
                <Word id="tr_1_tl_45_w8" custom="readingOrder {index:7;}">
                    <Coords points="983,3085 983,3145 1242,3145 1242,3085"/>
                    <TextEquiv>
                        <Unicode>verschwundenen</Unicode>
                    </TextEquiv>
                </Word>
                <Word id="tr_1_tl_45_w9" custom="readingOrder {index:8;}">
                    <Coords points="1292,3083 1292,3143 1451,3143 1451,3083"/>
                    <TextEquiv>
                        <Unicode>Zeitschrift</Unicode>
                    </TextEquiv>
                </Word>
                <TextEquiv>
                    <Unicode>Leben von jenen ersten in der längst verschwundenen Zeitschrift</Unicode>
                </TextEquiv>
            </TextLine>
            <TextLine id="tr_1_tl_46" custom="readingOrder {index:45;}">
                <Coords points="239,3182 1456,3173 1445,3133 1271,3127 239,3139"/>
                <Baseline points="247,3167 307,3170 368,3168 428,3170 489,3167 550,3167 610,3167 671,3167 731,3167 792,3167 853,3167 913,3165 974,3167 1034,3164 1095,3164 1156,3164 1216,3162 1277,3161 1337,3161 1398,3161 1459,3161"/>
                <Word id="tr_1_tl_46_w1" custom="readingOrder {index:0;}">
                    <Coords points="237,3129 237,3189 342,3189 342,3129"/>
                    <TextEquiv>
                        <Unicode>Schöne</Unicode>
                    </TextEquiv>
                </Word>
                <Word id="tr_1_tl_46_w2" custom="readingOrder {index:1;}">
                    <Coords points="369,3129 369,3189 457,3189 457,3129"/>
                    <TextEquiv>
                        <Unicode>blaue</Unicode>
                    </TextEquiv>
                </Word>
                <Word id="tr_1_tl_46_w3" custom="readingOrder {index:2;}">
                    <Coords points="488,3127 488,3187 588,3187 588,3127"/>
                    <TextEquiv>
                        <Unicode>Donau</Unicode>
                    </TextEquiv>
                </Word>
                <Word id="tr_1_tl_46_w4" custom="readingOrder {index:3;}">
                    <Coords points="624,3127 624,3187 818,3187 818,3127"/>
                    <TextEquiv>
                        <Unicode>erschienenen</Unicode>
                    </TextEquiv>
                </Word>
                <Word id="tr_1_tl_46_w5" custom="readingOrder {index:4;}">
                    <Coords points="853,3126 853,3186 1060,3186 1060,3126"/>
                    <TextEquiv>
                        <Unicode>Erzählungen</Unicode>
                    </TextEquiv>
                </Word>
                <Word id="tr_1_tl_46_w6" custom="readingOrder {index:5;}">
                    <Coords points="1096,3124 1096,3184 1139,3184 1139,3124"/>
                    <TextEquiv>
                        <Unicode>bis</Unicode>
                    </TextEquiv>
                </Word>
                <Word id="tr_1_tl_46_w7" custom="readingOrder {index:6;}">
                    <Coords points="1170,3123 1170,3183 1196,3183 1196,3123"/>
                    <TextEquiv>
                        <Unicode>zu</Unicode>
                    </TextEquiv>
                </Word>
                <Word id="tr_1_tl_46_w8" custom="readingOrder {index:7;}">
                    <Coords points="1232,3121 1232,3181 1319,3181 1319,3121"/>
                    <TextEquiv>
                        <Unicode>seiner</Unicode>
                    </TextEquiv>
                </Word>
                <Word id="tr_1_tl_46_w9" custom="readingOrder {index:8;}">
                    <Coords points="1351,3121 1351,3181 1438,3181 1438,3121"/>
                    <TextEquiv>
                        <Unicode>letzten</Unicode>
                    </TextEquiv>
                </Word>
                <TextEquiv>
                    <Unicode>Schöne blaue Donau erschienenen Erzählungen bis zu seiner letzten</Unicode>
                </TextEquiv>
            </TextLine>
            <TextLine id="tr_1_tl_47" custom="readingOrder {index:46;}">
                <Coords points="227,3216 1455,3211 1408,3168 227,3176"/>
                <Baseline points="235,3209 296,3209 357,3209 418,3209 479,3206 541,3209 602,3206 663,3205 724,3203 785,3206 847,3206 908,3204 969,3203 1030,3203 1091,3203 1153,3200 1214,3200 1275,3200 1336,3200 1397,3200 1459,3197"/>
                <Word id="tr_1_tl_47_w1" custom="readingOrder {index:0;}">
                    <Coords points="230,3169 230,3229 436,3229 436,3169"/>
                    <TextEquiv>
                        <Unicode>dramatischen</Unicode>
                    </TextEquiv>
                </Word>
                <Word id="tr_1_tl_47_w2" custom="readingOrder {index:1;}">
                    <Coords points="469,3168 469,3228 608,3228 608,3168"/>
                    <TextEquiv>
                        <Unicode>Dichtung</Unicode>
                    </TextEquiv>
                </Word>
                <Word id="tr_1_tl_47_w3" custom="readingOrder {index:2;}">
                    <Coords points="637,3164 637,3224 697,3224 697,3164"/>
                    <TextEquiv>
                        <Unicode>Der</Unicode>
                    </TextEquiv>
                </Word>
                <Word id="tr_1_tl_47_w4" custom="readingOrder {index:3;}">
                    <Coords points="721,3165 721,3225 809,3225 809,3165"/>
                    <TextEquiv>
                        <Unicode>Gang</Unicode>
                    </TextEquiv>
                </Word>
                <Word id="tr_1_tl_47_w5" custom="readingOrder {index:4;}">
                    <Coords points="843,3165 843,3225 889,3225 889,3165"/>
                    <TextEquiv>
                        <Unicode>zum</Unicode>
                    </TextEquiv>
                </Word>
                <Word id="tr_1_tl_47_w6" custom="readingOrder {index:5;}">
                    <Coords points="931,3163 931,3223 1067,3223 1067,3163"/>
                    <TextEquiv>
                        <Unicode>Weiher.</Unicode>
                    </TextEquiv>
                </Word>
                <Word id="tr_1_tl_47_w7" custom="readingOrder {index:6;}">
                    <Coords points="1095,3161 1095,3221 1155,3221 1155,3161"/>
                    <TextEquiv>
                        <Unicode>Der</Unicode>
                    </TextEquiv>
                </Word>
                <Word id="tr_1_tl_47_w8" custom="readingOrder {index:7;}">
                    <Coords points="1179,3160 1179,3220 1272,3220 1272,3160"/>
                    <TextEquiv>
                        <Unicode>junge</Unicode>
                    </TextEquiv>
                </Word>
                <Word id="tr_1_tl_47_w9" custom="readingOrder {index:8;}">
                    <Coords points="1296,3160 1296,3220 1384,3220 1384,3160"/>
                    <TextEquiv>
                        <Unicode>Arzt,</Unicode>
                    </TextEquiv>
                </Word>
                <Word id="tr_1_tl_47_w10" custom="readingOrder {index:9;}">
                    <Coords points="1408,3158 1408,3218 1449,3218 1449,3158"/>
                    <TextEquiv>
                        <Unicode>der</Unicode>
                    </TextEquiv>
                </Word>
                <TextEquiv>
                    <Unicode>dramatischen Dichtung Der Gang zum Weiher. Der junge Arzt, der</Unicode>
                </TextEquiv>
            </TextLine>
            <TextLine id="tr_1_tl_48" custom="readingOrder {index:47;}">
                <Coords points="230,3256 1362,3255 1451,3216 231,3222"/>
                <Baseline points="238,3248 298,3248 359,3245 420,3245 481,3245 542,3245 603,3245 664,3242 725,3242 786,3242 847,3245 907,3243 968,3239 1029,3242 1090,3240 1151,3239 1212,3239 1273,3239 1334,3239 1395,3239 1456,3233"/>
                <Word id="tr_1_tl_48_w1" custom="readingOrder {index:0;}">
                    <Coords points="228,3208 228,3268 281,3268 281,3208"/>
                    <TextEquiv>
                        <Unicode>von</Unicode>
                    </TextEquiv>
                </Word>
                <Word id="tr_1_tl_48_w2" custom="readingOrder {index:1;}">
                    <Coords points="316,3205 316,3265 386,3265 386,3205"/>
                    <TextEquiv>
                        <Unicode>1886</Unicode>
                    </TextEquiv>
                </Word>
                <Word id="tr_1_tl_48_w3" custom="readingOrder {index:2;}">
                    <Coords points="418,3205 418,3265 461,3265 461,3205"/>
                    <TextEquiv>
                        <Unicode>bis</Unicode>
                    </TextEquiv>
                </Word>
                <Word id="tr_1_tl_48_w4" custom="readingOrder {index:3;}">
                    <Coords points="497,3205 497,3265 562,3265 562,3205"/>
                    <TextEquiv>
                        <Unicode>1889</Unicode>
                    </TextEquiv>
                </Word>
                <Word id="tr_1_tl_48_w5" custom="readingOrder {index:4;}">
                    <Coords points="594,3204 594,3264 619,3264 619,3204"/>
                    <TextEquiv>
                        <Unicode>in</Unicode>
                    </TextEquiv>
                </Word>
                <Word id="tr_1_tl_48_w6" custom="readingOrder {index:5;}">
                    <Coords points="655,3202 655,3262 703,3262 703,3202"/>
                    <TextEquiv>
                        <Unicode>der</Unicode>
                    </TextEquiv>
                </Word>
                <Word id="tr_1_tl_48_w7" custom="readingOrder {index:6;}">
                    <Coords points="730,3202 730,3262 826,3262 826,3202"/>
                    <TextEquiv>
                        <Unicode>Klinik</Unicode>
                    </TextEquiv>
                </Word>
                <Word id="tr_1_tl_48_w8" custom="readingOrder {index:7;}">
                    <Coords points="853,3203 853,3263 945,3263 945,3203"/>
                    <TextEquiv>
                        <Unicode>seines</Unicode>
                    </TextEquiv>
                </Word>
                <Word id="tr_1_tl_48_w9" custom="readingOrder {index:8;}">
                    <Coords points="985,3201 985,3261 1112,3261 1112,3201"/>
                    <TextEquiv>
                        <Unicode>Vaters,</Unicode>
                    </TextEquiv>
                </Word>
                <Word id="tr_1_tl_48_w10" custom="readingOrder {index:9;}">
                    <Coords points="1148,3199 1148,3259 1196,3259 1196,3199"/>
                    <TextEquiv>
                        <Unicode>des</Unicode>
                    </TextEquiv>
                </Word>
                <Word id="tr_1_tl_48_w11" custom="readingOrder {index:10;}">
                    <Coords points="1236,3199 1236,3259 1447,3259 1447,3199"/>
                    <TextEquiv>
                        <Unicode>Universitäts¬</Unicode>
                    </TextEquiv>
                </Word>
                <TextEquiv>
                    <Unicode>von 1886 bis 1889 in der Klinik seines Vaters, des Universitäts¬</Unicode>
                </TextEquiv>
            </TextLine>
            <TextLine id="tr_1_tl_49" custom="readingOrder {index:48;}">
                <Coords points="233,3304 1455,3289 1435,3245 233,3256"/>
                <Baseline points="241,3287 301,3287 362,3287 423,3284 484,3284 545,3284 606,3284 667,3282 728,3284 789,3284 850,3281 910,3281 971,3281 1032,3280 1093,3280 1154,3280 1215,3276 1276,3275 1337,3278 1398,3278 1459,3275"/>
                <Word id="tr_1_tl_49_w1" custom="readingOrder {index:0;}">
                    <Coords points="227,3247 227,3307 381,3307 381,3247"/>
                    <TextEquiv>
                        <Unicode>professors</Unicode>
                    </TextEquiv>
                </Word>
                <Word id="tr_1_tl_49_w2" custom="readingOrder {index:1;}">
                    <Coords points="418,3244 418,3304 472,3304 472,3244"/>
                    <TextEquiv>
                        <Unicode>Dr.</Unicode>
                    </TextEquiv>
                </Word>
                <Word id="tr_1_tl_49_w3" custom="readingOrder {index:2;}">
                    <Coords points="491,3244 491,3304 608,3304 608,3244"/>
                    <TextEquiv>
                        <Unicode>Johann</Unicode>
                    </TextEquiv>
                </Word>
                <Word id="tr_1_tl_49_w4" custom="readingOrder {index:3;}">
                    <Coords points="645,3244 645,3304 818,3304 818,3244"/>
                    <TextEquiv>
                        <Unicode>Schnitzler,</Unicode>
                    </TextEquiv>
                </Word>
                <Word id="tr_1_tl_49_w5" custom="readingOrder {index:4;}">
                    <Coords points="841,3241 841,3301 881,3301 881,3241"/>
                    <TextEquiv>
                        <Unicode>als</Unicode>
                    </TextEquiv>
                </Word>
                <Word id="tr_1_tl_49_w6" custom="readingOrder {index:5;}">
                    <Coords points="914,3240 914,3300 1050,3300 1050,3240"/>
                    <TextEquiv>
                        <Unicode>Assistent</Unicode>
                    </TextEquiv>
                </Word>
                <Word id="tr_1_tl_49_w7" custom="readingOrder {index:6;}">
                    <Coords points="1077,3240 1077,3300 1231,3300 1231,3240"/>
                    <TextEquiv>
                        <Unicode>arbeitete,</Unicode>
                    </TextEquiv>
                </Word>
                <Word id="tr_1_tl_49_w8" custom="readingOrder {index:7;}">
                    <Coords points="1264,3236 1264,3296 1341,3296 1341,3236"/>
                    <TextEquiv>
                        <Unicode>hatte</Unicode>
                    </TextEquiv>
                </Word>
                <Word id="tr_1_tl_49_w9" custom="readingOrder {index:8;}">
                    <Coords points="1368,3237 1368,3297 1441,3297 1441,3237"/>
                    <TextEquiv>
                        <Unicode>schon</Unicode>
                    </TextEquiv>
                </Word>
                <TextEquiv>
                    <Unicode>professors Dr. Johann Schnitzler, als Assistent arbeitete, hatte schon</Unicode>
                </TextEquiv>
            </TextLine>
            <TextLine id="tr_1_tl_50" custom="readingOrder {index:49;}">
                <Coords points="224,3332 1456,3326 1456,3289 1356,3279 224,3304"/>
                <Baseline points="232,3325 293,3325 354,3325 416,3323 477,3325 538,3322 600,3322 661,3321 722,3321 784,3319 845,3319 906,3319 968,3319 1029,3319 1090,3319 1152,3316 1213,3316 1274,3316 1336,3314 1397,3316 1459,3313"/>
                <Word id="tr_1_tl_50_w1" custom="readingOrder {index:0;}">
                    <Coords points="227,3285 227,3345 286,3345 286,3285"/>
                    <TextEquiv>
                        <Unicode>viel</Unicode>
                    </TextEquiv>
                </Word>
                <Word id="tr_1_tl_50_w2" custom="readingOrder {index:1;}">
                    <Coords points="305,3283 305,3343 501,3343 501,3283"/>
                    <TextEquiv>
                        <Unicode>geschrieben,</Unicode>
                    </TextEquiv>
                </Word>
                <Word id="tr_1_tl_50_w3" custom="readingOrder {index:2;}">
                    <Coords points="515,3282 515,3342 560,3342 560,3282"/>
                    <TextEquiv>
                        <Unicode>als</Unicode>
                    </TextEquiv>
                </Word>
                <Word id="tr_1_tl_50_w4" custom="readingOrder {index:3;}">
                    <Coords points="583,3282 583,3342 610,3342 610,3282"/>
                    <TextEquiv>
                        <Unicode>er</Unicode>
                    </TextEquiv>
                </Word>
                <Word id="tr_1_tl_50_w5" custom="readingOrder {index:4;}">
                    <Coords points="634,3281 634,3341 706,3341 706,3281"/>
                    <TextEquiv>
                        <Unicode>1893</Unicode>
                    </TextEquiv>
                </Word>
                <Word id="tr_1_tl_50_w6" custom="readingOrder {index:5;}">
                    <Coords points="730,3279 730,3339 784,3339 784,3279"/>
                    <TextEquiv>
                        <Unicode>mit</Unicode>
                    </TextEquiv>
                </Word>
                <Word id="tr_1_tl_50_w7" custom="readingOrder {index:6;}">
                    <Coords points="802,3279 802,3339 853,3339 853,3279"/>
                    <TextEquiv>
                        <Unicode>dem</Unicode>
                    </TextEquiv>
                </Word>
                <Word id="tr_1_tl_50_w8" custom="readingOrder {index:7;}">
                    <Coords points="890,3279 890,3339 1026,3339 1026,3279"/>
                    <TextEquiv>
                        <Unicode>Märchen</Unicode>
                    </TextEquiv>
                </Word>
                <Word id="tr_1_tl_50_w9" custom="readingOrder {index:8;}">
                    <Coords points="1059,3279 1059,3339 1113,3339 1113,3279"/>
                    <TextEquiv>
                        <Unicode>und</Unicode>
                    </TextEquiv>
                </Word>
                <Word id="tr_1_tl_50_w10" custom="readingOrder {index:9;}">
                    <Coords points="1141,3276 1141,3336 1186,3336 1186,3276"/>
                    <TextEquiv>
                        <Unicode>der</Unicode>
                    </TextEquiv>
                </Word>
                <Word id="tr_1_tl_50_w11" custom="readingOrder {index:10;}">
                    <Coords points="1209,3275 1209,3335 1341,3335 1341,3275"/>
                    <TextEquiv>
                        <Unicode>Liebelei</Unicode>
                    </TextEquiv>
                </Word>
                <Word id="tr_1_tl_50_w12" custom="readingOrder {index:11;}">
                    <Coords points="1360,3275 1360,3335 1446,3335 1446,3275"/>
                    <TextEquiv>
                        <Unicode>seinen</Unicode>
                    </TextEquiv>
                </Word>
                <TextEquiv>
                    <Unicode>viel geschrieben, als er 1893 mit dem Märchen und der Liebelei seinen</Unicode>
                </TextEquiv>
            </TextLine>
            <TextLine id="tr_1_tl_51" custom="readingOrder {index:50;}">
                <Coords points="233,3370 1450,3366 1405,3321 233,3338"/>
                <Baseline points="241,3364 301,3364 362,3364 422,3364 483,3361 544,3361 604,3361 665,3361 725,3361 786,3361 847,3358 907,3358 968,3358 1028,3356 1089,3355 1150,3355 1210,3355 1271,3355 1331,3353 1392,3355 1453,3352"/>
                <Word id="tr_1_tl_51_w1" custom="readingOrder {index:0;}">
                    <Coords points="231,3324 231,3384 314,3384 314,3324"/>
                    <TextEquiv>
                        <Unicode>ersten</Unicode>
                    </TextEquiv>
                </Word>
                <Word id="tr_1_tl_51_w2" custom="readingOrder {index:1;}">
                    <Coords points="350,3322 350,3382 570,3382 570,3322"/>
                    <TextEquiv>
                        <Unicode>Theatererfolg</Unicode>
                    </TextEquiv>
                </Word>
                <Word id="tr_1_tl_51_w3" custom="readingOrder {index:2;}">
                    <Coords points="602,3321 602,3381 725,3381 725,3321"/>
                    <TextEquiv>
                        <Unicode>errang.</Unicode>
                    </TextEquiv>
                </Word>
                <Word id="tr_1_tl_51_w4" custom="readingOrder {index:3;}">
                    <Coords points="753,3321 753,3381 792,3381 792,3321"/>
                    <TextEquiv>
                        <Unicode>Im</Unicode>
                    </TextEquiv>
                </Word>
                <Word id="tr_1_tl_51_w5" custom="readingOrder {index:4;}">
                    <Coords points="836,3318 836,3378 924,3378 924,3318"/>
                    <TextEquiv>
                        <Unicode>selben</Unicode>
                    </TextEquiv>
                </Word>
                <Word id="tr_1_tl_51_w6" custom="readingOrder {index:5;}">
                    <Coords points="956,3317 956,3377 1035,3377 1035,3317"/>
                    <TextEquiv>
                        <Unicode>Jahr</Unicode>
                    </TextEquiv>
                </Word>
                <Word id="tr_1_tl_51_w7" custom="readingOrder {index:6;}">
                    <Coords points="1061,3315 1061,3375 1163,3375 1163,3315"/>
                    <TextEquiv>
                        <Unicode>mußte</Unicode>
                    </TextEquiv>
                </Word>
                <Word id="tr_1_tl_51_w8" custom="readingOrder {index:7;}">
                    <Coords points="1190,3315 1190,3375 1220,3375 1220,3315"/>
                    <TextEquiv>
                        <Unicode>er</Unicode>
                    </TextEquiv>
                </Word>
                <Word id="tr_1_tl_51_w9" custom="readingOrder {index:8;}">
                    <Coords points="1247,3315 1247,3375 1295,3375 1295,3315"/>
                    <TextEquiv>
                        <Unicode>den</Unicode>
                    </TextEquiv>
                </Word>
                <Word id="tr_1_tl_51_w10" custom="readingOrder {index:9;}">
                    <Coords points="1327,3314 1327,3374 1454,3374 1454,3314"/>
                    <TextEquiv>
                        <Unicode>militär¬</Unicode>
                    </TextEquiv>
                </Word>
                <TextEquiv>
                    <Unicode>ersten Theatererfolg errang. Im selben Jahr mußte er den militär¬</Unicode>
                </TextEquiv>
            </TextLine>
            <TextLine id="tr_1_tl_52" custom="readingOrder {index:51;}">
                <Coords points="233,3410 1458,3401 1458,3369 1319,3355 233,3370"/>
                <Baseline points="241,3403 302,3403 363,3403 424,3403 485,3403 546,3401 607,3400 668,3399 729,3397 790,3397 851,3397 912,3397 973,3397 1034,3396 1095,3394 1156,3394 1217,3393 1278,3391 1339,3393 1400,3393 1462,3391"/>
                <Word id="tr_1_tl_52_w1" custom="readingOrder {index:0;}">
                    <Coords points="231,3363 231,3423 381,3423 381,3363"/>
                    <TextEquiv>
                        <Unicode>ärztlichen</Unicode>
                    </TextEquiv>
                </Word>
                <Word id="tr_1_tl_52_w2" custom="readingOrder {index:1;}">
                    <Coords points="411,3363 411,3423 527,3423 527,3363"/>
                    <TextEquiv>
                        <Unicode>Dienst,</Unicode>
                    </TextEquiv>
                </Word>
                <Word id="tr_1_tl_52_w3" custom="readingOrder {index:2;}">
                    <Coords points="561,3360 561,3420 587,3420 587,3360"/>
                    <TextEquiv>
                        <Unicode>zu</Unicode>
                    </TextEquiv>
                </Word>
                <Word id="tr_1_tl_52_w4" custom="readingOrder {index:3;}">
                    <Coords points="621,3359 621,3419 668,3419 668,3359"/>
                    <TextEquiv>
                        <Unicode>dem</Unicode>
                    </TextEquiv>
                </Word>
                <Word id="tr_1_tl_52_w5" custom="readingOrder {index:4;}">
                    <Coords points="716,3357 716,3417 741,3417 741,3357"/>
                    <TextEquiv>
                        <Unicode>er</Unicode>
                    </TextEquiv>
                </Word>
                <Word id="tr_1_tl_52_w6" custom="readingOrder {index:5;}">
                    <Coords points="772,3357 772,3417 887,3417 887,3357"/>
                    <TextEquiv>
                        <Unicode>damals</Unicode>
                    </TextEquiv>
                </Word>
                <Word id="tr_1_tl_52_w7" custom="readingOrder {index:6;}">
                    <Coords points="918,3356 918,3416 1085,3416 1085,3356"/>
                    <TextEquiv>
                        <Unicode>einberufen</Unicode>
                    </TextEquiv>
                </Word>
                <Word id="tr_1_tl_52_w8" custom="readingOrder {index:7;}">
                    <Coords points="1120,3353 1120,3413 1200,3413 1200,3353"/>
                    <TextEquiv>
                        <Unicode>war,</Unicode>
                    </TextEquiv>
                </Word>
                <Word id="tr_1_tl_52_w9" custom="readingOrder {index:8;}">
                    <Coords points="1231,3351 1231,3411 1329,3411 1329,3351"/>
                    <TextEquiv>
                        <Unicode>wegen</Unicode>
                    </TextEquiv>
                </Word>
                <Word id="tr_1_tl_52_w10" custom="readingOrder {index:9;}">
                    <Coords points="1364,3352 1364,3412 1454,3412 1454,3352"/>
                    <TextEquiv>
                        <Unicode>seiner</Unicode>
                    </TextEquiv>
                </Word>
                <TextEquiv>
                    <Unicode>ärztlichen Dienst, zu dem er damals einberufen war, wegen seiner</Unicode>
                </TextEquiv>
            </TextLine>
            <TextLine id="tr_1_tl_53" custom="readingOrder {index:52;}">
                <Coords points="230,3449 1455,3441 1455,3403 1348,3394 230,3410"/>
                <Baseline points="238,3439 299,3439 360,3441 421,3441 482,3439 543,3439 604,3439 665,3436 726,3436 787,3436 848,3438 909,3436 970,3436 1031,3435 1092,3433 1153,3430 1214,3430 1275,3433 1336,3433 1397,3433 1459,3430"/>
                <Word id="tr_1_tl_53_w1" custom="readingOrder {index:0;}">
                    <Coords points="233,3399 233,3459 355,3459 355,3399"/>
                    <TextEquiv>
                        <Unicode>Novelle</Unicode>
                    </TextEquiv>
                </Word>
                <Word id="tr_1_tl_53_w2" custom="readingOrder {index:1;}">
                    <Coords points="382,3399 382,3459 531,3459 531,3399"/>
                    <TextEquiv>
                        <Unicode>Leutnant</Unicode>
                    </TextEquiv>
                </Word>
                <Word id="tr_1_tl_53_w3" custom="readingOrder {index:2;}">
                    <Coords points="558,3398 558,3458 663,3458 663,3398"/>
                    <TextEquiv>
                        <Unicode>Gustel</Unicode>
                    </TextEquiv>
                </Word>
                <Word id="tr_1_tl_53_w4" custom="readingOrder {index:3;}">
                    <Coords points="686,3396 686,3456 843,3456 843,3396"/>
                    <TextEquiv>
                        <Unicode>verlassen.</Unicode>
                    </TextEquiv>
                </Word>
                <Word id="tr_1_tl_53_w5" custom="readingOrder {index:4;}">
                    <Coords points="875,3396 875,3456 940,3456 940,3396"/>
                    <TextEquiv>
                        <Unicode>1895</Unicode>
                    </TextEquiv>
                </Word>
                <Word id="tr_1_tl_53_w6" custom="readingOrder {index:5;}">
                    <Coords points="976,3395 976,3455 1028,3455 1028,3395"/>
                    <TextEquiv>
                        <Unicode>gab</Unicode>
                    </TextEquiv>
                </Word>
                <Word id="tr_1_tl_53_w7" custom="readingOrder {index:6;}">
                    <Coords points="1059,3392 1059,3452 1134,3452 1134,3392"/>
                    <TextEquiv>
                        <Unicode>dann</Unicode>
                    </TextEquiv>
                </Word>
                <Word id="tr_1_tl_53_w8" custom="readingOrder {index:7;}">
                    <Coords points="1169,3390 1169,3450 1217,3450 1217,3390"/>
                    <TextEquiv>
                        <Unicode>das</Unicode>
                    </TextEquiv>
                </Word>
                <Word id="tr_1_tl_53_w9" custom="readingOrder {index:8;}">
                    <Coords points="1253,3393 1253,3453 1446,3453 1446,3393"/>
                    <TextEquiv>
                        <Unicode>Burgtheater</Unicode>
                    </TextEquiv>
                </Word>
                <TextEquiv>
                    <Unicode>Novelle Leutnant Gustel verlassen. 1895 gab dann das Burgtheater</Unicode>
                </TextEquiv>
            </TextLine>
            <TextLine id="tr_1_tl_54" custom="readingOrder {index:53;}">
                <Coords points="228,3481 1453,3483 1455,3441 1410,3438 230,3449"/>
                <Baseline points="238,3478 299,3478 360,3481 421,3479 482,3480 543,3478 604,3478 665,3477 726,3477 787,3475 848,3475 909,3475 970,3472 1031,3474 1092,3472 1153,3472 1214,3472 1275,3472 1336,3471 1397,3471 1459,3469"/>
                <Word id="tr_1_tl_54_w1" custom="readingOrder {index:0;}">
                    <Coords points="231,3438 231,3498 276,3498 276,3438"/>
                    <TextEquiv>
                        <Unicode>den</Unicode>
                    </TextEquiv>
                </Word>
                <Word id="tr_1_tl_54_w2" custom="readingOrder {index:1;}">
                    <Coords points="313,3439 313,3499 566,3499 566,3439"/>
                    <TextEquiv>
                        <Unicode>Anatol=Zyklus,</Unicode>
                    </TextEquiv>
                </Word>
                <Word id="tr_1_tl_54_w3" custom="readingOrder {index:2;}">
                    <Coords points="598,3437 598,3497 679,3497 679,3437"/>
                    <TextEquiv>
                        <Unicode>durch</Unicode>
                    </TextEquiv>
                </Word>
                <Word id="tr_1_tl_54_w4" custom="readingOrder {index:3;}">
                    <Coords points="716,3436 716,3496 761,3496 761,3436"/>
                    <TextEquiv>
                        <Unicode>den</Unicode>
                    </TextEquiv>
                </Word>
                <Word id="tr_1_tl_54_w5" custom="readingOrder {index:4;}">
                    <Coords points="798,3435 798,3495 952,3495 952,3435"/>
                    <TextEquiv>
                        <Unicode>Schnitzler</Unicode>
                    </TextEquiv>
                </Word>
                <Word id="tr_1_tl_54_w6" custom="readingOrder {index:5;}">
                    <Coords points="984,3433 984,3493 1038,3493 1038,3433"/>
                    <TextEquiv>
                        <Unicode>mit</Unicode>
                    </TextEquiv>
                </Word>
                <Word id="tr_1_tl_54_w7" custom="readingOrder {index:6;}">
                    <Coords points="1065,3432 1065,3492 1142,3492 1142,3432"/>
                    <TextEquiv>
                        <Unicode>einem</Unicode>
                    </TextEquiv>
                </Word>
                <Word id="tr_1_tl_54_w8" custom="readingOrder {index:7;}">
                    <Coords points="1188,3432 1188,3492 1292,3492 1292,3432"/>
                    <TextEquiv>
                        <Unicode>Schlag</Unicode>
                    </TextEquiv>
                </Word>
                <Word id="tr_1_tl_54_w9" custom="readingOrder {index:8;}">
                    <Coords points="1328,3431 1328,3491 1355,3491 1355,3431"/>
                    <TextEquiv>
                        <Unicode>zu</Unicode>
                    </TextEquiv>
                </Word>
                <Word id="tr_1_tl_54_w10" custom="readingOrder {index:9;}">
                    <Coords points="1387,3430 1387,3490 1432,3490 1432,3430"/>
                    <TextEquiv>
                        <Unicode>dem</Unicode>
                    </TextEquiv>
                </Word>
                <TextEquiv>
                    <Unicode>den Anatol=Zyklus, durch den Schnitzler mit einem Schlag zu dem</Unicode>
                </TextEquiv>
            </TextLine>
            <TextLine id="tr_1_tl_55" custom="readingOrder {index:54;}">
                <Coords points="236,3526 1455,3517 1435,3474 238,3489"/>
                <Baseline points="244,3516 304,3518 365,3516 426,3519 487,3518 547,3516 608,3516 669,3516 730,3516 790,3513 851,3513 912,3513 973,3510 1033,3509 1094,3510 1155,3510 1216,3510 1276,3510 1337,3508 1398,3508 1459,3504"/>
                <Word id="tr_1_tl_55_w1" custom="readingOrder {index:0;}">
                    <Coords points="235,3477 235,3537 316,3537 316,3477"/>
                    <TextEquiv>
                        <Unicode>ersten</Unicode>
                    </TextEquiv>
                </Word>
                <Word id="tr_1_tl_55_w2" custom="readingOrder {index:1;}">
                    <Coords points="352,3478 352,3538 588,3538 588,3478"/>
                    <TextEquiv>
                        <Unicode>österreichischen</Unicode>
                    </TextEquiv>
                </Word>
                <Word id="tr_1_tl_55_w3" custom="readingOrder {index:2;}">
                    <Coords points="629,3476 629,3536 820,3536 820,3476"/>
                    <TextEquiv>
                        <Unicode>Dramatiker</Unicode>
                    </TextEquiv>
                </Word>
                <Word id="tr_1_tl_55_w4" custom="readingOrder {index:3;}">
                    <Coords points="852,3473 852,3533 965,3533 965,3473"/>
                    <TextEquiv>
                        <Unicode>wurde.</Unicode>
                    </TextEquiv>
                </Word>
                <Word id="tr_1_tl_55_w5" custom="readingOrder {index:4;}">
                    <Coords points="1002,3469 1002,3529 1038,3529 1038,3469"/>
                    <TextEquiv>
                        <Unicode>In</Unicode>
                    </TextEquiv>
                </Word>
                <Word id="tr_1_tl_55_w6" custom="readingOrder {index:5;}">
                    <Coords points="1075,3470 1075,3530 1187,3530 1187,3470"/>
                    <TextEquiv>
                        <Unicode>rascher</Unicode>
                    </TextEquiv>
                </Word>
                <Word id="tr_1_tl_55_w7" custom="readingOrder {index:6;}">
                    <Coords points="1220,3470 1220,3530 1310,3530 1310,3470"/>
                    <TextEquiv>
                        <Unicode>Folge</Unicode>
                    </TextEquiv>
                </Word>
                <Word id="tr_1_tl_55_w8" custom="readingOrder {index:7;}">
                    <Coords points="1343,3467 1343,3527 1455,3527 1455,3467"/>
                    <TextEquiv>
                        <Unicode>brachte</Unicode>
                    </TextEquiv>
                </Word>
                <TextEquiv>
                    <Unicode>ersten österreichischen Dramatiker wurde. In rascher Folge brachte</Unicode>
                </TextEquiv>
            </TextLine>
            <TextLine id="tr_1_tl_56" custom="readingOrder {index:55;}">
                <Coords points="230,3560 1458,3565 1458,3515 230,3523"/>
                <Baseline points="238,3555 299,3558 360,3557 421,3555 482,3558 544,3555 605,3555 666,3552 727,3552 788,3552 850,3552 911,3552 972,3549 1033,3548 1094,3548 1156,3549 1217,3548 1278,3549 1339,3546 1400,3546 1462,3546"/>
                <Word id="tr_1_tl_56_w1" custom="readingOrder {index:0;}">
                    <Coords points="232,3515 232,3575 262,3575 262,3515"/>
                    <TextEquiv>
                        <Unicode>er</Unicode>
                    </TextEquiv>
                </Word>
                <Word id="tr_1_tl_56_w2" custom="readingOrder {index:1;}">
                    <Coords points="288,3517 288,3577 343,3577 343,3517"/>
                    <TextEquiv>
                        <Unicode>nun</Unicode>
                    </TextEquiv>
                </Word>
                <Word id="tr_1_tl_56_w3" custom="readingOrder {index:2;}">
                    <Coords points="378,3515 378,3575 416,3575 416,3515"/>
                    <TextEquiv>
                        <Unicode>ein</Unicode>
                    </TextEquiv>
                </Word>
                <Word id="tr_1_tl_56_w4" custom="readingOrder {index:3;}">
                    <Coords points="451,3516 451,3576 562,3576 562,3516"/>
                    <TextEquiv>
                        <Unicode>Drama</Unicode>
                    </TextEquiv>
                </Word>
                <Word id="tr_1_tl_56_w5" custom="readingOrder {index:4;}">
                    <Coords points="593,3514 593,3574 656,3574 656,3514"/>
                    <TextEquiv>
                        <Unicode>nach</Unicode>
                    </TextEquiv>
                </Word>
                <Word id="tr_1_tl_56_w6" custom="readingOrder {index:5;}">
                    <Coords points="687,3512 687,3572 738,3572 738,3512"/>
                    <TextEquiv>
                        <Unicode>dem</Unicode>
                    </TextEquiv>
                </Word>
                <Word id="tr_1_tl_56_w7" custom="readingOrder {index:6;}">
                    <Coords points="777,3512 777,3572 884,3572 884,3512"/>
                    <TextEquiv>
                        <Unicode>andern</Unicode>
                    </TextEquiv>
                </Word>
                <Word id="tr_1_tl_56_w8" custom="readingOrder {index:7;}">
                    <Coords points="918,3510 918,3570 974,3570 974,3510"/>
                    <TextEquiv>
                        <Unicode>auf</Unicode>
                    </TextEquiv>
                </Word>
                <Word id="tr_1_tl_56_w9" custom="readingOrder {index:8;}">
                    <Coords points="995,3508 995,3568 1038,3568 1038,3508"/>
                    <TextEquiv>
                        <Unicode>die</Unicode>
                    </TextEquiv>
                </Word>
                <Word id="tr_1_tl_56_w10" custom="readingOrder {index:9;}">
                    <Coords points="1068,3508 1068,3568 1188,3568 1188,3508"/>
                    <TextEquiv>
                        <Unicode>Bühne,</Unicode>
                    </TextEquiv>
                </Word>
                <Word id="tr_1_tl_56_w11" custom="readingOrder {index:10;}">
                    <Coords points="1214,3508 1214,3568 1355,3568 1355,3508"/>
                    <TextEquiv>
                        <Unicode>darunter</Unicode>
                    </TextEquiv>
                </Word>
                <Word id="tr_1_tl_56_w12" custom="readingOrder {index:11;}">
                    <Coords points="1386,3506 1386,3566 1449,3566 1449,3506"/>
                    <TextEquiv>
                        <Unicode>1909</Unicode>
                    </TextEquiv>
                </Word>
                <TextEquiv>
                    <Unicode>er nun ein Drama nach dem andern auf die Bühne, darunter 1909</Unicode>
                </TextEquiv>
            </TextLine>
            <TextLine id="tr_1_tl_57" custom="readingOrder {index:56;}">
                <Coords points="236,3606 1461,3594 1451,3557 236,3563"/>
                <Baseline points="244,3594 305,3597 366,3596 427,3594 488,3594 549,3594 610,3594 671,3593 732,3591 793,3591 854,3591 915,3591 976,3591 1037,3588 1098,3588 1159,3588 1220,3588 1281,3585 1342,3585 1403,3585 1465,3588"/>
                <Word id="tr_1_tl_57_w1" custom="readingOrder {index:0;}">
                    <Coords points="235,3554 235,3614 279,3614 279,3554"/>
                    <TextEquiv>
                        <Unicode>den</Unicode>
                    </TextEquiv>
                </Word>
                <Word id="tr_1_tl_57_w2" custom="readingOrder {index:1;}">
                    <Coords points="311,3556 311,3616 415,3616 415,3556"/>
                    <TextEquiv>
                        <Unicode>jungen</Unicode>
                    </TextEquiv>
                </Word>
                <Word id="tr_1_tl_57_w3" custom="readingOrder {index:2;}">
                    <Coords points="447,3554 447,3614 632,3614 632,3554"/>
                    <TextEquiv>
                        <Unicode>Medardus,</Unicode>
                    </TextEquiv>
                </Word>
                <Word id="tr_1_tl_57_w4" custom="readingOrder {index:3;}">
                    <Coords points="660,3552 660,3612 709,3612 709,3552"/>
                    <TextEquiv>
                        <Unicode>der</Unicode>
                    </TextEquiv>
                </Word>
                <Word id="tr_1_tl_57_w5" custom="readingOrder {index:4;}">
                    <Coords points="737,3551 737,3611 782,3611 782,3551"/>
                    <TextEquiv>
                        <Unicode>für</Unicode>
                    </TextEquiv>
                </Word>
                <Word id="tr_1_tl_57_w6" custom="readingOrder {index:5;}">
                    <Coords points="805,3551 805,3611 886,3611 886,3551"/>
                    <TextEquiv>
                        <Unicode>Josef</Unicode>
                    </TextEquiv>
                </Word>
                <Word id="tr_1_tl_57_w7" custom="readingOrder {index:6;}">
                    <Coords points="909,3551 909,3611 1003,3611 1003,3551"/>
                    <TextEquiv>
                        <Unicode>Kainz</Unicode>
                    </TextEquiv>
                </Word>
                <Word id="tr_1_tl_57_w8" custom="readingOrder {index:7;}">
                    <Coords points="1031,3548 1031,3608 1202,3608 1202,3548"/>
                    <TextEquiv>
                        <Unicode>geschrieben</Unicode>
                    </TextEquiv>
                </Word>
                <Word id="tr_1_tl_57_w9" custom="readingOrder {index:8;}">
                    <Coords points="1235,3545 1235,3605 1347,3605 1347,3545"/>
                    <TextEquiv>
                        <Unicode>worden</Unicode>
                    </TextEquiv>
                </Word>
                <Word id="tr_1_tl_57_w10" custom="readingOrder {index:9;}">
                    <Coords points="1379,3545 1379,3605 1456,3605 1456,3545"/>
                    <TextEquiv>
                        <Unicode>war.</Unicode>
                    </TextEquiv>
                </Word>
                <TextEquiv>
                    <Unicode>den jungen Medardus, der für Josef Kainz geschrieben worden war.</Unicode>
                </TextEquiv>
            </TextLine>
            <TextLine id="tr_1_tl_58" custom="readingOrder {index:57;}">
                <Coords points="239,3645 1458,3633 1458,3592 1381,3589 239,3602"/>
                <Baseline points="247,3636 307,3633 368,3635 429,3633 490,3633 550,3633 611,3633 672,3630 733,3630 793,3630 854,3630 915,3630 976,3627 1036,3627 1097,3627 1158,3627 1219,3625 1279,3624 1340,3624 1401,3624 1462,3624"/>
                <Word id="tr_1_tl_58_w1" custom="readingOrder {index:0;}">
                    <Coords points="238,3595 238,3655 296,3655 296,3595"/>
                    <TextEquiv>
                        <Unicode>Der</Unicode>
                    </TextEquiv>
                </Word>
                <Word id="tr_1_tl_58_w2" custom="readingOrder {index:1;}">
                    <Coords points="328,3594 328,3654 400,3654 400,3594"/>
                    <TextEquiv>
                        <Unicode>schon</Unicode>
                    </TextEquiv>
                </Word>
                <Word id="tr_1_tl_58_w3" custom="readingOrder {index:2;}">
                    <Coords points="442,3593 442,3653 464,3653 464,3593"/>
                    <TextEquiv>
                        <Unicode>in</Unicode>
                    </TextEquiv>
                </Word>
                <Word id="tr_1_tl_58_w4" custom="readingOrder {index:3;}">
                    <Coords points="501,3593 501,3653 550,3653 550,3593"/>
                    <TextEquiv>
                        <Unicode>den</Unicode>
                    </TextEquiv>
                </Word>
                <Word id="tr_1_tl_58_w5" custom="readingOrder {index:4;}">
                    <Coords points="587,3592 587,3652 654,3652 654,3592"/>
                    <TextEquiv>
                        <Unicode>90er</Unicode>
                    </TextEquiv>
                </Word>
                <Word id="tr_1_tl_58_w6" custom="readingOrder {index:5;}">
                    <Coords points="687,3590 687,3650 800,3650 800,3590"/>
                    <TextEquiv>
                        <Unicode>Jahren</Unicode>
                    </TextEquiv>
                </Word>
                <Word id="tr_1_tl_58_w7" custom="readingOrder {index:6;}">
                    <Coords points="841,3588 841,3648 1035,3648 1035,3588"/>
                    <TextEquiv>
                        <Unicode>geschriebene</Unicode>
                    </TextEquiv>
                </Word>
                <Word id="tr_1_tl_58_w8" custom="readingOrder {index:7;}">
                    <Coords points="1068,3586 1068,3646 1308,3646 1308,3586"/>
                    <TextEquiv>
                        <Unicode>Einakterzyklus</Unicode>
                    </TextEquiv>
                </Word>
                <Word id="tr_1_tl_58_w9" custom="readingOrder {index:8;}">
                    <Coords points="1345,3584 1345,3644 1448,3644 1448,3584"/>
                    <TextEquiv>
                        <Unicode>Reigen</Unicode>
                    </TextEquiv>
                </Word>
                <TextEquiv>
                    <Unicode>Der schon in den 90er Jahren geschriebene Einakterzyklus Reigen</Unicode>
                </TextEquiv>
            </TextLine>
            <TextLine id="tr_1_tl_59" custom="readingOrder {index:58;}">
                <Coords points="239,3685 1459,3677 1448,3631 1325,3622 241,3650"/>
                <Baseline points="247,3675 307,3675 368,3672 429,3672 490,3672 551,3672 612,3672 673,3671 734,3669 795,3669 856,3668 916,3666 977,3666 1038,3665 1099,3663 1160,3666 1221,3664 1282,3663 1343,3661 1404,3663 1465,3660"/>
                <Word id="tr_1_tl_59_w1" custom="readingOrder {index:0;}">
                    <Coords points="237,3635 237,3695 330,3695 330,3635"/>
                    <TextEquiv>
                        <Unicode>wurde</Unicode>
                    </TextEquiv>
                </Word>
                <Word id="tr_1_tl_59_w2" custom="readingOrder {index:1;}">
                    <Coords points="361,3632 361,3692 419,3692 419,3632"/>
                    <TextEquiv>
                        <Unicode>erst</Unicode>
                    </TextEquiv>
                </Word>
                <Word id="tr_1_tl_59_w3" custom="readingOrder {index:2;}">
                    <Coords points="446,3632 446,3692 512,3692 512,3632"/>
                    <TextEquiv>
                        <Unicode>1920</Unicode>
                    </TextEquiv>
                </Word>
                <Word id="tr_1_tl_59_w4" custom="readingOrder {index:3;}">
                    <Coords points="547,3631 547,3691 738,3691 738,3631"/>
                    <TextEquiv>
                        <Unicode>aufgeführt,</Unicode>
                    </TextEquiv>
                </Word>
                <Word id="tr_1_tl_59_w5" custom="readingOrder {index:4;}">
                    <Coords points="770,3628 770,3688 871,3688 871,3628"/>
                    <TextEquiv>
                        <Unicode>wobei</Unicode>
                    </TextEquiv>
                </Word>
                <Word id="tr_1_tl_59_w6" custom="readingOrder {index:5;}">
                    <Coords points="898,3626 898,3686 924,3686 924,3626"/>
                    <TextEquiv>
                        <Unicode>es</Unicode>
                    </TextEquiv>
                </Word>
                <Word id="tr_1_tl_59_w7" custom="readingOrder {index:6;}">
                    <Coords points="960,3625 960,3685 1035,3685 1035,3625"/>
                    <TextEquiv>
                        <Unicode>dann</Unicode>
                    </TextEquiv>
                </Word>
                <Word id="tr_1_tl_59_w8" custom="readingOrder {index:7;}">
                    <Coords points="1075,3623 1075,3683 1097,3683 1097,3623"/>
                    <TextEquiv>
                        <Unicode>in</Unicode>
                    </TextEquiv>
                </Word>
                <Word id="tr_1_tl_59_w9" custom="readingOrder {index:8;}">
                    <Coords points="1133,3625 1133,3685 1234,3685 1234,3625"/>
                    <TextEquiv>
                        <Unicode>Berlin</Unicode>
                    </TextEquiv>
                </Word>
                <Word id="tr_1_tl_59_w10" custom="readingOrder {index:9;}">
                    <Coords points="1275,3622 1275,3682 1328,3682 1328,3622"/>
                    <TextEquiv>
                        <Unicode>und</Unicode>
                    </TextEquiv>
                </Word>
                <Word id="tr_1_tl_59_w11" custom="readingOrder {index:10;}">
                    <Coords points="1364,3622 1364,3682 1452,3682 1452,3622"/>
                    <TextEquiv>
                        <Unicode>vielen</Unicode>
                    </TextEquiv>
                </Word>
                <TextEquiv>
                    <Unicode>wurde erst 1920 aufgeführt, wobei es dann in Berlin und vielen</Unicode>
                </TextEquiv>
            </TextLine>
            <TextLine id="tr_1_tl_60" custom="readingOrder {index:59;}">
                <Coords points="239,3719 1451,3714 1451,3674 1265,3665 239,3690"/>
                <Baseline points="247,3710 307,3713 367,3711 428,3710 488,3710 549,3710 609,3710 670,3708 730,3708 791,3707 851,3707 911,3707 972,3704 1032,3702 1093,3704 1153,3704 1214,3702 1274,3702 1335,3702 1395,3702 1456,3699"/>
                <Word id="tr_1_tl_60_w1" custom="readingOrder {index:0;}">
                    <Coords points="237,3672 237,3732 344,3732 344,3672"/>
                    <TextEquiv>
                        <Unicode>andern</Unicode>
                    </TextEquiv>
                </Word>
                <Word id="tr_1_tl_60_w2" custom="readingOrder {index:1;}">
                    <Coords points="374,3670 374,3730 498,3730 498,3670"/>
                    <TextEquiv>
                        <Unicode>Städten</Unicode>
                    </TextEquiv>
                </Word>
                <Word id="tr_1_tl_60_w3" custom="readingOrder {index:2;}">
                    <Coords points="528,3670 528,3730 556,3730 556,3670"/>
                    <TextEquiv>
                        <Unicode>zu</Unicode>
                    </TextEquiv>
                </Word>
                <Word id="tr_1_tl_60_w4" custom="readingOrder {index:3;}">
                    <Coords points="590,3669 590,3729 635,3729 635,3669"/>
                    <TextEquiv>
                        <Unicode>den</Unicode>
                    </TextEquiv>
                </Word>
                <Word id="tr_1_tl_60_w5" custom="readingOrder {index:4;}">
                    <Coords points="670,3667 670,3727 827,3727 827,3667"/>
                    <TextEquiv>
                        <Unicode>bekannten</Unicode>
                    </TextEquiv>
                </Word>
                <Word id="tr_1_tl_60_w6" custom="readingOrder {index:5;}">
                    <Coords points="857,3666 857,3726 989,3726 989,3666"/>
                    <TextEquiv>
                        <Unicode>törichten</Unicode>
                    </TextEquiv>
                </Word>
                <Word id="tr_1_tl_60_w7" custom="readingOrder {index:6;}">
                    <Coords points="1023,3664 1023,3724 1256,3724 1256,3664"/>
                    <TextEquiv>
                        <Unicode>Skandalszenen</Unicode>
                    </TextEquiv>
                </Word>
                <Word id="tr_1_tl_60_w8" custom="readingOrder {index:7;}">
                    <Coords points="1290,3662 1290,3722 1368,3722 1368,3662"/>
                    <TextEquiv>
                        <Unicode>eines</Unicode>
                    </TextEquiv>
                </Word>
                <Word id="tr_1_tl_60_w9" custom="readingOrder {index:8;}">
                    <Coords points="1398,3660 1398,3720 1443,3720 1443,3660"/>
                    <TextEquiv>
                        <Unicode>ver</Unicode>
                    </TextEquiv>
                </Word>
                <TextEquiv>
                    <Unicode>andern Städten zu den bekannten törichten Skandalszenen eines ver</Unicode>
                </TextEquiv>
            </TextLine>
            <TextLine id="tr_1_tl_61" custom="readingOrder {index:60;}">
                <Coords points="242,3761 1455,3751 1455,3713 1388,3704 242,3719"/>
                <Baseline points="250,3746 310,3749 370,3749 431,3749 491,3749 552,3749 612,3749 673,3747 733,3747 794,3746 854,3746 914,3744 975,3743 1035,3743 1096,3743 1156,3740 1217,3740 1277,3740 1338,3740 1398,3740 1459,3737"/>
                <Word id="tr_1_tl_61_w1" custom="readingOrder {index:0;}">
                    <Coords points="241,3709 241,3769 444,3769 444,3709"/>
                    <TextEquiv>
                        <Unicode>ständnislosen</Unicode>
                    </TextEquiv>
                </Word>
                <Word id="tr_1_tl_61_w2" custom="readingOrder {index:1;}">
                    <Coords points="476,3709 476,3769 652,3769 652,3709"/>
                    <TextEquiv>
                        <Unicode>Publikums</Unicode>
                    </TextEquiv>
                </Word>
                <Word id="tr_1_tl_61_w3" custom="readingOrder {index:2;}">
                    <Coords points="680,3707 680,3767 756,3767 756,3707"/>
                    <TextEquiv>
                        <Unicode>kam.</Unicode>
                    </TextEquiv>
                </Word>
                <Word id="tr_1_tl_61_w4" custom="readingOrder {index:3;}">
                    <Coords points="784,3705 784,3765 933,3765 933,3705"/>
                    <TextEquiv>
                        <Unicode>Während</Unicode>
                    </TextEquiv>
                </Word>
                <Word id="tr_1_tl_61_w5" custom="readingOrder {index:4;}">
                    <Coords points="961,3703 961,3763 1001,3763 1001,3703"/>
                    <TextEquiv>
                        <Unicode>die</Unicode>
                    </TextEquiv>
                </Word>
                <Word id="tr_1_tl_61_w6" custom="readingOrder {index:5;}">
                    <Coords points="1029,3703 1029,3763 1106,3763 1106,3703"/>
                    <TextEquiv>
                        <Unicode>Zahl</Unicode>
                    </TextEquiv>
                </Word>
                <Word id="tr_1_tl_61_w7" custom="readingOrder {index:6;}">
                    <Coords points="1129,3700 1129,3760 1214,3760 1214,3700"/>
                    <TextEquiv>
                        <Unicode>seiner</Unicode>
                    </TextEquiv>
                </Word>
                <Word id="tr_1_tl_61_w8" custom="readingOrder {index:7;}">
                    <Coords points="1242,3700 1242,3760 1377,3760 1377,3700"/>
                    <TextEquiv>
                        <Unicode>Novellen</Unicode>
                    </TextEquiv>
                </Word>
                <Word id="tr_1_tl_61_w9" custom="readingOrder {index:8;}">
                    <Coords points="1410,3698 1410,3758 1454,3758 1454,3698"/>
                    <TextEquiv>
                        <Unicode>der</Unicode>
                    </TextEquiv>
                </Word>
                <TextEquiv>
                    <Unicode>ständnislosen Publikums kam. Während die Zahl seiner Novellen der</Unicode>
                </TextEquiv>
            </TextLine>
            <TextLine id="tr_1_tl_62" custom="readingOrder {index:61;}">
                <Coords points="247,3799 1458,3785 1458,3745 247,3759"/>
                <Baseline points="256,3788 316,3790 376,3790 436,3788 497,3788 557,3788 617,3785 678,3785 738,3785 798,3785 859,3785 919,3785 979,3784 1039,3782 1100,3779 1160,3779 1220,3779 1281,3779 1341,3779 1401,3779 1462,3776"/>
                <Word id="tr_1_tl_62_w1" custom="readingOrder {index:0;}">
                    <Coords points="241,3748 241,3808 326,3808 326,3748"/>
                    <TextEquiv>
                        <Unicode>seiner</Unicode>
                    </TextEquiv>
                </Word>
                <Word id="tr_1_tl_62_w2" custom="readingOrder {index:1;}">
                    <Coords points="363,3748 363,3808 581,3808 581,3748"/>
                    <TextEquiv>
                        <Unicode>Theaterstücke</Unicode>
                    </TextEquiv>
                </Word>
                <Word id="tr_1_tl_62_w3" custom="readingOrder {index:2;}">
                    <Coords points="613,3745 613,3805 722,3805 722,3745"/>
                    <TextEquiv>
                        <Unicode>nahezu</Unicode>
                    </TextEquiv>
                </Word>
                <Word id="tr_1_tl_62_w4" custom="readingOrder {index:3;}">
                    <Coords points="763,3745 763,3805 981,3805 981,3745"/>
                    <TextEquiv>
                        <Unicode>gleichkommt,</Unicode>
                    </TextEquiv>
                </Word>
                <Word id="tr_1_tl_62_w5" custom="readingOrder {index:4;}">
                    <Coords points="1018,3741 1018,3801 1071,3801 1071,3741"/>
                    <TextEquiv>
                        <Unicode>hat</Unicode>
                    </TextEquiv>
                </Word>
                <Word id="tr_1_tl_62_w6" custom="readingOrder {index:5;}">
                    <Coords points="1099,3739 1099,3799 1258,3799 1258,3739"/>
                    <TextEquiv>
                        <Unicode>Schnitzler</Unicode>
                    </TextEquiv>
                </Word>
                <Word id="tr_1_tl_62_w7" custom="readingOrder {index:6;}">
                    <Coords points="1295,3739 1295,3799 1353,3799 1353,3739"/>
                    <TextEquiv>
                        <Unicode>nur</Unicode>
                    </TextEquiv>
                </Word>
                <Word id="tr_1_tl_62_w8" custom="readingOrder {index:7;}">
                    <Coords points="1390,3737 1390,3797 1462,3797 1462,3737"/>
                    <TextEquiv>
                        <Unicode>zwei</Unicode>
                    </TextEquiv>
                </Word>
                <TextEquiv>
                    <Unicode>seiner Theaterstücke nahezu gleichkommt, hat Schnitzler nur zwei</Unicode>
                </TextEquiv>
            </TextLine>
            <TextLine id="tr_1_tl_63" custom="readingOrder {index:62;}">
                <Coords points="245,3835 1464,3825 1453,3785 245,3799"/>
                <Baseline points="253,3827 313,3828 374,3828 435,3827 496,3827 556,3827 617,3827 678,3824 739,3824 799,3824 860,3823 921,3823 982,3821 1042,3820 1103,3818 1164,3818 1225,3816 1285,3818 1346,3818 1407,3818 1468,3815"/>
                <Word id="tr_1_tl_63_w1" custom="readingOrder {index:0;}">
                    <Coords points="244,3787 244,3847 375,3847 375,3787"/>
                    <TextEquiv>
                        <Unicode>Romane</Unicode>
                    </TextEquiv>
                </Word>
                <Word id="tr_1_tl_63_w2" custom="readingOrder {index:1;}">
                    <Coords points="398,3787 398,3847 592,3847 592,3787"/>
                    <TextEquiv>
                        <Unicode>geschrieben,</Unicode>
                    </TextEquiv>
                </Word>
                <Word id="tr_1_tl_63_w3" custom="readingOrder {index:2;}">
                    <Coords points="611,3785 611,3845 679,3845 679,3785"/>
                    <TextEquiv>
                        <Unicode>1908</Unicode>
                    </TextEquiv>
                </Word>
                <Word id="tr_1_tl_63_w4" custom="readingOrder {index:3;}">
                    <Coords points="707,3784 707,3844 751,3844 751,3784"/>
                    <TextEquiv>
                        <Unicode>den</Unicode>
                    </TextEquiv>
                </Word>
                <Word id="tr_1_tl_63_w5" custom="readingOrder {index:4;}">
                    <Coords points="784,3783 784,3843 851,3843 851,3783"/>
                    <TextEquiv>
                        <Unicode>Weg</Unicode>
                    </TextEquiv>
                </Word>
                <Word id="tr_1_tl_63_w6" custom="readingOrder {index:5;}">
                    <Coords points="879,3783 879,3843 924,3843 924,3783"/>
                    <TextEquiv>
                        <Unicode>ins</Unicode>
                    </TextEquiv>
                </Word>
                <Word id="tr_1_tl_63_w7" custom="readingOrder {index:6;}">
                    <Coords points="952,3780 952,3840 1037,3840 1037,3780"/>
                    <TextEquiv>
                        <Unicode>Freie</Unicode>
                    </TextEquiv>
                </Word>
                <Word id="tr_1_tl_63_w8" custom="readingOrder {index:7;}">
                    <Coords points="1065,3778 1065,3838 1119,3838 1119,3778"/>
                    <TextEquiv>
                        <Unicode>und</Unicode>
                    </TextEquiv>
                </Word>
                <Word id="tr_1_tl_63_w9" custom="readingOrder {index:8;}">
                    <Coords points="1147,3777 1147,3837 1214,3837 1214,3777"/>
                    <TextEquiv>
                        <Unicode>1925</Unicode>
                    </TextEquiv>
                </Word>
                <Word id="tr_1_tl_63_w10" custom="readingOrder {index:9;}">
                    <Coords points="1247,3777 1247,3837 1296,3837 1296,3777"/>
                    <TextEquiv>
                        <Unicode>das</Unicode>
                    </TextEquiv>
                </Word>
                <Word id="tr_1_tl_63_w11" custom="readingOrder {index:10;}">
                    <Coords points="1324,3778 1324,3838 1459,3838 1459,3778"/>
                    <TextEquiv>
                        <Unicode>Frauen¬</Unicode>
                    </TextEquiv>
                </Word>
                <TextEquiv>
                    <Unicode>Romane geschrieben, 1908 den Weg ins Freie und 1925 das Frauen¬</Unicode>
                </TextEquiv>
            </TextLine>
            <TextLine id="tr_1_tl_64" custom="readingOrder {index:63;}">
                <Coords points="247,3878 1467,3862 1413,3822 247,3835"/>
                <Baseline points="256,3863 316,3866 377,3866 438,3866 499,3866 559,3864 620,3863 681,3863 742,3863 802,3863 863,3862 924,3860 985,3860 1045,3859 1106,3857 1167,3855 1228,3857 1288,3857 1349,3857 1410,3857 1471,3854"/>
                <Word id="tr_1_tl_64_w1" custom="readingOrder {index:0;}">
                    <Coords points="241,3825 241,3885 358,3885 358,3825"/>
                    <TextEquiv>
                        <Unicode>schicksal</Unicode>
                    </TextEquiv>
                </Word>
                <Word id="tr_1_tl_64_w2" custom="readingOrder {index:1;}">
                    <Coords points="386,3826 386,3886 522,3886 522,3826"/>
                    <TextEquiv>
                        <Unicode>Therese,</Unicode>
                    </TextEquiv>
                </Word>
                <Word id="tr_1_tl_64_w3" custom="readingOrder {index:2;}">
                    <Coords points="559,3823 559,3883 585,3883 585,3823"/>
                    <TextEquiv>
                        <Unicode>in</Unicode>
                    </TextEquiv>
                </Word>
                <Word id="tr_1_tl_64_w4" custom="readingOrder {index:3;}">
                    <Coords points="622,3823 622,3883 667,3883 667,3823"/>
                    <TextEquiv>
                        <Unicode>dem</Unicode>
                    </TextEquiv>
                </Word>
                <Word id="tr_1_tl_64_w5" custom="readingOrder {index:4;}">
                    <Coords points="717,3823 717,3883 763,3883 763,3823"/>
                    <TextEquiv>
                        <Unicode>der</Unicode>
                    </TextEquiv>
                </Word>
                <Word id="tr_1_tl_64_w6" custom="readingOrder {index:5;}">
                    <Coords points="795,3820 795,3880 1062,3880 1062,3820"/>
                    <TextEquiv>
                        <Unicode>Zusammenbruch</Unicode>
                    </TextEquiv>
                </Word>
                <Word id="tr_1_tl_64_w7" custom="readingOrder {index:6;}">
                    <Coords points="1095,3816 1095,3876 1144,3876 1144,3816"/>
                    <TextEquiv>
                        <Unicode>der</Unicode>
                    </TextEquiv>
                </Word>
                <Word id="tr_1_tl_64_w8" custom="readingOrder {index:7;}">
                    <Coords points="1176,3817 1176,3877 1453,3877 1453,3817"/>
                    <TextEquiv>
                        <Unicode>altösterreichischen</Unicode>
                    </TextEquiv>
                </Word>
                <TextEquiv>
                    <Unicode>schicksal Therese, in dem der Zusammenbruch der altösterreichischen</Unicode>
                </TextEquiv>
            </TextLine>
            <TextLine id="tr_1_tl_65" custom="readingOrder {index:64;}">
                <Coords points="245,3909 1467,3907 1451,3859 245,3876"/>
                <Baseline points="253,3902 313,3905 374,3903 435,3902 496,3905 557,3903 618,3902 679,3901 740,3899 801,3902 862,3901 922,3899 983,3899 1044,3898 1105,3896 1166,3894 1227,3894 1288,3896 1349,3896 1410,3896 1471,3893"/>
                <Word id="tr_1_tl_65_w1" custom="readingOrder {index:0;}">
                    <Coords points="239,3863 239,3923 327,3923 327,3863"/>
                    <TextEquiv>
                        <Unicode>Welt,</Unicode>
                    </TextEquiv>
                </Word>
                <Word id="tr_1_tl_65_w2" custom="readingOrder {index:1;}">
                    <Coords points="358,3862 358,3922 406,3922 406,3862"/>
                    <TextEquiv>
                        <Unicode>der</Unicode>
                    </TextEquiv>
                </Word>
                <Word id="tr_1_tl_65_w3" custom="readingOrder {index:2;}">
                    <Coords points="438,3864 438,3924 598,3924 598,3864"/>
                    <TextEquiv>
                        <Unicode>Schnitzler</Unicode>
                    </TextEquiv>
                </Word>
                <Word id="tr_1_tl_65_w4" custom="readingOrder {index:3;}">
                    <Coords points="629,3861 629,3921 708,3921 708,3861"/>
                    <TextEquiv>
                        <Unicode>selbst</Unicode>
                    </TextEquiv>
                </Word>
                <Word id="tr_1_tl_65_w5" custom="readingOrder {index:4;}">
                    <Coords points="735,3861 735,3921 934,3921 934,3861"/>
                    <TextEquiv>
                        <Unicode>entstammte,</Unicode>
                    </TextEquiv>
                </Word>
                <Word id="tr_1_tl_65_w6" custom="readingOrder {index:5;}">
                    <Coords points="962,3857 962,3917 1143,3917 1143,3857"/>
                    <TextEquiv>
                        <Unicode>ergreifend,</Unicode>
                    </TextEquiv>
                </Word>
                <Word id="tr_1_tl_65_w7" custom="readingOrder {index:6;}">
                    <Coords points="1179,3854 1179,3914 1249,3914 1249,3854"/>
                    <TextEquiv>
                        <Unicode>aber</Unicode>
                    </TextEquiv>
                </Word>
                <Word id="tr_1_tl_65_w8" custom="readingOrder {index:7;}">
                    <Coords points="1276,3856 1276,3916 1458,3916 1458,3856"/>
                    <TextEquiv>
                        <Unicode>unerbittlich</Unicode>
                    </TextEquiv>
                </Word>
                <TextEquiv>
                    <Unicode>Welt, der Schnitzler selbst entstammte, ergreifend, aber unerbittlich</Unicode>
                </TextEquiv>
            </TextLine>
            <TextLine id="tr_1_tl_66" custom="readingOrder {index:65;}">
                <Coords points="247,3947 1472,3941 1414,3899 247,3912"/>
                <Baseline points="256,3940 316,3940 377,3940 438,3940 499,3942 560,3940 621,3940 682,3940 743,3938 804,3937 865,3937 925,3937 986,3937 1047,3937 1108,3935 1169,3933 1230,3933 1291,3931 1352,3931 1413,3931 1474,3928"/>
                <Word id="tr_1_tl_66_w1" custom="readingOrder {index:0;}">
                    <Coords points="245,3900 245,3960 265,3960 265,3900"/>
                    <TextEquiv>
                        <Unicode>im</Unicode>
                    </TextEquiv>
                </Word>
                <Word id="tr_1_tl_66_w2" custom="readingOrder {index:1;}">
                    <Coords points="311,3900 311,3960 494,3960 494,3900"/>
                    <TextEquiv>
                        <Unicode>Lebenslauf</Unicode>
                    </TextEquiv>
                </Word>
                <Word id="tr_1_tl_66_w3" custom="readingOrder {index:2;}">
                    <Coords points="524,3900 524,3960 602,3960 602,3900"/>
                    <TextEquiv>
                        <Unicode>einer</Unicode>
                    </TextEquiv>
                </Word>
                <Word id="tr_1_tl_66_w4" custom="readingOrder {index:3;}">
                    <Coords points="632,3899 632,3959 777,3959 777,3899"/>
                    <TextEquiv>
                        <Unicode>alternden</Unicode>
                    </TextEquiv>
                </Word>
                <Word id="tr_1_tl_66_w5" custom="readingOrder {index:4;}">
                    <Coords points="815,3897 815,3957 890,3957 890,3897"/>
                    <TextEquiv>
                        <Unicode>Frau</Unicode>
                    </TextEquiv>
                </Word>
                <Word id="tr_1_tl_66_w6" custom="readingOrder {index:5;}">
                    <Coords points="923,3897 923,3957 1094,3957 1094,3897"/>
                    <TextEquiv>
                        <Unicode>geschildert</Unicode>
                    </TextEquiv>
                </Word>
                <Word id="tr_1_tl_66_w7" custom="readingOrder {index:6;}">
                    <Coords points="1119,3893 1119,3953 1198,3953 1198,3893"/>
                    <TextEquiv>
                        <Unicode>war.</Unicode>
                    </TextEquiv>
                </Word>
                <Word id="tr_1_tl_66_w8" custom="readingOrder {index:7;}">
                    <Coords points="1231,3892 1231,3952 1289,3952 1289,3892"/>
                    <TextEquiv>
                        <Unicode>Der</Unicode>
                    </TextEquiv>
                </Word>
                <Word id="tr_1_tl_66_w9" custom="readingOrder {index:8;}">
                    <Coords points="1319,3891 1319,3951 1381,3951 1381,3891"/>
                    <TextEquiv>
                        <Unicode>Tod</Unicode>
                    </TextEquiv>
                </Word>
                <Word id="tr_1_tl_66_w10" custom="readingOrder {index:9;}">
                    <Coords points="1410,3889 1410,3949 1460,3949 1460,3889"/>
                    <TextEquiv>
                        <Unicode>des</Unicode>
                    </TextEquiv>
                </Word>
                <TextEquiv>
                    <Unicode>im Lebenslauf einer alternden Frau geschildert war. Der Tod des</Unicode>
                </TextEquiv>
            </TextLine>
            <TextLine id="tr_1_tl_67" custom="readingOrder {index:66;}">
                <Coords points="242,3995 1479,4004 1461,3938 242,3943"/>
                <Baseline points="250,3976 311,3979 373,3977 434,3979 496,3978 558,3979 619,3979 681,3979 743,3979 804,3979 866,3979 928,3976 989,3976 1051,3976 1113,3975 1174,3973 1236,3973 1298,3973 1359,3971 1421,3973 1483,3976"/>
                <Word id="tr_1_tl_67_w1" custom="readingOrder {index:0;}">
                    <Coords points="241,3938 241,3998 370,3998 370,3938"/>
                    <TextEquiv>
                        <Unicode>Dichters</Unicode>
                    </TextEquiv>
                </Word>
                <Word id="tr_1_tl_67_w2" custom="readingOrder {index:1;}">
                    <Coords points="395,3938 395,3998 428,3998 428,3938"/>
                    <TextEquiv>
                        <Unicode>ist</Unicode>
                    </TextEquiv>
                </Word>
                <Word id="tr_1_tl_67_w3" custom="readingOrder {index:2;}">
                    <Coords points="452,3938 452,3998 490,3998 490,3938"/>
                    <TextEquiv>
                        <Unicode>ein</Unicode>
                    </TextEquiv>
                </Word>
                <Word id="tr_1_tl_67_w4" custom="readingOrder {index:3;}">
                    <Coords points="519,3939 519,3999 605,3999 605,3939"/>
                    <TextEquiv>
                        <Unicode>neues</Unicode>
                    </TextEquiv>
                </Word>
                <Word id="tr_1_tl_67_w5" custom="readingOrder {index:4;}">
                    <Coords points="634,3939 634,3999 840,3999 840,3939"/>
                    <TextEquiv>
                        <Unicode>schmerzliches</Unicode>
                    </TextEquiv>
                </Word>
                <Word id="tr_1_tl_67_w6" custom="readingOrder {index:5;}">
                    <Coords points="864,3936 864,3996 969,3996 969,3936"/>
                    <TextEquiv>
                        <Unicode>Siegel</Unicode>
                    </TextEquiv>
                </Word>
                <Word id="tr_1_tl_67_w7" custom="readingOrder {index:6;}">
                    <Coords points="994,3936 994,3996 1046,3996 1046,3936"/>
                    <TextEquiv>
                        <Unicode>auf</Unicode>
                    </TextEquiv>
                </Word>
                <Word id="tr_1_tl_67_w8" custom="readingOrder {index:7;}">
                    <Coords points="1066,3935 1066,3995 1156,3995 1156,3935"/>
                    <TextEquiv>
                        <Unicode>dieses</Unicode>
                    </TextEquiv>
                </Word>
                <Word id="tr_1_tl_67_w9" custom="readingOrder {index:8;}">
                    <Coords points="1181,3933 1181,3993 1262,3993 1262,3933"/>
                    <TextEquiv>
                        <Unicode>Ende</Unicode>
                    </TextEquiv>
                </Word>
                <Word id="tr_1_tl_67_w10" custom="readingOrder {index:9;}">
                    <Coords points="1286,3932 1286,3992 1367,3992 1367,3932"/>
                    <TextEquiv>
                        <Unicode>einer</Unicode>
                    </TextEquiv>
                </Word>
                <Word id="tr_1_tl_67_w11" custom="readingOrder {index:10;}">
                    <Coords points="1392,3933 1392,3993 1478,3993 1478,3933"/>
                    <TextEquiv>
                        <Unicode>einst,</Unicode>
                    </TextEquiv>
                </Word>
                <TextEquiv>
                    <Unicode>Dichters ist ein neues schmerzliches Siegel auf dieses Ende einer einst,</Unicode>
                </TextEquiv>
            </TextLine>
            <TextLine id="tr_1_tl_68" custom="readingOrder {index:67;}">
                <Coords points="245,4043 298,4051 338,4043 353,4051 400,4034 423,4046 484,4048 483,3992 463,3983 435,3992 403,3980 383,3992 245,3987"/>
                <Baseline points="253,4015 278,4017 304,4018 330,4018 356,4017 382,4015 408,4016 434,4018 460,4018 486,4018"/>
                <Word id="tr_1_tl_68_w1" custom="readingOrder {index:0;}">
                    <Coords points="249,3977 249,4037 354,4037 354,3977"/>
                    <TextEquiv>
                        <Unicode>reichen</Unicode>
                    </TextEquiv>
                </Word>
                <Word id="tr_1_tl_68_w2" custom="readingOrder {index:1;}">
                    <Coords points="388,3978 388,4038 483,4038 483,3978"/>
                    <TextEquiv>
                        <Unicode>Welt.</Unicode>
                    </TextEquiv>
                </Word>
                <TextEquiv>
                    <Unicode>reichen Welt.</Unicode>
                </TextEquiv>
            </TextLine>
            <TextEquiv>
                <Unicode></Unicode>
            </TextEquiv>
        </TextRegion>
        <TextRegion orientation="0.0" id="tr_2" custom="readingOrder {index:1;}">
            <Coords points="1471,289 1471,4232 2925,4232 2925,289"/>
            <TextLine id="tr_2_tl_1" custom="readingOrder {index:0;}">
                <Coords points="1462,339 1516,330 1544,349 1678,324 1711,341 1745,327 1795,339 1828,315 1885,321 1885,261 1854,251 1792,276 1717,255 1671,281 1644,267 1595,278 1555,250 1535,264 1461,253"/>
                <Baseline points="1471,313 1497,313 1523,313 1549,315 1575,316 1601,316 1627,315 1653,313 1680,315 1706,316 1732,316 1758,317 1784,319 1810,317 1836,316 1862,316 1889,316"/>
                <Word id="tr_2_tl_1_w1" custom="readingOrder {index:0;}">
                    <Coords points="1466,273 1466,333 1590,333 1590,273"/>
                    <TextEquiv>
                        <Unicode>box</Unicode>
                    </TextEquiv>
                </Word>
                <Word id="tr_2_tl_1_w2" custom="readingOrder {index:1;}">
                    <Coords points="1669,277 1669,337 1855,337 1855,277"/>
                    <TextEquiv>
                        <Unicode>42/7</Unicode>
                    </TextEquiv>
                </Word>
                <TextEquiv>
                    <Unicode>box 42/7</Unicode>
                </TextEquiv>
            </TextLine>
            <TextLine id="tr_2_tl_2" custom="readingOrder {index:1;}">
                <Coords points="1788,588 1873,598 1910,582 2093,591 2143,580 2143,535 2068,540 2031,524 1981,537 1903,517 1860,528 1826,506 1788,514"/>
                <Baseline points="1797,576 1823,576 1850,576 1877,576 1904,576 1931,576 1958,576 1984,576 2011,576 2038,574 2065,573 2092,573 2119,573 2146,573"/>
                <Word id="tr_2_tl_2_w1" custom="readingOrder {index:0;}">
                    <Coords points="1804,536 1804,596 2038,596 2038,536"/>
                    <TextEquiv>
                        <Unicode>AUSSCHNITT</Unicode>
                    </TextEquiv>
                </Word>
                <Word id="tr_2_tl_2_w2" custom="readingOrder {index:1;}">
                    <Coords points="2058,533 2058,593 2144,593 2144,533"/>
                    <TextEquiv>
                        <Unicode>VOM.</Unicode>
                    </TextEquiv>
                </Word>
                <TextEquiv>
                    <Unicode>AUSSCHNITT VOM.</Unicode>
                </TextEquiv>
            </TextLine>
            <TextLine id="tr_2_tl_3" custom="readingOrder {index:2;}">
                <Coords points="2289,597 2342,611 2399,588 2519,622 2584,602 2655,620 2652,534 2625,548 2571,532 2533,549 2354,529 2288,546"/>
                <Baseline points="2298,588 2323,586 2349,585 2374,585 2400,586 2426,588 2451,589 2477,591 2503,591 2528,591 2554,593 2580,595 2605,597 2631,597 2657,597"/>
                <Word id="tr_2_tl_3_w1" custom="readingOrder {index:0;}">
                    <Coords points="2293,545 2293,605 2383,605 2383,545"/>
                    <TextEquiv>
                        <Unicode>22.</Unicode>
                    </TextEquiv>
                </Word>
                <Word id="tr_2_tl_3_w2" custom="readingOrder {index:1;}">
                    <Coords points="2399,549 2399,609 2504,609 2504,549"/>
                    <TextEquiv>
                        <Unicode>OKI.</Unicode>
                    </TextEquiv>
                </Word>
                <Word id="tr_2_tl_3_w3" custom="readingOrder {index:2;}">
                    <Coords points="2527,555 2527,615 2633,615 2633,555"/>
                    <TextEquiv>
                        <Unicode>1931</Unicode>
                    </TextEquiv>
                </Word>
                <TextEquiv>
                    <Unicode>22. OKI. 1931</Unicode>
                </TextEquiv>
            </TextLine>
            <TextLine id="tr_2_tl_4" custom="readingOrder {index:3;}">
                <Coords points="1871,774 2155,793 2494,756 2682,781 2721,771 2723,700 1873,699"/>
                <Baseline points="1880,764 1922,764 1964,764 2006,764 2049,764 2091,761 2133,763 2175,764 2218,764 2260,764 2302,764 2344,763 2387,761 2429,761 2471,761 2513,760 2556,758 2598,758 2640,755 2682,758 2725,758"/>
                <Word id="tr_2_tl_4_w1" custom="readingOrder {index:0;}">
                    <Coords points="1880,724 1880,784 1967,784 1967,724"/>
                    <TextEquiv>
                        <Unicode>Der</Unicode>
                    </TextEquiv>
                </Word>
                <Word id="tr_2_tl_4_w2" custom="readingOrder {index:1;}">
                    <Coords points="2019,722 2019,782 2235,782 2235,722"/>
                    <TextEquiv>
                        <Unicode>Abend,</Unicode>
                    </TextEquiv>
                </Word>
                <Word id="tr_2_tl_4_w3" custom="readingOrder {index:2;}">
                    <Coords points="2276,722 2276,782 2454,782 2454,722"/>
                    <TextEquiv>
                        <Unicode>Berlin</Unicode>
                    </TextEquiv>
                </Word>
                <Word id="tr_2_tl_4_w4" custom="readingOrder {index:3;}">
                    <Coords points="2504,718 2504,778 2572,778 2572,718"/>
                    <TextEquiv>
                        <Unicode>SW</Unicode>
                    </TextEquiv>
                </Word>
                <Word id="tr_2_tl_4_w5" custom="readingOrder {index:4;}">
                    <Coords points="2633,716 2633,776 2691,776 2691,716"/>
                    <TextEquiv>
                        <Unicode>68</Unicode>
                    </TextEquiv>
                </Word>
                <TextEquiv>
                    <Unicode>Der Abend, Berlin SW 68</Unicode>
                </TextEquiv>
            </TextLine>
            <TextLine id="tr_2_tl_5" custom="readingOrder {index:4;}">
                <Coords points="1928,922 2675,919 2673,841 2516,816 2445,841 2325,807 2255,833 2061,808 1927,827"/>
                <Baseline points="1937,898 1974,893 2011,894 2048,895 2085,896 2122,898 2159,895 2196,895 2233,895 2270,898 2307,901 2344,901 2381,901 2418,901 2455,901 2492,901 2529,901 2566,901 2603,901 2640,903 2677,904"/>
                <Word id="tr_2_tl_5_w1" custom="readingOrder {index:0;}">
                    <Coords points="1950,855 1950,915 2215,915 2215,855"/>
                    <TextEquiv>
                        <Unicode>Arthur</Unicode>
                    </TextEquiv>
                </Word>
                <Word id="tr_2_tl_5_w2" custom="readingOrder {index:1;}">
                    <Coords points="2261,861 2261,921 2660,921 2660,861"/>
                    <TextEquiv>
                        <Unicode>Schnitzler.</Unicode>
                    </TextEquiv>
                </Word>
                <TextEquiv>
                    <Unicode>Arthur Schnitzler.</Unicode>
                </TextEquiv>
            </TextLine>
            <TextLine id="tr_2_tl_6" custom="readingOrder {index:5;}">
                <Coords points="1973,967 2075,990 2318,973 2625,996 2665,987 2664,933 1971,919"/>
                <Baseline points="1982,958 2016,958 2050,960 2085,961 2119,961 2153,961 2188,961 2222,961 2256,961 2291,964 2325,964 2359,965 2394,967 2428,967 2462,967 2497,967 2531,967 2565,967 2600,967 2634,967 2669,967"/>
                <Word id="tr_2_tl_6_w1" custom="readingOrder {index:0;}">
                    <Coords points="1980,918 1980,978 2056,978 2056,918"/>
                    <TextEquiv>
                        <Unicode>Dem</Unicode>
                    </TextEquiv>
                </Word>
                <Word id="tr_2_tl_6_w2" custom="readingOrder {index:1;}">
                    <Coords points="2102,921 2102,981 2320,981 2320,921"/>
                    <TextEquiv>
                        <Unicode>Gedächtnis</Unicode>
                    </TextEquiv>
                </Word>
                <Word id="tr_2_tl_6_w3" custom="readingOrder {index:2;}">
                    <Coords points="2346,927 2346,987 2442,987 2442,927"/>
                    <TextEquiv>
                        <Unicode>eines</Unicode>
                    </TextEquiv>
                </Word>
                <Word id="tr_2_tl_6_w4" custom="readingOrder {index:3;}">
                    <Coords points="2468,927 2468,987 2654,987 2654,927"/>
                    <TextEquiv>
                        <Unicode>Dichters.</Unicode>
                    </TextEquiv>
                </Word>
                <TextEquiv>
                    <Unicode>Dem Gedächtnis eines Dichters.</Unicode>
                </TextEquiv>
            </TextLine>
            <TextLine id="tr_2_tl_7" custom="readingOrder {index:6;}">
                <Coords points="1794,1024 2912,1040 2912,995 2729,972 2459,1009 1794,979"/>
                <Baseline points="1803,1015 1858,1015 1914,1016 1969,1018 2025,1021 2081,1021 2136,1022 2192,1024 2248,1024 2303,1025 2359,1027 2415,1027 2470,1027 2526,1027 2582,1027 2637,1027 2693,1027 2749,1027 2804,1027 2860,1027 2916,1027"/>
                <Word id="tr_2_tl_7_w1" custom="readingOrder {index:0;}">
                    <Coords points="1799,975 1799,1035 1963,1035 1963,975"/>
                    <TextEquiv>
                        <Unicode>Waz/war</Unicode>
                    </TextEquiv>
                </Word>
                <Word id="tr_2_tl_7_w2" custom="readingOrder {index:1;}">
                    <Coords points="1995,980 1995,1040 2047,1040 2047,980"/>
                    <TextEquiv>
                        <Unicode>das</Unicode>
                    </TextEquiv>
                </Word>
                <Word id="tr_2_tl_7_w3" custom="readingOrder {index:2;}">
                    <Coords points="2074,981 2074,1041 2121,1041 2121,981"/>
                    <TextEquiv>
                        <Unicode>für</Unicode>
                    </TextEquiv>
                </Word>
                <Word id="tr_2_tl_7_w4" custom="readingOrder {index:3;}">
                    <Coords points="2149,983 2149,1043 2211,1043 2211,983"/>
                    <TextEquiv>
                        <Unicode>eine</Unicode>
                    </TextEquiv>
                </Word>
                <Word id="tr_2_tl_7_w5" custom="readingOrder {index:4;}">
                    <Coords points="2238,986 2238,1046 2439,1046 2439,986"/>
                    <TextEquiv>
                        <Unicode>Beglückung,</Unicode>
                    </TextEquiv>
                </Word>
                <Word id="tr_2_tl_7_w6" custom="readingOrder {index:5;}">
                    <Coords points="2466,987 2466,1047 2508,1047 2508,987"/>
                    <TextEquiv>
                        <Unicode>als</Unicode>
                    </TextEquiv>
                </Word>
                <Word id="tr_2_tl_7_w7" custom="readingOrder {index:6;}">
                    <Coords points="2535,987 2535,1047 2650,1047 2650,987"/>
                    <TextEquiv>
                        <Unicode>Arthur</Unicode>
                    </TextEquiv>
                </Word>
                <Word id="tr_2_tl_7_w8" custom="readingOrder {index:7;}">
                    <Coords points="2678,987 2678,1047 2830,1047 2830,987"/>
                    <TextEquiv>
                        <Unicode>Schnitzler</Unicode>
                    </TextEquiv>
                </Word>
                <Word id="tr_2_tl_7_w9" custom="readingOrder {index:8;}">
                    <Coords points="2857,987 2857,1047 2899,1047 2899,987"/>
                    <TextEquiv>
                        <Unicode>die</Unicode>
                    </TextEquiv>
                </Word>
                <TextEquiv>
                    <Unicode>Waz/war das für eine Beglückung, als Arthur Schnitzler die</Unicode>
                </TextEquiv>
            </TextLine>
            <TextLine id="tr_2_tl_8" custom="readingOrder {index:7;}">
                <Coords points="1723,1072 2906,1077 2889,1038 1723,1040"/>
                <Baseline points="1731,1062 1793,1061 1855,1059 1917,1062 1979,1061 2041,1062 2103,1066 2165,1068 2227,1068 2289,1069 2351,1068 2413,1068 2475,1068 2537,1068 2599,1071 2661,1071 2723,1068 2785,1070 2847,1071 2910,1068"/>
                <Word id="tr_2_tl_8_w1" custom="readingOrder {index:0;}">
                    <Coords points="1726,1019 1726,1079 1936,1079 1936,1019"/>
                    <TextEquiv>
                        <Unicode>„Liebelai</Unicode>
                    </TextEquiv>
                </Word>
                <Word id="tr_2_tl_8_w2" custom="readingOrder {index:1;}">
                    <Coords points="1978,1021 1978,1081 2033,1081 2033,1021"/>
                    <TextEquiv>
                        <Unicode>und</Unicode>
                    </TextEquiv>
                </Word>
                <Word id="tr_2_tl_8_w3" custom="readingOrder {index:2;}">
                    <Coords points="2062,1024 2062,1084 2108,1084 2108,1024"/>
                    <TextEquiv>
                        <Unicode>den</Unicode>
                    </TextEquiv>
                </Word>
                <Word id="tr_2_tl_8_w4" custom="readingOrder {index:3;}">
                    <Coords points="2141,1028 2141,1088 2332,1088 2332,1028"/>
                    <TextEquiv>
                        <Unicode>„Anatol“</Unicode>
                    </TextEquiv>
                </Word>
                <Word id="tr_2_tl_8_w5" custom="readingOrder {index:4;}">
                    <Coords points="2356,1028 2356,1088 2411,1088 2411,1028"/>
                    <TextEquiv>
                        <Unicode>auf</Unicode>
                    </TextEquiv>
                </Word>
                <Word id="tr_2_tl_8_w6" custom="readingOrder {index:5;}">
                    <Coords points="2435,1028 2435,1088 2476,1088 2476,1028"/>
                    <TextEquiv>
                        <Unicode>die</Unicode>
                    </TextEquiv>
                </Word>
                <Word id="tr_2_tl_8_w7" custom="readingOrder {index:6;}">
                    <Coords points="2500,1028 2500,1088 2602,1088 2602,1028"/>
                    <TextEquiv>
                        <Unicode>Bühne</Unicode>
                    </TextEquiv>
                </Word>
                <Word id="tr_2_tl_8_w8" custom="readingOrder {index:7;}">
                    <Coords points="2626,1029 2626,1089 2751,1089 2751,1029"/>
                    <TextEquiv>
                        <Unicode>brachte.</Unicode>
                    </TextEquiv>
                </Word>
                <Word id="tr_2_tl_8_w9" custom="readingOrder {index:8;}">
                    <Coords points="2784,1030 2784,1090 2905,1090 2905,1030"/>
                    <TextEquiv>
                        <Unicode>Haupt¬</Unicode>
                    </TextEquiv>
                </Word>
                <TextEquiv>
                    <Unicode>„Liebelai und den „Anatol“ auf die Bühne brachte. Haupt¬</Unicode>
                </TextEquiv>
            </TextLine>
            <TextLine id="tr_2_tl_9" custom="readingOrder {index:8;}">
                <Coords points="1717,1117 2912,1128 2911,1091 2780,1074 1717,1078"/>
                <Baseline points="1725,1101 1784,1104 1843,1104 1903,1104 1962,1105 2022,1107 2081,1107 2140,1108 2200,1110 2259,1110 2319,1110 2378,1112 2437,1113 2497,1111 2556,1113 2616,1113 2675,1113 2734,1113 2794,1113 2853,1114 2913,1113"/>
                <Word id="tr_2_tl_9_w1" custom="readingOrder {index:0;}">
                    <Coords points="1720,1063 1720,1123 1830,1123 1830,1063"/>
                    <TextEquiv>
                        <Unicode>mann,</Unicode>
                    </TextEquiv>
                </Word>
                <Word id="tr_2_tl_9_w2" custom="readingOrder {index:1;}">
                    <Coords points="1848,1064 1848,1124 1914,1124 1914,1064"/>
                    <TextEquiv>
                        <Unicode>auch</Unicode>
                    </TextEquiv>
                </Word>
                <Word id="tr_2_tl_9_w3" custom="readingOrder {index:2;}">
                    <Coords points="1941,1067 1941,1127 2131,1127 2131,1067"/>
                    <TextEquiv>
                        <Unicode>Sudermann</Unicode>
                    </TextEquiv>
                </Word>
                <Word id="tr_2_tl_9_w4" custom="readingOrder {index:3;}">
                    <Coords points="2167,1069 2167,1129 2220,1129 2220,1069"/>
                    <TextEquiv>
                        <Unicode>und</Unicode>
                    </TextEquiv>
                </Word>
                <Word id="tr_2_tl_9_w5" custom="readingOrder {index:4;}">
                    <Coords points="2247,1070 2247,1130 2340,1130 2340,1070"/>
                    <TextEquiv>
                        <Unicode>Halbe</Unicode>
                    </TextEquiv>
                </Word>
                <Word id="tr_2_tl_9_w6" custom="readingOrder {index:5;}">
                    <Coords points="2367,1072 2367,1132 2460,1132 2460,1072"/>
                    <TextEquiv>
                        <Unicode>hatten</Unicode>
                    </TextEquiv>
                </Word>
                <Word id="tr_2_tl_9_w7" custom="readingOrder {index:6;}">
                    <Coords points="2491,1071 2491,1131 2544,1131 2544,1071"/>
                    <TextEquiv>
                        <Unicode>das</Unicode>
                    </TextEquiv>
                </Word>
                <Word id="tr_2_tl_9_w8" custom="readingOrder {index:7;}">
                    <Coords points="2571,1073 2571,1133 2655,1133 2655,1073"/>
                    <TextEquiv>
                        <Unicode>junge</Unicode>
                    </TextEquiv>
                </Word>
                <Word id="tr_2_tl_9_w9" custom="readingOrder {index:8;}">
                    <Coords points="2682,1073 2682,1133 2819,1133 2819,1073"/>
                    <TextEquiv>
                        <Unicode>Mädchen</Unicode>
                    </TextEquiv>
                </Word>
                <Word id="tr_2_tl_9_w10" custom="readingOrder {index:9;}">
                    <Coords points="2850,1073 2850,1133 2903,1133 2903,1073"/>
                    <TextEquiv>
                        <Unicode>aus</Unicode>
                    </TextEquiv>
                </Word>
                <TextEquiv>
                    <Unicode>mann, auch Sudermann und Halbe hatten das junge Mädchen aus</Unicode>
                </TextEquiv>
            </TextLine>
            <TextLine id="tr_2_tl_10" custom="readingOrder {index:9;}">
                <Coords points="1726,1155 2912,1168 2889,1123 1726,1114"/>
                <Baseline points="1734,1146 1793,1143 1852,1145 1911,1149 1970,1150 2029,1152 2088,1152 2147,1152 2206,1154 2265,1155 2325,1152 2384,1154 2443,1153 2502,1155 2561,1155 2620,1155 2679,1155 2738,1155 2797,1157 2856,1158 2916,1155"/>
                <Word id="tr_2_tl_10_w1" custom="readingOrder {index:0;}">
                    <Coords points="1725,1105 1725,1165 1768,1165 1768,1105"/>
                    <TextEquiv>
                        <Unicode>dem</Unicode>
                    </TextEquiv>
                </Word>
                <Word id="tr_2_tl_10_w2" custom="readingOrder {index:1;}">
                    <Coords points="1821,1105 1821,1165 1892,1165 1892,1105"/>
                    <TextEquiv>
                        <Unicode>Volk</Unicode>
                    </TextEquiv>
                </Word>
                <Word id="tr_2_tl_10_w3" custom="readingOrder {index:2;}">
                    <Coords points="1922,1109 1922,1169 1998,1169 1998,1109"/>
                    <TextEquiv>
                        <Unicode>ganz</Unicode>
                    </TextEquiv>
                </Word>
                <Word id="tr_2_tl_10_w4" custom="readingOrder {index:3;}">
                    <Coords points="2027,1112 2027,1172 2142,1172 2142,1112"/>
                    <TextEquiv>
                        <Unicode>tragisch</Unicode>
                    </TextEquiv>
                </Word>
                <Word id="tr_2_tl_10_w5" custom="readingOrder {index:4;}">
                    <Coords points="2181,1115 2181,1175 2349,1175 2349,1115"/>
                    <TextEquiv>
                        <Unicode>aufgefaßt.</Unicode>
                    </TextEquiv>
                </Word>
                <Word id="tr_2_tl_10_w6" custom="readingOrder {index:5;}">
                    <Coords points="2393,1113 2393,1173 2450,1173 2450,1113"/>
                    <TextEquiv>
                        <Unicode>Sie</Unicode>
                    </TextEquiv>
                </Word>
                <Word id="tr_2_tl_10_w7" custom="readingOrder {index:6;}">
                    <Coords points="2484,1115 2484,1175 2575,1175 2575,1115"/>
                    <TextEquiv>
                        <Unicode>hatten</Unicode>
                    </TextEquiv>
                </Word>
                <Word id="tr_2_tl_10_w8" custom="readingOrder {index:7;}">
                    <Coords points="2614,1115 2614,1175 2661,1175 2661,1115"/>
                    <TextEquiv>
                        <Unicode>den</Unicode>
                    </TextEquiv>
                </Word>
                <Word id="tr_2_tl_10_w9" custom="readingOrder {index:8;}">
                    <Coords points="2695,1115 2695,1175 2839,1175 2839,1115"/>
                    <TextEquiv>
                        <Unicode>Instinkt,</Unicode>
                    </TextEquiv>
                </Word>
                <Word id="tr_2_tl_10_w10" custom="readingOrder {index:9;}">
                    <Coords points="2863,1116 2863,1176 2906,1176 2906,1116"/>
                    <TextEquiv>
                        <Unicode>die</Unicode>
                    </TextEquiv>
                </Word>
                <TextEquiv>
                    <Unicode>dem Volk ganz tragisch aufgefaßt. Sie hatten den Instinkt, die</Unicode>
                </TextEquiv>
            </TextLine>
            <TextLine id="tr_2_tl_11" custom="readingOrder {index:10;}">
                <Coords points="1732,1202 2912,1209 2863,1163 1732,1155"/>
                <Baseline points="1740,1188 1798,1190 1857,1190 1916,1191 1975,1194 2034,1194 2092,1194 2151,1194 2210,1195 2269,1197 2328,1194 2386,1196 2445,1196 2504,1197 2563,1198 2622,1200 2680,1200 2739,1197 2798,1197 2857,1200 2916,1200"/>
                <Word id="tr_2_tl_11_w1" custom="readingOrder {index:0;}">
                    <Coords points="1726,1149 1726,1209 1837,1209 1837,1149"/>
                    <TextEquiv>
                        <Unicode>Freude</Unicode>
                    </TextEquiv>
                </Word>
                <Word id="tr_2_tl_11_w2" custom="readingOrder {index:1;}">
                    <Coords points="1866,1150 1866,1210 1898,1210 1898,1150"/>
                    <TextEquiv>
                        <Unicode>am</Unicode>
                    </TextEquiv>
                </Word>
                <Word id="tr_2_tl_11_w3" custom="readingOrder {index:2;}">
                    <Coords points="1936,1154 1936,1214 2080,1214 2080,1154"/>
                    <TextEquiv>
                        <Unicode>Ausleben</Unicode>
                    </TextEquiv>
                </Word>
                <Word id="tr_2_tl_11_w4" custom="readingOrder {index:3;}">
                    <Coords points="2113,1154 2113,1214 2159,1214 2159,1154"/>
                    <TextEquiv>
                        <Unicode>des</Unicode>
                    </TextEquiv>
                </Word>
                <Word id="tr_2_tl_11_w5" custom="readingOrder {index:4;}">
                    <Coords points="2188,1156 2188,1216 2323,1216 2323,1156"/>
                    <TextEquiv>
                        <Unicode>Sinnes,</Unicode>
                    </TextEquiv>
                </Word>
                <Word id="tr_2_tl_11_w6" custom="readingOrder {index:5;}">
                    <Coords points="2342,1155 2342,1215 2397,1215 2397,1155"/>
                    <TextEquiv>
                        <Unicode>wie</Unicode>
                    </TextEquiv>
                </Word>
                <Word id="tr_2_tl_11_w7" custom="readingOrder {index:6;}">
                    <Coords points="2426,1156 2426,1216 2505,1216 2505,1156"/>
                    <TextEquiv>
                        <Unicode>einen</Unicode>
                    </TextEquiv>
                </Word>
                <Word id="tr_2_tl_11_w8" custom="readingOrder {index:7;}">
                    <Coords points="2534,1158 2534,1218 2612,1218 2612,1158"/>
                    <TextEquiv>
                        <Unicode>Fluch</Unicode>
                    </TextEquiv>
                </Word>
                <Word id="tr_2_tl_11_w9" custom="readingOrder {index:8;}">
                    <Coords points="2646,1157 2646,1217 2823,1217 2823,1157"/>
                    <TextEquiv>
                        <Unicode>dargestellt.</Unicode>
                    </TextEquiv>
                </Word>
                <Word id="tr_2_tl_11_w10" custom="readingOrder {index:9;}">
                    <Coords points="2851,1160 2851,1220 2902,1220 2902,1160"/>
                    <TextEquiv>
                        <Unicode>Sie</Unicode>
                    </TextEquiv>
                </Word>
                <TextEquiv>
                    <Unicode>Freude am Ausleben des Sinnes, wie einen Fluch dargestellt. Sie</Unicode>
                </TextEquiv>
            </TextLine>
            <TextLine id="tr_2_tl_12" custom="readingOrder {index:11;}">
                <Coords points="1726,1251 2909,1263 2889,1206 1726,1203"/>
                <Baseline points="1734,1233 1796,1233 1858,1235 1920,1235 1982,1235 2044,1235 2106,1236 2168,1238 2230,1238 2292,1238 2354,1238 2416,1238 2478,1238 2540,1238 2602,1241 2664,1241 2726,1241 2788,1241 2850,1244 2913,1247"/>
                <Word id="tr_2_tl_12_w1" custom="readingOrder {index:0;}">
                    <Coords points="1725,1193 1725,1253 1815,1253 1815,1193"/>
                    <TextEquiv>
                        <Unicode>hatten</Unicode>
                    </TextEquiv>
                </Word>
                <Word id="tr_2_tl_12_w2" custom="readingOrder {index:1;}">
                    <Coords points="1847,1195 1847,1255 1969,1255 1969,1195"/>
                    <TextEquiv>
                        <Unicode>erzählt,</Unicode>
                    </TextEquiv>
                </Word>
                <Word id="tr_2_tl_12_w3" custom="readingOrder {index:2;}">
                    <Coords points="1992,1195 1992,1255 2046,1255 2046,1195"/>
                    <TextEquiv>
                        <Unicode>wie</Unicode>
                    </TextEquiv>
                </Word>
                <Word id="tr_2_tl_12_w4" custom="readingOrder {index:3;}">
                    <Coords points="2070,1196 2070,1256 2187,1256 2187,1196"/>
                    <TextEquiv>
                        <Unicode>schwer,</Unicode>
                    </TextEquiv>
                </Word>
                <Word id="tr_2_tl_12_w5" custom="readingOrder {index:4;}">
                    <Coords points="2210,1198 2210,1258 2260,1258 2260,1198"/>
                    <TextEquiv>
                        <Unicode>wie</Unicode>
                    </TextEquiv>
                </Word>
                <Word id="tr_2_tl_12_w6" custom="readingOrder {index:5;}">
                    <Coords points="2287,1198 2287,1258 2391,1258 2391,1198"/>
                    <TextEquiv>
                        <Unicode>dunkel</Unicode>
                    </TextEquiv>
                </Word>
                <Word id="tr_2_tl_12_w7" custom="readingOrder {index:6;}">
                    <Coords points="2419,1198 2419,1258 2487,1258 2487,1198"/>
                    <TextEquiv>
                        <Unicode>alles</Unicode>
                    </TextEquiv>
                </Word>
                <Word id="tr_2_tl_12_w8" custom="readingOrder {index:7;}">
                    <Coords points="2514,1198 2514,1258 2605,1258 2605,1198"/>
                    <TextEquiv>
                        <Unicode>Leben</Unicode>
                    </TextEquiv>
                </Word>
                <Word id="tr_2_tl_12_w9" custom="readingOrder {index:8;}">
                    <Coords points="2633,1201 2633,1261 2709,1261 2709,1201"/>
                    <TextEquiv>
                        <Unicode>dann</Unicode>
                    </TextEquiv>
                </Word>
                <Word id="tr_2_tl_12_w10" custom="readingOrder {index:9;}">
                    <Coords points="2737,1201 2737,1261 2786,1261 2786,1201"/>
                    <TextEquiv>
                        <Unicode>sein</Unicode>
                    </TextEquiv>
                </Word>
                <Word id="tr_2_tl_12_w11" custom="readingOrder {index:10;}">
                    <Coords points="2823,1204 2823,1264 2909,1264 2909,1204"/>
                    <TextEquiv>
                        <Unicode>wird,</Unicode>
                    </TextEquiv>
                </Word>
                <TextEquiv>
                    <Unicode>hatten erzählt, wie schwer, wie dunkel alles Leben dann sein wird,</Unicode>
                </TextEquiv>
            </TextLine>
            <TextLine id="tr_2_tl_13" custom="readingOrder {index:12;}">
                <Coords points="1720,1291 2906,1293 2851,1248 1720,1257"/>
                <Baseline points="1728,1274 1787,1277 1846,1277 1905,1277 1964,1279 2023,1279 2082,1280 2141,1280 2200,1282 2259,1280 2319,1282 2378,1280 2437,1280 2496,1280 2555,1283 2614,1281 2673,1283 2732,1282 2791,1284 2850,1286 2910,1283"/>
                <Word id="tr_2_tl_13_w1" custom="readingOrder {index:0;}">
                    <Coords points="1723,1235 1723,1295 1807,1295 1807,1235"/>
                    <TextEquiv>
                        <Unicode>wenn</Unicode>
                    </TextEquiv>
                </Word>
                <Word id="tr_2_tl_13_w2" custom="readingOrder {index:1;}">
                    <Coords points="1835,1237 1835,1297 1886,1297 1886,1237"/>
                    <TextEquiv>
                        <Unicode>das</Unicode>
                    </TextEquiv>
                </Word>
                <Word id="tr_2_tl_13_w3" custom="readingOrder {index:2;}">
                    <Coords points="1914,1238 1914,1298 1997,1298 1997,1238"/>
                    <TextEquiv>
                        <Unicode>junge</Unicode>
                    </TextEquiv>
                </Word>
                <Word id="tr_2_tl_13_w4" custom="readingOrder {index:3;}">
                    <Coords points="2021,1240 2021,1300 2160,1300 2160,1240"/>
                    <TextEquiv>
                        <Unicode>Mädchen</Unicode>
                    </TextEquiv>
                </Word>
                <Word id="tr_2_tl_13_w5" custom="readingOrder {index:4;}">
                    <Coords points="2194,1240 2194,1300 2351,1300 2351,1240"/>
                    <TextEquiv>
                        <Unicode>aufwacht.</Unicode>
                    </TextEquiv>
                </Word>
                <Word id="tr_2_tl_13_w6" custom="readingOrder {index:5;}">
                    <Coords points="2389,1240 2389,1300 2449,1300 2449,1240"/>
                    <TextEquiv>
                        <Unicode>Bei</Unicode>
                    </TextEquiv>
                </Word>
                <Word id="tr_2_tl_13_w7" custom="readingOrder {index:6;}">
                    <Coords points="2468,1242 2468,1302 2621,1302 2621,1242"/>
                    <TextEquiv>
                        <Unicode>Schnitzler</Unicode>
                    </TextEquiv>
                </Word>
                <Word id="tr_2_tl_13_w8" custom="readingOrder {index:7;}">
                    <Coords points="2650,1242 2650,1302 2733,1302 2733,1242"/>
                    <TextEquiv>
                        <Unicode>fehlen</Unicode>
                    </TextEquiv>
                </Word>
                <Word id="tr_2_tl_13_w9" custom="readingOrder {index:8;}">
                    <Coords points="2766,1243 2766,1303 2807,1303 2807,1243"/>
                    <TextEquiv>
                        <Unicode>die</Unicode>
                    </TextEquiv>
                </Word>
                <Word id="tr_2_tl_13_w10" custom="readingOrder {index:9;}">
                    <Coords points="2831,1245 2831,1305 2905,1305 2905,1245"/>
                    <TextEquiv>
                        <Unicode>Tra¬</Unicode>
                    </TextEquiv>
                </Word>
                <TextEquiv>
                    <Unicode>wenn das junge Mädchen aufwacht. Bei Schnitzler fehlen die Tra¬</Unicode>
                </TextEquiv>
            </TextLine>
            <TextLine id="tr_2_tl_14" custom="readingOrder {index:13;}">
                <Coords points="1723,1336 2909,1347 2897,1293 1723,1296"/>
                <Baseline points="1731,1322 1790,1320 1849,1322 1908,1322 1967,1319 2026,1321 2085,1325 2144,1325 2203,1325 2262,1325 2322,1325 2381,1323 2440,1324 2499,1325 2558,1325 2617,1323 2676,1325 2735,1328 2794,1328 2853,1328 2913,1328"/>
                <Word id="tr_2_tl_14_w1" custom="readingOrder {index:0;}">
                    <Coords points="1722,1280 1722,1340 1821,1340 1821,1280"/>
                    <TextEquiv>
                        <Unicode>gödien</Unicode>
                    </TextEquiv>
                </Word>
                <Word id="tr_2_tl_14_w2" custom="readingOrder {index:1;}">
                    <Coords points="1853,1282 1853,1342 1943,1342 1943,1282"/>
                    <TextEquiv>
                        <Unicode>nicht.</Unicode>
                    </TextEquiv>
                </Word>
                <Word id="tr_2_tl_14_w3" custom="readingOrder {index:2;}">
                    <Coords points="1980,1280 1980,1340 2038,1340 2038,1280"/>
                    <TextEquiv>
                        <Unicode>Sie</Unicode>
                    </TextEquiv>
                </Word>
                <Word id="tr_2_tl_14_w4" custom="readingOrder {index:3;}">
                    <Coords points="2061,1285 2061,1345 2160,1345 2160,1285"/>
                    <TextEquiv>
                        <Unicode>waren</Unicode>
                    </TextEquiv>
                </Word>
                <Word id="tr_2_tl_14_w5" custom="readingOrder {index:4;}">
                    <Coords points="2193,1285 2193,1345 2396,1345 2396,1285"/>
                    <TextEquiv>
                        <Unicode>naturalistisch</Unicode>
                    </TextEquiv>
                </Word>
                <Word id="tr_2_tl_14_w6" custom="readingOrder {index:5;}">
                    <Coords points="2424,1285 2424,1345 2605,1345 2605,1285"/>
                    <TextEquiv>
                        <Unicode>beobachtet.</Unicode>
                    </TextEquiv>
                </Word>
                <Word id="tr_2_tl_14_w7" custom="readingOrder {index:6;}">
                    <Coords points="2642,1284 2642,1344 2686,1344 2686,1284"/>
                    <TextEquiv>
                        <Unicode>Es</Unicode>
                    </TextEquiv>
                </Word>
                <Word id="tr_2_tl_14_w8" custom="readingOrder {index:7;}">
                    <Coords points="2710,1288 2710,1348 2813,1348 2813,1288"/>
                    <TextEquiv>
                        <Unicode>konnte</Unicode>
                    </TextEquiv>
                </Word>
                <Word id="tr_2_tl_14_w9" custom="readingOrder {index:8;}">
                    <Coords points="2841,1288 2841,1348 2899,1348 2899,1288"/>
                    <TextEquiv>
                        <Unicode>auch</Unicode>
                    </TextEquiv>
                </Word>
                <TextEquiv>
                    <Unicode>gödien nicht. Sie waren naturalistisch beobachtet. Es konnte auch</Unicode>
                </TextEquiv>
            </TextLine>
            <TextLine id="tr_2_tl_15" custom="readingOrder {index:14;}">
                <Coords points="1717,1377 2912,1385 2912,1342 2832,1330 1717,1340"/>
                <Baseline points="1725,1361 1784,1363 1844,1363 1903,1367 1963,1367 2022,1365 2082,1367 2141,1367 2201,1367 2260,1367 2320,1367 2380,1367 2439,1367 2499,1367 2558,1369 2618,1367 2677,1370 2737,1370 2796,1370 2856,1373 2916,1367"/>
                <Word id="tr_2_tl_15_w1" custom="readingOrder {index:0;}">
                    <Coords points="1720,1322 1720,1382 1797,1382 1797,1322"/>
                    <TextEquiv>
                        <Unicode>nicht</Unicode>
                    </TextEquiv>
                </Word>
                <Word id="tr_2_tl_15_w2" custom="readingOrder {index:1;}">
                    <Coords points="1815,1324 1815,1384 1924,1384 1924,1324"/>
                    <TextEquiv>
                        <Unicode>anders</Unicode>
                    </TextEquiv>
                </Word>
                <Word id="tr_2_tl_15_w3" custom="readingOrder {index:2;}">
                    <Coords points="1947,1326 1947,1386 2015,1386 2015,1326"/>
                    <TextEquiv>
                        <Unicode>sein.</Unicode>
                    </TextEquiv>
                </Word>
                <Word id="tr_2_tl_15_w4" custom="readingOrder {index:3;}">
                    <Coords points="2052,1327 2052,1387 2133,1387 2133,1327"/>
                    <TextEquiv>
                        <Unicode>Denn</Unicode>
                    </TextEquiv>
                </Word>
                <Word id="tr_2_tl_15_w5" custom="readingOrder {index:4;}">
                    <Coords points="2161,1327 2161,1387 2315,1387 2315,1327"/>
                    <TextEquiv>
                        <Unicode>Schnitzler</Unicode>
                    </TextEquiv>
                </Word>
                <Word id="tr_2_tl_15_w6" custom="readingOrder {index:5;}">
                    <Coords points="2339,1327 2339,1387 2402,1387 2402,1327"/>
                    <TextEquiv>
                        <Unicode>war</Unicode>
                    </TextEquiv>
                </Word>
                <Word id="tr_2_tl_15_w7" custom="readingOrder {index:6;}">
                    <Coords points="2425,1327 2425,1387 2452,1387 2452,1327"/>
                    <TextEquiv>
                        <Unicode>ja</Unicode>
                    </TextEquiv>
                </Word>
                <Word id="tr_2_tl_15_w8" custom="readingOrder {index:7;}">
                    <Coords points="2480,1327 2480,1387 2516,1387 2516,1327"/>
                    <TextEquiv>
                        <Unicode>ein</Unicode>
                    </TextEquiv>
                </Word>
                <Word id="tr_2_tl_15_w9" custom="readingOrder {index:8;}">
                    <Coords points="2544,1328 2544,1388 2629,1388 2629,1328"/>
                    <TextEquiv>
                        <Unicode>Arzt,</Unicode>
                    </TextEquiv>
                </Word>
                <Word id="tr_2_tl_15_w10" custom="readingOrder {index:9;}">
                    <Coords points="2648,1329 2648,1389 2698,1389 2698,1329"/>
                    <TextEquiv>
                        <Unicode>und</Unicode>
                    </TextEquiv>
                </Word>
                <Word id="tr_2_tl_15_w11" custom="readingOrder {index:10;}">
                    <Coords points="2726,1330 2726,1390 2752,1390 2752,1330"/>
                    <TextEquiv>
                        <Unicode>er</Unicode>
                    </TextEquiv>
                </Word>
                <Word id="tr_2_tl_15_w12" custom="readingOrder {index:11;}">
                    <Coords points="2776,1332 2776,1392 2902,1392 2902,1332"/>
                    <TextEquiv>
                        <Unicode>verstand</Unicode>
                    </TextEquiv>
                </Word>
                <TextEquiv>
                    <Unicode>nicht anders sein. Denn Schnitzler war ja ein Arzt, und er verstand</Unicode>
                </TextEquiv>
            </TextLine>
            <TextLine id="tr_2_tl_16" custom="readingOrder {index:15;}">
                <Coords points="1732,1419 2912,1424 2866,1377 1732,1377"/>
                <Baseline points="1740,1406 1798,1407 1857,1409 1916,1409 1975,1409 2034,1409 2092,1409 2151,1409 2210,1409 2269,1411 2328,1412 2386,1413 2445,1413 2504,1412 2563,1412 2622,1414 2680,1412 2739,1412 2798,1414 2857,1415 2916,1412"/>
                <Word id="tr_2_tl_16_w1" custom="readingOrder {index:0;}">
                    <Coords points="1726,1366 1726,1426 1767,1426 1767,1366"/>
                    <TextEquiv>
                        <Unicode>sich</Unicode>
                    </TextEquiv>
                </Word>
                <Word id="tr_2_tl_16_w2" custom="readingOrder {index:1;}">
                    <Coords points="1796,1367 1796,1427 1847,1427 1847,1367"/>
                    <TextEquiv>
                        <Unicode>auf</Unicode>
                    </TextEquiv>
                </Word>
                <Word id="tr_2_tl_16_w3" custom="readingOrder {index:2;}">
                    <Coords points="1870,1369 1870,1429 1922,1429 1922,1369"/>
                    <TextEquiv>
                        <Unicode>das</Unicode>
                    </TextEquiv>
                </Word>
                <Word id="tr_2_tl_16_w4" custom="readingOrder {index:3;}">
                    <Coords points="1945,1369 1945,1429 2136,1429 2136,1369"/>
                    <TextEquiv>
                        <Unicode>Trauerspiel</Unicode>
                    </TextEquiv>
                </Word>
                <Word id="tr_2_tl_16_w5" custom="readingOrder {index:4;}">
                    <Coords points="2155,1369 2155,1429 2201,1429 2201,1369"/>
                    <TextEquiv>
                        <Unicode>des</Unicode>
                    </TextEquiv>
                </Word>
                <Word id="tr_2_tl_16_w6" custom="readingOrder {index:5;}">
                    <Coords points="2225,1371 2225,1431 2332,1431 2332,1371"/>
                    <TextEquiv>
                        <Unicode>kleinen</Unicode>
                    </TextEquiv>
                </Word>
                <Word id="tr_2_tl_16_w7" custom="readingOrder {index:6;}">
                    <Coords points="2361,1373 2361,1433 2412,1433 2412,1373"/>
                    <TextEquiv>
                        <Unicode>und</Unicode>
                    </TextEquiv>
                </Word>
                <Word id="tr_2_tl_16_w8" custom="readingOrder {index:7;}">
                    <Coords points="2440,1372 2440,1432 2542,1432 2542,1372"/>
                    <TextEquiv>
                        <Unicode>großen</Unicode>
                    </TextEquiv>
                </Word>
                <Word id="tr_2_tl_16_w9" custom="readingOrder {index:8;}">
                    <Coords points="2575,1373 2575,1433 2701,1433 2701,1373"/>
                    <TextEquiv>
                        <Unicode>Lebens.</Unicode>
                    </TextEquiv>
                </Word>
                <Word id="tr_2_tl_16_w10" custom="readingOrder {index:9;}">
                    <Coords points="2734,1373 2734,1433 2813,1433 2813,1373"/>
                    <TextEquiv>
                        <Unicode>Aber</Unicode>
                    </TextEquiv>
                </Word>
                <Word id="tr_2_tl_16_w11" custom="readingOrder {index:10;}">
                    <Coords points="2833,1374 2833,1434 2906,1434 2906,1374"/>
                    <TextEquiv>
                        <Unicode>seine</Unicode>
                    </TextEquiv>
                </Word>
                <TextEquiv>
                    <Unicode>sich auf das Trauerspiel des kleinen und großen Lebens. Aber seine</Unicode>
                </TextEquiv>
            </TextLine>
            <TextLine id="tr_2_tl_17" custom="readingOrder {index:16;}">
                <Coords points="1726,1464 2912,1468 2912,1425 2716,1416 1726,1422"/>
                <Baseline points="1734,1450 1793,1450 1852,1450 1911,1450 1970,1452 2029,1452 2088,1450 2147,1453 2206,1451 2265,1453 2325,1453 2384,1455 2443,1456 2502,1456 2561,1455 2620,1455 2679,1456 2738,1456 2797,1456 2856,1459 2916,1459"/>
                <Word id="tr_2_tl_17_w1" custom="readingOrder {index:0;}">
                    <Coords points="1725,1410 1725,1470 1981,1470 1981,1410"/>
                    <TextEquiv>
                        <Unicode>Frauengestalten</Unicode>
                    </TextEquiv>
                </Word>
                <Word id="tr_2_tl_17_w2" custom="readingOrder {index:1;}">
                    <Coords points="2014,1411 2014,1471 2070,1471 2070,1411"/>
                    <TextEquiv>
                        <Unicode>sind</Unicode>
                    </TextEquiv>
                </Word>
                <Word id="tr_2_tl_17_w3" custom="readingOrder {index:2;}">
                    <Coords points="2103,1412 2103,1472 2196,1472 2196,1412"/>
                    <TextEquiv>
                        <Unicode>sanft.</Unicode>
                    </TextEquiv>
                </Word>
                <Word id="tr_2_tl_17_w4" custom="readingOrder {index:3;}">
                    <Coords points="2239,1413 2239,1473 2341,1473 2341,1413"/>
                    <TextEquiv>
                        <Unicode>Selbst</Unicode>
                    </TextEquiv>
                </Word>
                <Word id="tr_2_tl_17_w5" custom="readingOrder {index:4;}">
                    <Coords points="2370,1415 2370,1475 2462,1475 2462,1415"/>
                    <TextEquiv>
                        <Unicode>dann,</Unicode>
                    </TextEquiv>
                </Word>
                <Word id="tr_2_tl_17_w6" custom="readingOrder {index:5;}">
                    <Coords points="2491,1415 2491,1475 2570,1475 2570,1415"/>
                    <TextEquiv>
                        <Unicode>wenn</Unicode>
                    </TextEquiv>
                </Word>
                <Word id="tr_2_tl_17_w7" custom="readingOrder {index:6;}">
                    <Coords points="2603,1415 2603,1475 2640,1475 2640,1415"/>
                    <TextEquiv>
                        <Unicode>sie</Unicode>
                    </TextEquiv>
                </Word>
                <Word id="tr_2_tl_17_w8" custom="readingOrder {index:7;}">
                    <Coords points="2669,1416 2669,1476 2710,1476 2710,1416"/>
                    <TextEquiv>
                        <Unicode>sich</Unicode>
                    </TextEquiv>
                </Word>
                <Word id="tr_2_tl_17_w9" custom="readingOrder {index:8;}">
                    <Coords points="2748,1416 2748,1476 2808,1476 2808,1416"/>
                    <TextEquiv>
                        <Unicode>nach</Unicode>
                    </TextEquiv>
                </Word>
                <Word id="tr_2_tl_17_w10" custom="readingOrder {index:9;}">
                    <Coords points="2846,1419 2846,1479 2892,1479 2892,1419"/>
                    <TextEquiv>
                        <Unicode>dem</Unicode>
                    </TextEquiv>
                </Word>
                <TextEquiv>
                    <Unicode>Frauengestalten sind sanft. Selbst dann, wenn sie sich nach dem</Unicode>
                </TextEquiv>
            </TextLine>
            <TextLine id="tr_2_tl_18" custom="readingOrder {index:17;}">
                <Coords points="1723,1505 2909,1513 2892,1465 1723,1461"/>
                <Baseline points="1731,1489 1790,1492 1849,1494 1908,1495 1967,1495 2026,1495 2085,1495 2144,1495 2203,1497 2262,1495 2322,1498 2381,1498 2440,1498 2499,1498 2558,1498 2617,1498 2676,1498 2735,1498 2794,1500 2853,1501 2913,1501"/>
                <Word id="tr_2_tl_18_w1" custom="readingOrder {index:0;}">
                    <Coords points="1722,1450 1722,1510 1800,1510 1800,1450"/>
                    <TextEquiv>
                        <Unicode>Tode</Unicode>
                    </TextEquiv>
                </Word>
                <Word id="tr_2_tl_18_w2" custom="readingOrder {index:1;}">
                    <Coords points="1824,1454 1824,1514 1945,1514 1945,1454"/>
                    <TextEquiv>
                        <Unicode>sehnen,</Unicode>
                    </TextEquiv>
                </Word>
                <Word id="tr_2_tl_18_w3" custom="readingOrder {index:2;}">
                    <Coords points="1964,1455 1964,1515 1996,1515 1996,1455"/>
                    <TextEquiv>
                        <Unicode>ist</Unicode>
                    </TextEquiv>
                </Word>
                <Word id="tr_2_tl_18_w4" custom="readingOrder {index:3;}">
                    <Coords points="2020,1455 2020,1515 2080,1515 2080,1455"/>
                    <TextEquiv>
                        <Unicode>noch</Unicode>
                    </TextEquiv>
                </Word>
                <Word id="tr_2_tl_18_w5" custom="readingOrder {index:4;}">
                    <Coords points="2108,1455 2108,1515 2182,1515 2182,1455"/>
                    <TextEquiv>
                        <Unicode>nicht</Unicode>
                    </TextEquiv>
                </Word>
                <Word id="tr_2_tl_18_w6" custom="readingOrder {index:5;}">
                    <Coords points="2206,1455 2206,1515 2261,1515 2261,1455"/>
                    <TextEquiv>
                        <Unicode>alle</Unicode>
                    </TextEquiv>
                </Word>
                <Word id="tr_2_tl_18_w7" custom="readingOrder {index:6;}">
                    <Coords points="2285,1458 2285,1518 2443,1518 2443,1458"/>
                    <TextEquiv>
                        <Unicode>Heiterkeit</Unicode>
                    </TextEquiv>
                </Word>
                <Word id="tr_2_tl_18_w8" custom="readingOrder {index:7;}">
                    <Coords points="2466,1458 2466,1518 2489,1518 2489,1458"/>
                    <TextEquiv>
                        <Unicode>in</Unicode>
                    </TextEquiv>
                </Word>
                <Word id="tr_2_tl_18_w9" custom="readingOrder {index:8;}">
                    <Coords points="2518,1458 2518,1518 2601,1518 2601,1458"/>
                    <TextEquiv>
                        <Unicode>ihnen</Unicode>
                    </TextEquiv>
                </Word>
                <Word id="tr_2_tl_18_w10" custom="readingOrder {index:9;}">
                    <Coords points="2629,1459 2629,1519 2908,1519 2908,1459"/>
                    <TextEquiv>
                        <Unicode>eingeschlummert.</Unicode>
                    </TextEquiv>
                </Word>
                <TextEquiv>
                    <Unicode>Tode sehnen, ist noch nicht alle Heiterkeit in ihnen eingeschlummert.</Unicode>
                </TextEquiv>
            </TextLine>
            <TextLine id="tr_2_tl_19" custom="readingOrder {index:18;}">
                <Coords points="1723,1542 2912,1555 2869,1505 1723,1507"/>
                <Baseline points="1731,1531 1790,1537 1849,1537 1908,1540 1968,1537 2027,1537 2086,1537 2145,1538 2205,1540 2264,1540 2323,1540 2382,1542 2442,1543 2501,1541 2560,1543 2619,1543 2679,1543 2738,1543 2797,1543 2856,1543 2916,1540"/>
                <Word id="tr_2_tl_19_w1" custom="readingOrder {index:0;}">
                    <Coords points="1722,1496 1722,1556 1855,1556 1855,1496"/>
                    <TextEquiv>
                        <Unicode>Verzückt</Unicode>
                    </TextEquiv>
                </Word>
                <Word id="tr_2_tl_19_w2" custom="readingOrder {index:1;}">
                    <Coords points="1880,1499 1880,1559 1975,1559 1975,1499"/>
                    <TextEquiv>
                        <Unicode>wollen</Unicode>
                    </TextEquiv>
                </Word>
                <Word id="tr_2_tl_19_w3" custom="readingOrder {index:2;}">
                    <Coords points="2005,1497 2005,1557 2038,1557 2038,1497"/>
                    <TextEquiv>
                        <Unicode>sie</Unicode>
                    </TextEquiv>
                </Word>
                <Word id="tr_2_tl_19_w4" custom="readingOrder {index:3;}">
                    <Coords points="2058,1497 2058,1557 2186,1557 2186,1497"/>
                    <TextEquiv>
                        <Unicode>sterben;</Unicode>
                    </TextEquiv>
                </Word>
                <Word id="tr_2_tl_19_w5" custom="readingOrder {index:4;}">
                    <Coords points="2206,1500 2206,1560 2278,1560 2278,1500"/>
                    <TextEquiv>
                        <Unicode>nicht</Unicode>
                    </TextEquiv>
                </Word>
                <Word id="tr_2_tl_19_w6" custom="readingOrder {index:5;}">
                    <Coords points="2302,1500 2302,1560 2345,1560 2345,1500"/>
                    <TextEquiv>
                        <Unicode>als</Unicode>
                    </TextEquiv>
                </Word>
                <Word id="tr_2_tl_19_w7" custom="readingOrder {index:6;}">
                    <Coords points="2369,1501 2369,1561 2604,1561 2604,1501"/>
                    <TextEquiv>
                        <Unicode>Anklägerinnen</Unicode>
                    </TextEquiv>
                </Word>
                <Word id="tr_2_tl_19_w8" custom="readingOrder {index:7;}">
                    <Coords points="2633,1503 2633,1563 2681,1563 2681,1503"/>
                    <TextEquiv>
                        <Unicode>der</Unicode>
                    </TextEquiv>
                </Word>
                <Word id="tr_2_tl_19_w9" custom="readingOrder {index:8;}">
                    <Coords points="2705,1503 2705,1563 2820,1563 2820,1503"/>
                    <TextEquiv>
                        <Unicode>sozialen</Unicode>
                    </TextEquiv>
                </Word>
                <Word id="tr_2_tl_19_w10" custom="readingOrder {index:9;}">
                    <Coords points="2849,1501 2849,1561 2911,1561 2911,1501"/>
                    <TextEquiv>
                        <Unicode>Ge¬</Unicode>
                    </TextEquiv>
                </Word>
                <TextEquiv>
                    <Unicode>Verzückt wollen sie sterben; nicht als Anklägerinnen der sozialen Ge¬</Unicode>
                </TextEquiv>
            </TextLine>
            <TextLine id="tr_2_tl_20" custom="readingOrder {index:19;}">
                <Coords points="1723,1592 2874,1604 2911,1558 1721,1542"/>
                <Baseline points="1731,1579 1790,1579 1849,1581 1908,1582 1968,1582 2027,1584 2086,1585 2145,1582 2205,1584 2264,1585 2323,1583 2382,1585 2442,1585 2501,1585 2560,1585 2619,1585 2679,1585 2738,1585 2797,1587 2856,1585 2916,1582"/>
                <Word id="tr_2_tl_20_w1" custom="readingOrder {index:0;}">
                    <Coords points="1720,1541 1720,1601 2031,1601 2031,1541"/>
                    <TextEquiv>
                        <Unicode>sellschaftsordnung,</Unicode>
                    </TextEquiv>
                </Word>
                <Word id="tr_2_tl_20_w2" custom="readingOrder {index:1;}">
                    <Coords points="2055,1543 2055,1603 2171,1603 2171,1543"/>
                    <TextEquiv>
                        <Unicode>sondern</Unicode>
                    </TextEquiv>
                </Word>
                <Word id="tr_2_tl_20_w3" custom="readingOrder {index:2;}">
                    <Coords points="2204,1544 2204,1604 2226,1604 2226,1544"/>
                    <TextEquiv>
                        <Unicode>in</Unicode>
                    </TextEquiv>
                </Word>
                <Word id="tr_2_tl_20_w4" custom="readingOrder {index:3;}">
                    <Coords points="2260,1544 2260,1604 2306,1604 2306,1544"/>
                    <TextEquiv>
                        <Unicode>der</Unicode>
                    </TextEquiv>
                </Word>
                <Word id="tr_2_tl_20_w5" custom="readingOrder {index:4;}">
                    <Coords points="2335,1545 2335,1605 2502,1605 2502,1545"/>
                    <TextEquiv>
                        <Unicode>Schönheit</Unicode>
                    </TextEquiv>
                </Word>
                <Word id="tr_2_tl_20_w6" custom="readingOrder {index:5;}">
                    <Coords points="2530,1545 2530,1605 2604,1605 2604,1545"/>
                    <TextEquiv>
                        <Unicode>eines</Unicode>
                    </TextEquiv>
                </Word>
                <Word id="tr_2_tl_20_w7" custom="readingOrder {index:6;}">
                    <Coords points="2632,1545 2632,1605 2757,1605 2757,1545"/>
                    <TextEquiv>
                        <Unicode>Engels,</Unicode>
                    </TextEquiv>
                </Word>
                <Word id="tr_2_tl_20_w8" custom="readingOrder {index:7;}">
                    <Coords points="2781,1546 2781,1606 2827,1606 2827,1546"/>
                    <TextEquiv>
                        <Unicode>der</Unicode>
                    </TextEquiv>
                </Word>
                <Word id="tr_2_tl_20_w9" custom="readingOrder {index:8;}">
                    <Coords points="2860,1543 2860,1603 2906,1603 2906,1543"/>
                    <TextEquiv>
                        <Unicode>zu¬</Unicode>
                    </TextEquiv>
                </Word>
                <TextEquiv>
                    <Unicode>sellschaftsordnung, sondern in der Schönheit eines Engels, der zu¬</Unicode>
                </TextEquiv>
            </TextLine>
            <TextLine id="tr_2_tl_21" custom="readingOrder {index:20;}">
                <Coords points="1720,1641 2914,1640 2914,1590 1720,1593"/>
                <Baseline points="1728,1621 1787,1625 1846,1627 1906,1627 1965,1627 2025,1625 2084,1627 2143,1627 2203,1627 2262,1627 2322,1629 2381,1629 2440,1630 2500,1630 2559,1630 2619,1630 2678,1630 2737,1630 2797,1630 2856,1630 2916,1630"/>
                <Word id="tr_2_tl_21_w1" custom="readingOrder {index:0;}">
                    <Coords points="1719,1583 1719,1643 1804,1643 1804,1583"/>
                    <TextEquiv>
                        <Unicode>fällig</Unicode>
                    </TextEquiv>
                </Word>
                <Word id="tr_2_tl_21_w2" custom="readingOrder {index:1;}">
                    <Coords points="1848,1587 1848,1647 2010,1647 2010,1587"/>
                    <TextEquiv>
                        <Unicode>entgleiste.</Unicode>
                    </TextEquiv>
                </Word>
                <Word id="tr_2_tl_21_w3" custom="readingOrder {index:2;}">
                    <Coords points="2058,1587 2058,1647 2120,1647 2120,1587"/>
                    <TextEquiv>
                        <Unicode>Das</Unicode>
                    </TextEquiv>
                </Word>
                <Word id="tr_2_tl_21_w4" custom="readingOrder {index:3;}">
                    <Coords points="2168,1587 2168,1647 2234,1647 2234,1587"/>
                    <TextEquiv>
                        <Unicode>war</Unicode>
                    </TextEquiv>
                </Word>
                <Word id="tr_2_tl_21_w5" custom="readingOrder {index:4;}">
                    <Coords points="2278,1588 2278,1648 2325,1648 2325,1588"/>
                    <TextEquiv>
                        <Unicode>der</Unicode>
                    </TextEquiv>
                </Word>
                <Word id="tr_2_tl_21_w6" custom="readingOrder {index:5;}">
                    <Coords points="2374,1590 2374,1650 2550,1650 2550,1590"/>
                    <TextEquiv>
                        <Unicode>wienerische</Unicode>
                    </TextEquiv>
                </Word>
                <Word id="tr_2_tl_21_w7" custom="readingOrder {index:6;}">
                    <Coords points="2589,1590 2589,1650 2817,1650 2817,1590"/>
                    <TextEquiv>
                        <Unicode>Naturalismus</Unicode>
                    </TextEquiv>
                </Word>
                <Word id="tr_2_tl_21_w8" custom="readingOrder {index:7;}">
                    <Coords points="2856,1590 2856,1650 2903,1650 2903,1590"/>
                    <TextEquiv>
                        <Unicode>der</Unicode>
                    </TextEquiv>
                </Word>
                <TextEquiv>
                    <Unicode>fällig entgleiste. Das war der wienerische Naturalismus der</Unicode>
                </TextEquiv>
            </TextLine>
            <TextLine id="tr_2_tl_22" custom="readingOrder {index:21;}">
                <Coords points="1723,1701 2806,1704 2912,1687 2912,1641 1721,1637"/>
                <Baseline points="1731,1665 1790,1668 1849,1670 1908,1674 1968,1672 2027,1674 2086,1674 2145,1674 2205,1674 2264,1674 2323,1674 2382,1674 2442,1674 2501,1674 2560,1674 2619,1676 2679,1677 2738,1677 2797,1675 2856,1674 2916,1674"/>
                <Word id="tr_2_tl_22_w1" custom="readingOrder {index:0;}">
                    <Coords points="1721,1633 1721,1693 2122,1693 2122,1633"/>
                    <TextEquiv>
                        <Unicode>Empfindsamkeit.</Unicode>
                    </TextEquiv>
                </Word>
                <Word id="tr_2_tl_22_w2" custom="readingOrder {index:1;}">
                    <Coords points="2164,1634 2164,1694 2209,1694 2209,1634"/>
                    <TextEquiv>
                        <Unicode>Es</Unicode>
                    </TextEquiv>
                </Word>
                <Word id="tr_2_tl_22_w3" custom="readingOrder {index:2;}">
                    <Coords points="2241,1634 2241,1694 2302,1694 2302,1634"/>
                    <TextEquiv>
                        <Unicode>war</Unicode>
                    </TextEquiv>
                </Word>
                <Word id="tr_2_tl_22_w4" custom="readingOrder {index:3;}">
                    <Coords points="2334,1634 2334,1694 2374,1694 2374,1634"/>
                    <TextEquiv>
                        <Unicode>ein</Unicode>
                    </TextEquiv>
                </Word>
                <Word id="tr_2_tl_22_w5" custom="readingOrder {index:4;}">
                    <Coords points="2411,1634 2411,1694 2658,1694 2658,1634"/>
                    <TextEquiv>
                        <Unicode>Naturalismus,</Unicode>
                    </TextEquiv>
                </Word>
                <Word id="tr_2_tl_22_w6" custom="readingOrder {index:5;}">
                    <Coords points="2684,1637 2684,1697 2730,1697 2730,1637"/>
                    <TextEquiv>
                        <Unicode>der</Unicode>
                    </TextEquiv>
                </Word>
                <Word id="tr_2_tl_22_w7" custom="readingOrder {index:6;}">
                    <Coords points="2761,1635 2761,1695 2833,1695 2833,1635"/>
                    <TextEquiv>
                        <Unicode>über</Unicode>
                    </TextEquiv>
                </Word>
                <Word id="tr_2_tl_22_w8" custom="readingOrder {index:7;}">
                    <Coords points="2859,1634 2859,1694 2900,1694 2900,1634"/>
                    <TextEquiv>
                        <Unicode>die</Unicode>
                    </TextEquiv>
                </Word>
                <TextEquiv>
                    <Unicode>Empfindsamkeit. Es war ein Naturalismus, der über die</Unicode>
                </TextEquiv>
            </TextLine>
            <TextLine id="tr_2_tl_23" custom="readingOrder {index:22;}">
                <Coords points="1720,2743 2909,2743 2909,2670 2832,2707 1720,2696"/>
                <Baseline points="1728,2734 1787,2728 1846,2728 1905,2727 1965,2727 2024,2725 2083,2729 2142,2731 2202,2731 2261,2731 2320,2731 2379,2731 2439,2731 2498,2729 2557,2728 2616,2728 2676,2730 2735,2728 2794,2731 2853,2731 2913,2731"/>
                <Word id="tr_2_tl_23_w1" custom="readingOrder {index:0;}">
                    <Coords points="1725,2689 1725,2749 1812,2749 1812,2689"/>
                    <TextEquiv>
                        <Unicode>ganze</Unicode>
                    </TextEquiv>
                </Word>
                <Word id="tr_2_tl_23_w2" custom="readingOrder {index:1;}">
                    <Coords points="1838,2687 1838,2747 1915,2747 1915,2687"/>
                    <TextEquiv>
                        <Unicode>Welt</Unicode>
                    </TextEquiv>
                </Word>
                <Word id="tr_2_tl_23_w3" custom="readingOrder {index:2;}">
                    <Coords points="1937,2686 1937,2746 2018,2746 2018,2686"/>
                    <TextEquiv>
                        <Unicode>siegte</Unicode>
                    </TextEquiv>
                </Word>
                <Word id="tr_2_tl_23_w4" custom="readingOrder {index:3;}">
                    <Coords points="2045,2688 2045,2748 2096,2748 2096,2688"/>
                    <TextEquiv>
                        <Unicode>und</Unicode>
                    </TextEquiv>
                </Word>
                <Word id="tr_2_tl_23_w5" custom="readingOrder {index:4;}">
                    <Coords points="2117,2691 2117,2751 2277,2751 2277,2691"/>
                    <TextEquiv>
                        <Unicode>besonders</Unicode>
                    </TextEquiv>
                </Word>
                <Word id="tr_2_tl_23_w6" custom="readingOrder {index:5;}">
                    <Coords points="2298,2691 2298,2751 2323,2751 2323,2691"/>
                    <TextEquiv>
                        <Unicode>in</Unicode>
                    </TextEquiv>
                </Word>
                <Word id="tr_2_tl_23_w7" custom="readingOrder {index:6;}">
                    <Coords points="2355,2690 2355,2750 2545,2750 2545,2690"/>
                    <TextEquiv>
                        <Unicode>romanischen</Unicode>
                    </TextEquiv>
                </Word>
                <Word id="tr_2_tl_23_w8" custom="readingOrder {index:7;}">
                    <Coords points="2577,2688 2577,2748 2706,2748 2706,2688"/>
                    <TextEquiv>
                        <Unicode>Ländern</Unicode>
                    </TextEquiv>
                </Word>
                <Word id="tr_2_tl_23_w9" custom="readingOrder {index:8;}">
                    <Coords points="2737,2691 2737,2751 2902,2751 2902,2691"/>
                    <TextEquiv>
                        <Unicode>verstanden</Unicode>
                    </TextEquiv>
                </Word>
                <TextEquiv>
                    <Unicode>ganze Welt siegte und besonders in romanischen Ländern verstanden</Unicode>
                </TextEquiv>
            </TextLine>
            <TextLine id="tr_2_tl_24" custom="readingOrder {index:23;}">
                <Coords points="1720,2778 2914,2800 2914,2749 2841,2735 1720,2750"/>
                <Baseline points="1728,2773 1787,2773 1846,2773 1906,2773 1965,2773 2025,2773 2084,2773 2143,2773 2203,2773 2262,2774 2322,2774 2381,2773 2440,2774 2500,2776 2559,2776 2619,2776 2678,2776 2737,2776 2797,2776 2856,2776 2916,2770"/>
                <Word id="tr_2_tl_24_w1" custom="readingOrder {index:0;}">
                    <Coords points="1724,2733 1724,2793 1841,2793 1841,2733"/>
                    <TextEquiv>
                        <Unicode>wurde,</Unicode>
                    </TextEquiv>
                </Word>
                <Word id="tr_2_tl_24_w2" custom="readingOrder {index:1;}">
                    <Coords points="1861,2733 1861,2793 1900,2793 1900,2733"/>
                    <TextEquiv>
                        <Unicode>wo</Unicode>
                    </TextEquiv>
                </Word>
                <Word id="tr_2_tl_24_w3" custom="readingOrder {index:2;}">
                    <Coords points="1930,2733 1930,2793 1994,2793 1994,2733"/>
                    <TextEquiv>
                        <Unicode>man</Unicode>
                    </TextEquiv>
                </Word>
                <Word id="tr_2_tl_24_w4" custom="readingOrder {index:3;}">
                    <Coords points="2024,2733 2024,2793 2067,2793 2067,2733"/>
                    <TextEquiv>
                        <Unicode>für</Unicode>
                    </TextEquiv>
                </Word>
                <Word id="tr_2_tl_24_w5" custom="readingOrder {index:4;}">
                    <Coords points="2093,2733 2093,2793 2141,2793 2141,2733"/>
                    <TextEquiv>
                        <Unicode>den</Unicode>
                    </TextEquiv>
                </Word>
                <Word id="tr_2_tl_24_w6" custom="readingOrder {index:5;}">
                    <Coords points="2171,2733 2171,2793 2294,2793 2294,2733"/>
                    <TextEquiv>
                        <Unicode>herben,</Unicode>
                    </TextEquiv>
                </Word>
                <Word id="tr_2_tl_24_w7" custom="readingOrder {index:6;}">
                    <Coords points="2314,2733 2314,2793 2456,2793 2456,2733"/>
                    <TextEquiv>
                        <Unicode>sachlichen</Unicode>
                    </TextEquiv>
                </Word>
                <Word id="tr_2_tl_24_w8" custom="readingOrder {index:7;}">
                    <Coords points="2486,2736 2486,2796 2702,2796 2702,2736"/>
                    <TextEquiv>
                        <Unicode>norddeutschen</Unicode>
                    </TextEquiv>
                </Word>
                <Word id="tr_2_tl_24_w9" custom="readingOrder {index:8;}">
                    <Coords points="2732,2736 2732,2796 2908,2796 2908,2736"/>
                    <TextEquiv>
                        <Unicode>Naturalis¬</Unicode>
                    </TextEquiv>
                </Word>
                <TextEquiv>
                    <Unicode>wurde, wo man für den herben, sachlichen norddeutschen Naturalis¬</Unicode>
                </TextEquiv>
            </TextLine>
            <TextLine id="tr_2_tl_25" custom="readingOrder {index:24;}">
                <Coords points="1717,2829 2409,2832 2409,2786 2348,2781 1717,2793"/>
                <Baseline points="1725,2818 1759,2818 1793,2816 1828,2816 1862,2818 1896,2816 1931,2817 1965,2817 1999,2815 2034,2815 2068,2815 2102,2815 2137,2816 2171,2818 2205,2816 2240,2815 2274,2816 2308,2818 2343,2816 2377,2815 2412,2818"/>
                <Word id="tr_2_tl_25_w1" custom="readingOrder {index:0;}">
                    <Coords points="1721,2778 1721,2838 1786,2838 1786,2778"/>
                    <TextEquiv>
                        <Unicode>mus</Unicode>
                    </TextEquiv>
                </Word>
                <Word id="tr_2_tl_25_w2" custom="readingOrder {index:1;}">
                    <Coords points="1815,2777 1815,2837 1889,2837 1889,2777"/>
                    <TextEquiv>
                        <Unicode>nicht</Unicode>
                    </TextEquiv>
                </Word>
                <Word id="tr_2_tl_25_w3" custom="readingOrder {index:2;}">
                    <Coords points="1914,2777 1914,2837 1970,2837 1970,2777"/>
                    <TextEquiv>
                        <Unicode>viel</Unicode>
                    </TextEquiv>
                </Word>
                <Word id="tr_2_tl_25_w4" custom="readingOrder {index:3;}">
                    <Coords points="1994,2775 1994,2835 2191,2835 2191,2775"/>
                    <TextEquiv>
                        <Unicode>Verständnis</Unicode>
                    </TextEquiv>
                </Word>
                <Word id="tr_2_tl_25_w5" custom="readingOrder {index:4;}">
                    <Coords points="2220,2777 2220,2837 2403,2837 2403,2777"/>
                    <TextEquiv>
                        <Unicode>aufbrachte.</Unicode>
                    </TextEquiv>
                </Word>
                <TextEquiv>
                    <Unicode>mus nicht viel Verständnis aufbrachte.</Unicode>
                </TextEquiv>
            </TextLine>
            <TextLine id="tr_2_tl_26" custom="readingOrder {index:25;}">
                <Coords points="1788,2872 2915,2875 2898,2815 1788,2843"/>
                <Baseline points="1797,2863 1853,2860 1909,2860 1965,2860 2021,2860 2077,2860 2133,2860 2189,2860 2245,2863 2301,2861 2358,2861 2414,2862 2470,2863 2526,2863 2582,2863 2638,2863 2694,2863 2750,2863 2806,2863 2862,2863 2919,2866"/>
                <Word id="tr_2_tl_26_w1" custom="readingOrder {index:0;}">
                    <Coords points="1792,2820 1792,2880 2008,2880 2008,2820"/>
                    <TextEquiv>
                        <Unicode>„Anatol":</Unicode>
                    </TextEquiv>
                </Word>
                <Word id="tr_2_tl_26_w2" custom="readingOrder {index:1;}">
                    <Coords points="2038,2820 2038,2880 2092,2880 2092,2820"/>
                    <TextEquiv>
                        <Unicode>Ein</Unicode>
                    </TextEquiv>
                </Word>
                <Word id="tr_2_tl_26_w3" custom="readingOrder {index:2;}">
                    <Coords points="2127,2820 2127,2880 2230,2880 2230,2820"/>
                    <TextEquiv>
                        <Unicode>junger</Unicode>
                    </TextEquiv>
                </Word>
                <Word id="tr_2_tl_26_w4" custom="readingOrder {index:3;}">
                    <Coords points="2255,2821 2255,2881 2348,2881 2348,2821"/>
                    <TextEquiv>
                        <Unicode>Herr,</Unicode>
                    </TextEquiv>
                </Word>
                <Word id="tr_2_tl_26_w5" custom="readingOrder {index:4;}">
                    <Coords points="2368,2821 2368,2881 2416,2881 2416,2821"/>
                    <TextEquiv>
                        <Unicode>der</Unicode>
                    </TextEquiv>
                </Word>
                <Word id="tr_2_tl_26_w6" custom="readingOrder {index:5;}">
                    <Coords points="2442,2823 2442,2883 2530,2883 2530,2823"/>
                    <TextEquiv>
                        <Unicode>nichts</Unicode>
                    </TextEquiv>
                </Word>
                <Word id="tr_2_tl_26_w7" custom="readingOrder {index:6;}">
                    <Coords points="2560,2823 2560,2883 2677,2883 2677,2823"/>
                    <TextEquiv>
                        <Unicode>anderes</Unicode>
                    </TextEquiv>
                </Word>
                <Word id="tr_2_tl_26_w8" custom="readingOrder {index:7;}">
                    <Coords points="2707,2823 2707,2883 2736,2883 2736,2823"/>
                    <TextEquiv>
                        <Unicode>zu</Unicode>
                    </TextEquiv>
                </Word>
                <Word id="tr_2_tl_26_w9" custom="readingOrder {index:8;}">
                    <Coords points="2766,2823 2766,2883 2810,2883 2810,2823"/>
                    <TextEquiv>
                        <Unicode>tun</Unicode>
                    </TextEquiv>
                </Word>
                <Word id="tr_2_tl_26_w10" custom="readingOrder {index:9;}">
                    <Coords points="2845,2823 2845,2883 2909,2883 2909,2823"/>
                    <TextEquiv>
                        <Unicode>hat,</Unicode>
                    </TextEquiv>
                </Word>
                <TextEquiv>
                    <Unicode>„Anatol": Ein junger Herr, der nichts anderes zu tun hat,</Unicode>
                </TextEquiv>
            </TextLine>
            <TextLine id="tr_2_tl_27" custom="readingOrder {index:26;}">
                <Coords points="1720,2915 2915,2915 2915,2874 2846,2869 1720,2881"/>
                <Baseline points="1728,2901 1787,2904 1847,2904 1906,2901 1966,2904 2025,2902 2085,2904 2144,2904 2204,2904 2263,2904 2323,2905 2383,2907 2442,2907 2502,2907 2561,2907 2621,2904 2680,2907 2740,2907 2799,2907 2859,2907 2919,2907"/>
                <Word id="tr_2_tl_27_w1" custom="readingOrder {index:0;}">
                    <Coords points="1723,2861 1723,2921 1769,2921 1769,2861"/>
                    <TextEquiv>
                        <Unicode>als</Unicode>
                    </TextEquiv>
                </Word>
                <Word id="tr_2_tl_27_w2" custom="readingOrder {index:1;}">
                    <Coords points="1793,2864 1793,2924 1834,2924 1834,2864"/>
                    <TextEquiv>
                        <Unicode>sich</Unicode>
                    </TextEquiv>
                </Word>
                <Word id="tr_2_tl_27_w3" custom="readingOrder {index:2;}">
                    <Coords points="1863,2862 1863,2922 1909,2922 1909,2862"/>
                    <TextEquiv>
                        <Unicode>der</Unicode>
                    </TextEquiv>
                </Word>
                <Word id="tr_2_tl_27_w4" custom="readingOrder {index:3;}">
                    <Coords points="1933,2863 1933,2923 2016,2923 2016,2863"/>
                    <TextEquiv>
                        <Unicode>Liebe</Unicode>
                    </TextEquiv>
                </Word>
                <Word id="tr_2_tl_27_w5" custom="readingOrder {index:4;}">
                    <Coords points="2044,2863 2044,2923 2067,2923 2067,2863"/>
                    <TextEquiv>
                        <Unicode>zu</Unicode>
                    </TextEquiv>
                </Word>
                <Word id="tr_2_tl_27_w6" custom="readingOrder {index:5;}">
                    <Coords points="2096,2864 2096,2924 2239,2924 2239,2864"/>
                    <TextEquiv>
                        <Unicode>widmen,</Unicode>
                    </TextEquiv>
                </Word>
                <Word id="tr_2_tl_27_w7" custom="readingOrder {index:6;}">
                    <Coords points="2258,2864 2258,2924 2304,2924 2304,2864"/>
                    <TextEquiv>
                        <Unicode>der</Unicode>
                    </TextEquiv>
                </Word>
                <Word id="tr_2_tl_27_w8" custom="readingOrder {index:7;}">
                    <Coords points="2329,2867 2329,2927 2477,2927 2477,2867"/>
                    <TextEquiv>
                        <Unicode>eleganten</Unicode>
                    </TextEquiv>
                </Word>
                <Word id="tr_2_tl_27_w9" custom="readingOrder {index:8;}">
                    <Coords points="2505,2867 2505,2927 2588,2927 2588,2867"/>
                    <TextEquiv>
                        <Unicode>Liebe</Unicode>
                    </TextEquiv>
                </Word>
                <Word id="tr_2_tl_27_w10" custom="readingOrder {index:9;}">
                    <Coords points="2617,2865 2617,2925 2668,2925 2668,2865"/>
                    <TextEquiv>
                        <Unicode>wie</Unicode>
                    </TextEquiv>
                </Word>
                <Word id="tr_2_tl_27_w11" custom="readingOrder {index:10;}">
                    <Coords points="2691,2867 2691,2927 2737,2927 2737,2867"/>
                    <TextEquiv>
                        <Unicode>der</Unicode>
                    </TextEquiv>
                </Word>
                <Word id="tr_2_tl_27_w12" custom="readingOrder {index:11;}">
                    <Coords points="2761,2867 2761,2927 2816,2927 2816,2867"/>
                    <TextEquiv>
                        <Unicode>aus</Unicode>
                    </TextEquiv>
                </Word>
                <Word id="tr_2_tl_27_w13" custom="readingOrder {index:12;}">
                    <Coords points="2845,2867 2845,2927 2891,2927 2891,2867"/>
                    <TextEquiv>
                        <Unicode>dem</Unicode>
                    </TextEquiv>
                </Word>
                <TextEquiv>
                    <Unicode>als sich der Liebe zu widmen, der eleganten Liebe wie der aus dem</Unicode>
                </TextEquiv>
            </TextLine>
            <TextLine id="tr_2_tl_28" custom="readingOrder {index:27;}">
                <Coords points="1720,2952 2914,2963 2914,2925 2807,2912 1720,2915"/>
                <Baseline points="1728,2943 1787,2946 1846,2946 1906,2949 1965,2945 2025,2945 2084,2946 2143,2949 2203,2947 2262,2949 2322,2949 2381,2949 2440,2949 2500,2949 2559,2949 2619,2949 2678,2949 2737,2949 2797,2949 2856,2951 2916,2946"/>
                <Word id="tr_2_tl_28_w1" custom="readingOrder {index:0;}">
                    <Coords points="1724,2904 1724,2964 1795,2964 1795,2904"/>
                    <TextEquiv>
                        <Unicode>Volk</Unicode>
                    </TextEquiv>
                </Word>
                <Word id="tr_2_tl_28_w2" custom="readingOrder {index:1;}">
                    <Coords points="1819,2908 1819,2968 1967,2968 1967,2908"/>
                    <TextEquiv>
                        <Unicode>geholten.</Unicode>
                    </TextEquiv>
                </Word>
                <Word id="tr_2_tl_28_w3" custom="readingOrder {index:2;}">
                    <Coords points="2006,2905 2006,2965 2082,2965 2082,2905"/>
                    <TextEquiv>
                        <Unicode>Sein</Unicode>
                    </TextEquiv>
                </Word>
                <Word id="tr_2_tl_28_w4" custom="readingOrder {index:3;}">
                    <Coords points="2111,2907 2111,2967 2311,2967 2311,2907"/>
                    <TextEquiv>
                        <Unicode>Sinnspruch:</Unicode>
                    </TextEquiv>
                </Word>
                <Word id="tr_2_tl_28_w5" custom="readingOrder {index:4;}">
                    <Coords points="2350,2909 2350,2969 2421,2969 2421,2909"/>
                    <TextEquiv>
                        <Unicode>„Sie</Unicode>
                    </TextEquiv>
                </Word>
                <Word id="tr_2_tl_28_w6" custom="readingOrder {index:5;}">
                    <Coords points="2450,2909 2450,2969 2497,2969 2497,2909"/>
                    <TextEquiv>
                        <Unicode>hat</Unicode>
                    </TextEquiv>
                </Word>
                <Word id="tr_2_tl_28_w7" custom="readingOrder {index:6;}">
                    <Coords points="2522,2909 2522,2969 2545,2969 2545,2909"/>
                    <TextEquiv>
                        <Unicode>in</Unicode>
                    </TextEquiv>
                </Word>
                <Word id="tr_2_tl_28_w8" custom="readingOrder {index:7;}">
                    <Coords points="2579,2909 2579,2969 2688,2969 2688,2909"/>
                    <TextEquiv>
                        <Unicode>meinen</Unicode>
                    </TextEquiv>
                </Word>
                <Word id="tr_2_tl_28_w9" custom="readingOrder {index:8;}">
                    <Coords points="2717,2909 2717,2969 2827,2969 2827,2909"/>
                    <TextEquiv>
                        <Unicode>Armen</Unicode>
                    </TextEquiv>
                </Word>
                <Word id="tr_2_tl_28_w10" custom="readingOrder {index:9;}">
                    <Coords points="2861,2908 2861,2968 2908,2968 2908,2908"/>
                    <TextEquiv>
                        <Unicode>ge¬</Unicode>
                    </TextEquiv>
                </Word>
                <TextEquiv>
                    <Unicode>Volk geholten. Sein Sinnspruch: „Sie hat in meinen Armen ge¬</Unicode>
                </TextEquiv>
            </TextLine>
            <TextLine id="tr_2_tl_29" custom="readingOrder {index:28;}">
                <Coords points="1717,3000 2912,3002 2901,2962 1717,2952"/>
                <Baseline points="1725,2988 1784,2991 1844,2991 1903,2991 1963,2989 2022,2991 2082,2994 2141,2992 2201,2992 2260,2991 2320,2991 2380,2993 2439,2991 2499,2994 2558,2992 2618,2991 2677,2992 2737,2994 2796,2994 2856,2994 2916,2988"/>
                <Word id="tr_2_tl_29_w1" custom="readingOrder {index:0;}">
                    <Coords points="1722,2950 1722,3010 1822,3010 1822,2950"/>
                    <TextEquiv>
                        <Unicode>legen,</Unicode>
                    </TextEquiv>
                </Word>
                <Word id="tr_2_tl_29_w2" custom="readingOrder {index:1;}">
                    <Coords points="1837,2951 1837,3011 1872,3011 1872,2951"/>
                    <TextEquiv>
                        <Unicode>sie</Unicode>
                    </TextEquiv>
                </Word>
                <Word id="tr_2_tl_29_w3" custom="readingOrder {index:2;}">
                    <Coords points="1903,2950 1903,3010 1938,3010 1938,2950"/>
                    <TextEquiv>
                        <Unicode>ist</Unicode>
                    </TextEquiv>
                </Word>
                <Word id="tr_2_tl_29_w4" custom="readingOrder {index:3;}">
                    <Coords points="1958,2950 1958,3010 2074,3010 2074,2950"/>
                    <TextEquiv>
                        <Unicode>heilig.“</Unicode>
                    </TextEquiv>
                </Word>
                <Word id="tr_2_tl_29_w5" custom="readingOrder {index:4;}">
                    <Coords points="2114,2952 2114,3012 2179,3012 2179,2952"/>
                    <TextEquiv>
                        <Unicode>Das</Unicode>
                    </TextEquiv>
                </Word>
                <Word id="tr_2_tl_29_w6" custom="readingOrder {index:5;}">
                    <Coords points="2210,2951 2210,3011 2245,3011 2245,2951"/>
                    <TextEquiv>
                        <Unicode>ist</Unicode>
                    </TextEquiv>
                </Word>
                <Word id="tr_2_tl_29_w7" custom="readingOrder {index:6;}">
                    <Coords points="2271,2951 2271,3011 2356,3011 2356,2951"/>
                    <TextEquiv>
                        <Unicode>Mut,</Unicode>
                    </TextEquiv>
                </Word>
                <Word id="tr_2_tl_29_w8" custom="readingOrder {index:7;}">
                    <Coords points="2377,2952 2377,3012 2427,3012 2427,2952"/>
                    <TextEquiv>
                        <Unicode>das</Unicode>
                    </TextEquiv>
                </Word>
                <Word id="tr_2_tl_29_w9" custom="readingOrder {index:8;}">
                    <Coords points="2458,2952 2458,3012 2487,3012 2487,2952"/>
                    <TextEquiv>
                        <Unicode>ist</Unicode>
                    </TextEquiv>
                </Word>
                <Word id="tr_2_tl_29_w10" custom="readingOrder {index:9;}">
                    <Coords points="2513,2951 2513,3011 2759,3011 2759,2951"/>
                    <TextEquiv>
                        <Unicode>Uebermut,</Unicode>
                    </TextEquiv>
                </Word>
                <Word id="tr_2_tl_29_w11" custom="readingOrder {index:10;}">
                    <Coords points="2785,2954 2785,3014 2850,3014 2850,2954"/>
                    <TextEquiv>
                        <Unicode>aber</Unicode>
                    </TextEquiv>
                </Word>
                <Word id="tr_2_tl_29_w12" custom="readingOrder {index:11;}">
                    <Coords points="2876,2950 2876,3010 2905,3010 2905,2950"/>
                    <TextEquiv>
                        <Unicode>es</Unicode>
                    </TextEquiv>
                </Word>
                <TextEquiv>
                    <Unicode>legen, sie ist heilig.“ Das ist Mut, das ist Uebermut, aber es</Unicode>
                </TextEquiv>
            </TextLine>
            <TextLine id="tr_2_tl_30" custom="readingOrder {index:29;}">
                <Coords points="1723,3045 2917,3045 2901,3000 1723,3000"/>
                <Baseline points="1731,3033 1790,3034 1849,3034 1909,3036 1968,3034 2028,3034 2087,3036 2146,3036 2206,3036 2265,3036 2325,3036 2384,3036 2443,3036 2503,3036 2562,3036 2622,3036 2681,3036 2740,3036 2800,3036 2859,3035 2919,3036"/>
                <Word id="tr_2_tl_30_w1" custom="readingOrder {index:0;}">
                    <Coords points="1723,2993 1723,3053 1757,3053 1757,2993"/>
                    <TextEquiv>
                        <Unicode>ist</Unicode>
                    </TextEquiv>
                </Word>
                <Word id="tr_2_tl_30_w2" custom="readingOrder {index:1;}">
                    <Coords points="1778,2994 1778,3054 1842,3054 1842,2994"/>
                    <TextEquiv>
                        <Unicode>auch</Unicode>
                    </TextEquiv>
                </Word>
                <Word id="tr_2_tl_30_w3" custom="readingOrder {index:2;}">
                    <Coords points="1873,2995 1873,3055 1933,3055 1933,2995"/>
                    <TextEquiv>
                        <Unicode>eine</Unicode>
                    </TextEquiv>
                </Word>
                <Word id="tr_2_tl_30_w4" custom="readingOrder {index:3;}">
                    <Coords points="1959,2994 1959,3054 2049,3054 2049,2994"/>
                    <TextEquiv>
                        <Unicode>große</Unicode>
                    </TextEquiv>
                </Word>
                <Word id="tr_2_tl_30_w5" custom="readingOrder {index:4;}">
                    <Coords points="2080,2996 2080,3056 2306,3056 2306,2996"/>
                    <TextEquiv>
                        <Unicode>Gutmütigkeit.</Unicode>
                    </TextEquiv>
                </Word>
                <Word id="tr_2_tl_30_w6" custom="readingOrder {index:5;}">
                    <Coords points="2347,2996 2347,3056 2487,3056 2487,2996"/>
                    <TextEquiv>
                        <Unicode>Zwischen</Unicode>
                    </TextEquiv>
                </Word>
                <Word id="tr_2_tl_30_w7" custom="readingOrder {index:6;}">
                    <Coords points="2518,2996 2518,3056 2568,3056 2568,2996"/>
                    <TextEquiv>
                        <Unicode>den</Unicode>
                    </TextEquiv>
                </Word>
                <Word id="tr_2_tl_30_w8" custom="readingOrder {index:7;}">
                    <Coords points="2599,2996 2599,3056 2805,3056 2805,2996"/>
                    <TextEquiv>
                        <Unicode>Geschlechtern</Unicode>
                    </TextEquiv>
                </Word>
                <Word id="tr_2_tl_30_w9" custom="readingOrder {index:8;}">
                    <Coords points="2836,2995 2836,3055 2905,3055 2905,2995"/>
                    <TextEquiv>
                        <Unicode>wird</Unicode>
                    </TextEquiv>
                </Word>
                <TextEquiv>
                    <Unicode>ist auch eine große Gutmütigkeit. Zwischen den Geschlechtern wird</Unicode>
                </TextEquiv>
            </TextLine>
            <TextLine id="tr_2_tl_31" custom="readingOrder {index:30;}">
                <Coords points="1717,3085 2921,3087 2891,3040 1717,3042"/>
                <Baseline points="1725,3075 1785,3078 1845,3078 1905,3078 1965,3078 2025,3078 2085,3078 2145,3079 2205,3081 2265,3081 2325,3080 2385,3080 2445,3084 2505,3081 2565,3081 2625,3078 2685,3081 2745,3081 2805,3081 2865,3081 2925,3081"/>
                <Word id="tr_2_tl_31_w1" custom="readingOrder {index:0;}">
                    <Coords points="1721,3036 1721,3096 1779,3096 1779,3036"/>
                    <TextEquiv>
                        <Unicode>kein</Unicode>
                    </TextEquiv>
                </Word>
                <Word id="tr_2_tl_31_w2" custom="readingOrder {index:1;}">
                    <Coords points="1809,3038 1809,3098 2074,3098 2074,3038"/>
                    <TextEquiv>
                        <Unicode>leidenschaftlicher</Unicode>
                    </TextEquiv>
                </Word>
                <Word id="tr_2_tl_31_w3" custom="readingOrder {index:2;}">
                    <Coords points="2104,3039 2104,3099 2217,3099 2217,3039"/>
                    <TextEquiv>
                        <Unicode>Kampf</Unicode>
                    </TextEquiv>
                </Word>
                <Word id="tr_2_tl_31_w4" custom="readingOrder {index:3;}">
                    <Coords points="2237,3040 2237,3100 2463,3100 2463,3040"/>
                    <TextEquiv>
                        <Unicode>ausgekämpft,</Unicode>
                    </TextEquiv>
                </Word>
                <Word id="tr_2_tl_31_w5" custom="readingOrder {index:4;}">
                    <Coords points="2483,3041 2483,3101 2600,3101 2600,3041"/>
                    <TextEquiv>
                        <Unicode>sondern</Unicode>
                    </TextEquiv>
                </Word>
                <Word id="tr_2_tl_31_w6" custom="readingOrder {index:5;}">
                    <Coords points="2635,3040 2635,3100 2699,3100 2699,3040"/>
                    <TextEquiv>
                        <Unicode>man</Unicode>
                    </TextEquiv>
                </Word>
                <Word id="tr_2_tl_31_w7" custom="readingOrder {index:6;}">
                    <Coords points="2729,3041 2729,3101 2910,3101 2910,3041"/>
                    <TextEquiv>
                        <Unicode>verständigt</Unicode>
                    </TextEquiv>
                </Word>
                <TextEquiv>
                    <Unicode>kein leidenschaftlicher Kampf ausgekämpft, sondern man verständigt</Unicode>
                </TextEquiv>
            </TextLine>
            <TextLine id="tr_2_tl_32" custom="readingOrder {index:31;}">
                <Coords points="1734,3133 2912,3139 2872,3087 1734,3091"/>
                <Baseline points="1743,3119 1801,3120 1860,3122 1918,3122 1977,3122 2036,3124 2094,3122 2153,3122 2212,3122 2270,3122 2329,3125 2388,3122 2446,3122 2505,3122 2564,3122 2622,3124 2681,3122 2740,3124 2798,3124 2857,3125 2916,3122"/>
                <Word id="tr_2_tl_32_w1" custom="readingOrder {index:0;}">
                    <Coords points="1729,3079 1729,3139 1768,3139 1768,3079"/>
                    <TextEquiv>
                        <Unicode>sich</Unicode>
                    </TextEquiv>
                </Word>
                <Word id="tr_2_tl_32_w2" custom="readingOrder {index:1;}">
                    <Coords points="1794,3080 1794,3140 1818,3140 1818,3080"/>
                    <TextEquiv>
                        <Unicode>in</Unicode>
                    </TextEquiv>
                </Word>
                <Word id="tr_2_tl_32_w3" custom="readingOrder {index:2;}">
                    <Coords points="1849,3082 1849,3142 2050,3142 2050,3082"/>
                    <TextEquiv>
                        <Unicode>Zärtlichkeit.</Unicode>
                    </TextEquiv>
                </Word>
                <Word id="tr_2_tl_32_w4" custom="readingOrder {index:3;}">
                    <Coords points="2086,3082 2086,3142 2261,3142 2261,3082"/>
                    <TextEquiv>
                        <Unicode>Manchmal</Unicode>
                    </TextEquiv>
                </Word>
                <Word id="tr_2_tl_32_w5" custom="readingOrder {index:4;}">
                    <Coords points="2282,3084 2282,3144 2347,3144 2347,3084"/>
                    <TextEquiv>
                        <Unicode>geht</Unicode>
                    </TextEquiv>
                </Word>
                <Word id="tr_2_tl_32_w6" custom="readingOrder {index:5;}">
                    <Coords points="2373,3082 2373,3142 2432,3142 2432,3082"/>
                    <TextEquiv>
                        <Unicode>hier</Unicode>
                    </TextEquiv>
                </Word>
                <Word id="tr_2_tl_32_w7" custom="readingOrder {index:6;}">
                    <Coords points="2458,3082 2458,3142 2513,3142 2513,3082"/>
                    <TextEquiv>
                        <Unicode>und</Unicode>
                    </TextEquiv>
                </Word>
                <Word id="tr_2_tl_32_w8" custom="readingOrder {index:7;}">
                    <Coords points="2544,3082 2544,3142 2573,3142 2573,3082"/>
                    <TextEquiv>
                        <Unicode>da</Unicode>
                    </TextEquiv>
                </Word>
                <Word id="tr_2_tl_32_w9" custom="readingOrder {index:8;}">
                    <Coords points="2604,3083 2604,3143 2639,3143 2639,3083"/>
                    <TextEquiv>
                        <Unicode>ein</Unicode>
                    </TextEquiv>
                </Word>
                <Word id="tr_2_tl_32_w10" custom="readingOrder {index:9;}">
                    <Coords points="2675,3083 2675,3143 2785,3143 2785,3083"/>
                    <TextEquiv>
                        <Unicode>Mensch</Unicode>
                    </TextEquiv>
                </Word>
                <Word id="tr_2_tl_32_w11" custom="readingOrder {index:10;}">
                    <Coords points="2810,3084 2810,3144 2835,3144 2835,3084"/>
                    <TextEquiv>
                        <Unicode>in</Unicode>
                    </TextEquiv>
                </Word>
                <Word id="tr_2_tl_32_w12" custom="readingOrder {index:11;}">
                    <Coords points="2866,3083 2866,3143 2905,3143 2905,3083"/>
                    <TextEquiv>
                        <Unicode>die</Unicode>
                    </TextEquiv>
                </Word>
                <TextEquiv>
                    <Unicode>sich in Zärtlichkeit. Manchmal geht hier und da ein Mensch in die</Unicode>
                </TextEquiv>
            </TextLine>
            <TextLine id="tr_2_tl_33" custom="readingOrder {index:32;}">
                <Coords points="1726,3176 2915,3182 2915,3137 2716,3128 1726,3134"/>
                <Baseline points="1734,3161 1793,3164 1852,3164 1911,3167 1971,3167 2030,3167 2089,3167 2148,3168 2208,3168 2267,3170 2326,3168 2385,3168 2445,3167 2504,3167 2563,3167 2622,3167 2682,3168 2741,3169 2800,3167 2859,3170 2919,3167"/>
                <Word id="tr_2_tl_33_w1" custom="readingOrder {index:0;}">
                    <Coords points="1726,3123 1726,3183 1849,3183 1849,3123"/>
                    <TextEquiv>
                        <Unicode>Brüche,</Unicode>
                    </TextEquiv>
                </Word>
                <Word id="tr_2_tl_33_w2" custom="readingOrder {index:1;}">
                    <Coords points="1875,3126 1875,3186 1932,3186 1932,3126"/>
                    <TextEquiv>
                        <Unicode>doch</Unicode>
                    </TextEquiv>
                </Word>
                <Word id="tr_2_tl_33_w3" custom="readingOrder {index:2;}">
                    <Coords points="1969,3127 1969,3187 2040,3187 2040,3127"/>
                    <TextEquiv>
                        <Unicode>alles</Unicode>
                    </TextEquiv>
                </Word>
                <Word id="tr_2_tl_33_w4" custom="readingOrder {index:3;}">
                    <Coords points="2066,3127 2066,3187 2205,3187 2205,3127"/>
                    <TextEquiv>
                        <Unicode>geschieht</Unicode>
                    </TextEquiv>
                </Word>
                <Word id="tr_2_tl_33_w5" custom="readingOrder {index:4;}">
                    <Coords points="2232,3129 2232,3189 2325,3189 2325,3129"/>
                    <TextEquiv>
                        <Unicode>artig,</Unicode>
                    </TextEquiv>
                </Word>
                <Word id="tr_2_tl_33_w6" custom="readingOrder {index:5;}">
                    <Coords points="2351,3127 2351,3187 2515,3187 2515,3127"/>
                    <TextEquiv>
                        <Unicode>manierlich</Unicode>
                    </TextEquiv>
                </Word>
                <Word id="tr_2_tl_33_w7" custom="readingOrder {index:6;}">
                    <Coords points="2558,3127 2558,3187 2614,3187 2614,3127"/>
                    <TextEquiv>
                        <Unicode>und</Unicode>
                    </TextEquiv>
                </Word>
                <Word id="tr_2_tl_33_w8" custom="readingOrder {index:7;}">
                    <Coords points="2655,3128 2655,3188 2717,3188 2717,3128"/>
                    <TextEquiv>
                        <Unicode>auch</Unicode>
                    </TextEquiv>
                </Word>
                <Word id="tr_2_tl_33_w9" custom="readingOrder {index:8;}">
                    <Coords points="2749,3128 2749,3188 2764,3188 2764,3128"/>
                    <TextEquiv>
                        <Unicode>-</Unicode>
                    </TextEquiv>
                </Word>
                <Word id="tr_2_tl_33_w10" custom="readingOrder {index:9;}">
                    <Coords points="2811,3129 2811,3189 2913,3189 2913,3129"/>
                    <TextEquiv>
                        <Unicode>ope¬</Unicode>
                    </TextEquiv>
                </Word>
                <TextEquiv>
                    <Unicode>Brüche, doch alles geschieht artig, manierlich und auch - ope¬</Unicode>
                </TextEquiv>
            </TextLine>
            <TextLine id="tr_2_tl_34" custom="readingOrder {index:33;}">
                <Coords points="1720,3221 1802,3227 1848,3211 1876,3227 2042,3221 2042,3184 1962,3165 1910,3184 1876,3174 1823,3187 1808,3173 1779,3173 1720,3185"/>
                <Baseline points="1728,3206 1754,3208 1780,3209 1807,3209 1833,3209 1860,3209 1886,3209 1912,3209 1939,3211 1965,3212 1992,3212 2018,3212 2045,3209"/>
                <Word id="tr_2_tl_34_w1" custom="readingOrder {index:0;}">
                    <Coords points="1720,3169 1720,3229 2040,3229 2040,3169"/>
                    <TextEquiv>
                        <Unicode>rettenmäßig.</Unicode>
                    </TextEquiv>
                </Word>
                <TextEquiv>
                    <Unicode>rettenmäßig.</Unicode>
                </TextEquiv>
            </TextLine>
            <TextLine id="tr_2_tl_35" custom="readingOrder {index:34;}">
                <Coords points="1806,3261 2923,3265 2880,3211 1806,3219"/>
                <Baseline points="1815,3251 1870,3252 1926,3254 1981,3254 2037,3254 2092,3253 2148,3252 2203,3254 2259,3254 2314,3257 2370,3257 2425,3257 2481,3254 2536,3257 2592,3254 2647,3254 2703,3257 2758,3254 2814,3257 2869,3257 2925,3260"/>
                <Word id="tr_2_tl_35_w1" custom="readingOrder {index:0;}">
                    <Coords points="1801,3212 1801,3272 1969,3272 1969,3212"/>
                    <TextEquiv>
                        <Unicode>Schnitzlers</Unicode>
                    </TextEquiv>
                </Word>
                <Word id="tr_2_tl_35_w2" custom="readingOrder {index:1;}">
                    <Coords points="2002,3213 2002,3273 2175,3273 2175,3213"/>
                    <TextEquiv>
                        <Unicode>Sanftheit,</Unicode>
                    </TextEquiv>
                </Word>
                <Word id="tr_2_tl_35_w3" custom="readingOrder {index:2;}">
                    <Coords points="2192,3214 2192,3274 2233,3274 2233,3214"/>
                    <TextEquiv>
                        <Unicode>die</Unicode>
                    </TextEquiv>
                </Word>
                <Word id="tr_2_tl_35_w4" custom="readingOrder {index:3;}">
                    <Coords points="2260,3217 2260,3277 2392,3277 2392,3217"/>
                    <TextEquiv>
                        <Unicode>Anmut,</Unicode>
                    </TextEquiv>
                </Word>
                <Word id="tr_2_tl_35_w5" custom="readingOrder {index:4;}">
                    <Coords points="2414,3216 2414,3276 2472,3276 2472,3216"/>
                    <TextEquiv>
                        <Unicode>mit</Unicode>
                    </TextEquiv>
                </Word>
                <Word id="tr_2_tl_35_w6" custom="readingOrder {index:5;}">
                    <Coords points="2493,3215 2493,3275 2540,3275 2540,3215"/>
                    <TextEquiv>
                        <Unicode>der</Unicode>
                    </TextEquiv>
                </Word>
                <Word id="tr_2_tl_35_w7" custom="readingOrder {index:6;}">
                    <Coords points="2567,3214 2567,3274 2593,3274 2593,3214"/>
                    <TextEquiv>
                        <Unicode>er</Unicode>
                    </TextEquiv>
                </Word>
                <Word id="tr_2_tl_35_w8" custom="readingOrder {index:7;}">
                    <Coords points="2620,3215 2620,3275 2826,3275 2826,3215"/>
                    <TextEquiv>
                        <Unicode>Lebensrätsel</Unicode>
                    </TextEquiv>
                </Word>
                <Word id="tr_2_tl_35_w9" custom="readingOrder {index:8;}">
                    <Coords points="2847,3217 2847,3277 2915,3277 2915,3217"/>
                    <TextEquiv>
                        <Unicode>löst,</Unicode>
                    </TextEquiv>
                </Word>
                <TextEquiv>
                    <Unicode>Schnitzlers Sanftheit, die Anmut, mit der er Lebensrätsel löst,</Unicode>
                </TextEquiv>
            </TextLine>
            <TextLine id="tr_2_tl_36" custom="readingOrder {index:35;}">
                <Coords points="1723,3302 2918,3315 2918,3278 2840,3261 1723,3270"/>
                <Baseline points="1731,3295 1790,3295 1850,3295 1909,3298 1969,3297 2028,3297 2088,3295 2147,3296 2207,3298 2266,3298 2326,3301 2386,3299 2445,3301 2505,3300 2564,3298 2624,3298 2683,3298 2743,3298 2802,3301 2862,3301 2922,3301"/>
                <Word id="tr_2_tl_36_w1" custom="readingOrder {index:0;}">
                    <Coords points="1728,3255 1728,3315 1825,3315 1825,3255"/>
                    <TextEquiv>
                        <Unicode>verrät</Unicode>
                    </TextEquiv>
                </Word>
                <Word id="tr_2_tl_36_w2" custom="readingOrder {index:1;}">
                    <Coords points="1851,3257 1851,3317 1933,3317 1933,3257"/>
                    <TextEquiv>
                        <Unicode>stets,</Unicode>
                    </TextEquiv>
                </Word>
                <Word id="tr_2_tl_36_w3" custom="readingOrder {index:2;}">
                    <Coords points="1954,3257 1954,3317 2005,3317 2005,3257"/>
                    <TextEquiv>
                        <Unicode>daß</Unicode>
                    </TextEquiv>
                </Word>
                <Word id="tr_2_tl_36_w4" custom="readingOrder {index:3;}">
                    <Coords points="2037,3256 2037,3316 2067,3316 2067,3256"/>
                    <TextEquiv>
                        <Unicode>er</Unicode>
                    </TextEquiv>
                </Word>
                <Word id="tr_2_tl_36_w5" custom="readingOrder {index:4;}">
                    <Coords points="2093,3255 2093,3315 2154,3315 2154,3255"/>
                    <TextEquiv>
                        <Unicode>sehr</Unicode>
                    </TextEquiv>
                </Word>
                <Word id="tr_2_tl_36_w6" custom="readingOrder {index:5;}">
                    <Coords points="2181,3258 2181,3318 2236,3318 2236,3258"/>
                    <TextEquiv>
                        <Unicode>viel</Unicode>
                    </TextEquiv>
                </Word>
                <Word id="tr_2_tl_36_w7" custom="readingOrder {index:6;}">
                    <Coords points="2263,3260 2263,3320 2402,3320 2402,3260"/>
                    <TextEquiv>
                        <Unicode>Musik</Unicode>
                    </TextEquiv>
                </Word>
                <Word id="tr_2_tl_36_w8" custom="readingOrder {index:7;}">
                    <Coords points="2428,3260 2428,3320 2448,3320 2448,3260"/>
                    <TextEquiv>
                        <Unicode>im</Unicode>
                    </TextEquiv>
                </Word>
                <Word id="tr_2_tl_36_w9" custom="readingOrder {index:8;}">
                    <Coords points="2495,3259 2495,3319 2566,3319 2566,3259"/>
                    <TextEquiv>
                        <Unicode>Blut</Unicode>
                    </TextEquiv>
                </Word>
                <Word id="tr_2_tl_36_w10" custom="readingOrder {index:9;}">
                    <Coords points="2593,3258 2593,3318 2690,3318 2690,3258"/>
                    <TextEquiv>
                        <Unicode>hatte:</Unicode>
                    </TextEquiv>
                </Word>
                <Word id="tr_2_tl_36_w11" custom="readingOrder {index:10;}">
                    <Coords points="2716,3258 2716,3318 2772,3318 2772,3258"/>
                    <TextEquiv>
                        <Unicode>eine</Unicode>
                    </TextEquiv>
                </Word>
                <Word id="tr_2_tl_36_w12" custom="readingOrder {index:11;}">
                    <Coords points="2803,3261 2803,3321 2911,3321 2911,3261"/>
                    <TextEquiv>
                        <Unicode>leichte,</Unicode>
                    </TextEquiv>
                </Word>
                <TextEquiv>
                    <Unicode>verrät stets, daß er sehr viel Musik im Blut hatte: eine leichte,</Unicode>
                </TextEquiv>
            </TextLine>
            <TextLine id="tr_2_tl_37" custom="readingOrder {index:36;}">
                <Coords points="1725,3352 2886,3360 2917,3313 1723,3302"/>
                <Baseline points="1731,3340 1790,3340 1850,3340 1909,3340 1969,3340 2028,3340 2088,3340 2147,3340 2207,3342 2266,3343 2326,3343 2386,3343 2445,3346 2505,3343 2564,3343 2624,3343 2683,3343 2743,3343 2802,3346 2862,3346 2922,3346"/>
                <Word id="tr_2_tl_37_w1" custom="readingOrder {index:0;}">
                    <Coords points="1723,3300 1723,3360 1934,3360 1934,3300"/>
                    <TextEquiv>
                        <Unicode>schwingende,</Unicode>
                    </TextEquiv>
                </Word>
                <Word id="tr_2_tl_37_w2" custom="readingOrder {index:1;}">
                    <Coords points="1950,3300 1950,3360 2146,3360 2146,3300"/>
                    <TextEquiv>
                        <Unicode>schwebende.</Unicode>
                    </TextEquiv>
                </Word>
                <Word id="tr_2_tl_37_w3" custom="readingOrder {index:2;}">
                    <Coords points="2183,3302 2183,3362 2301,3362 2301,3302"/>
                    <TextEquiv>
                        <Unicode>Gehen,</Unicode>
                    </TextEquiv>
                </Word>
                <Word id="tr_2_tl_37_w4" custom="readingOrder {index:3;}">
                    <Coords points="2317,3303 2317,3363 2374,3363 2374,3303"/>
                    <TextEquiv>
                        <Unicode>wie</Unicode>
                    </TextEquiv>
                </Word>
                <Word id="tr_2_tl_37_w5" custom="readingOrder {index:4;}">
                    <Coords points="2395,3304 2395,3364 2420,3364 2420,3304"/>
                    <TextEquiv>
                        <Unicode>im</Unicode>
                    </TextEquiv>
                </Word>
                <Word id="tr_2_tl_37_w6" custom="readingOrder {index:5;}">
                    <Coords points="2462,3303 2462,3363 2699,3363 2699,3303"/>
                    <TextEquiv>
                        <Unicode>„Einsamen</Unicode>
                    </TextEquiv>
                </Word>
                <Word id="tr_2_tl_37_w7" custom="readingOrder {index:6;}">
                    <Coords points="2726,3305 2726,3365 2854,3365 2854,3305"/>
                    <TextEquiv>
                        <Unicode>Weg",</Unicode>
                    </TextEquiv>
                </Word>
                <Word id="tr_2_tl_37_w8" custom="readingOrder {index:7;}">
                    <Coords points="2870,3306 2870,3366 2911,3366 2911,3306"/>
                    <TextEquiv>
                        <Unicode>die</Unicode>
                    </TextEquiv>
                </Word>
                <TextEquiv>
                    <Unicode>schwingende, schwebende. Gehen, wie im „Einsamen Weg", die</Unicode>
                </TextEquiv>
            </TextLine>
            <TextLine id="tr_2_tl_38" custom="readingOrder {index:37;}">
                <Coords points="1729,3398 2918,3400 2903,3352 1729,3352"/>
                <Baseline points="1737,3379 1796,3382 1855,3384 1914,3385 1974,3385 2033,3385 2092,3385 2151,3385 2211,3387 2270,3385 2329,3387 2388,3387 2448,3385 2507,3385 2566,3385 2625,3385 2685,3385 2744,3386 2803,3388 2862,3385 2922,3388"/>
                <Word id="tr_2_tl_38_w1" custom="readingOrder {index:0;}">
                    <Coords points="1729,3343 1729,3403 1964,3403 1964,3343"/>
                    <TextEquiv>
                        <Unicode>Entwurzelten,</Unicode>
                    </TextEquiv>
                </Word>
                <Word id="tr_2_tl_38_w2" custom="readingOrder {index:1;}">
                    <Coords points="1985,3345 1985,3405 2030,3405 2030,3345"/>
                    <TextEquiv>
                        <Unicode>die</Unicode>
                    </TextEquiv>
                </Word>
                <Word id="tr_2_tl_38_w3" custom="readingOrder {index:2;}">
                    <Coords points="2060,3345 2060,3405 2136,3405 2136,3345"/>
                    <TextEquiv>
                        <Unicode>nicht</Unicode>
                    </TextEquiv>
                </Word>
                <Word id="tr_2_tl_38_w4" custom="readingOrder {index:3;}">
                    <Coords points="2161,3346 2161,3406 2242,3406 2242,3346"/>
                    <TextEquiv>
                        <Unicode>mehr</Unicode>
                    </TextEquiv>
                </Word>
                <Word id="tr_2_tl_38_w5" custom="readingOrder {index:4;}">
                    <Coords points="2272,3345 2272,3405 2322,3405 2322,3345"/>
                    <TextEquiv>
                        <Unicode>zur</Unicode>
                    </TextEquiv>
                </Word>
                <Word id="tr_2_tl_38_w6" custom="readingOrder {index:5;}">
                    <Coords points="2358,3345 2358,3405 2528,3405 2528,3345"/>
                    <TextEquiv>
                        <Unicode>erdenfesten</Unicode>
                    </TextEquiv>
                </Word>
                <Word id="tr_2_tl_38_w7" custom="readingOrder {index:6;}">
                    <Coords points="2564,3345 2564,3405 2750,3405 2750,3345"/>
                    <TextEquiv>
                        <Unicode>Gesellschaft</Unicode>
                    </TextEquiv>
                </Word>
                <Word id="tr_2_tl_38_w8" custom="readingOrder {index:7;}">
                    <Coords points="2776,3345 2776,3405 2916,3405 2916,3345"/>
                    <TextEquiv>
                        <Unicode>gehören,</Unicode>
                    </TextEquiv>
                </Word>
                <TextEquiv>
                    <Unicode>Entwurzelten, die nicht mehr zur erdenfesten Gesellschaft gehören,</Unicode>
                </TextEquiv>
            </TextLine>
            <TextLine id="tr_2_tl_39" custom="readingOrder {index:38;}">
                <Coords points="1720,3440 2909,3443 2908,3394 2864,3390 1720,3406"/>
                <Baseline points="1728,3430 1787,3427 1846,3427 1905,3427 1965,3427 2024,3430 2083,3430 2142,3430 2202,3430 2261,3428 2320,3430 2379,3430 2439,3430 2498,3430 2557,3430 2616,3430 2676,3430 2735,3430 2794,3430 2853,3430 2913,3427"/>
                <Word id="tr_2_tl_39_w1" custom="readingOrder {index:0;}">
                    <Coords points="1724,3388 1724,3448 1787,3448 1787,3388"/>
                    <TextEquiv>
                        <Unicode>gern</Unicode>
                    </TextEquiv>
                </Word>
                <Word id="tr_2_tl_39_w2" custom="readingOrder {index:1;}">
                    <Coords points="1822,3387 1822,3447 1846,3447 1846,3387"/>
                    <TextEquiv>
                        <Unicode>in</Unicode>
                    </TextEquiv>
                </Word>
                <Word id="tr_2_tl_39_w3" custom="readingOrder {index:2;}">
                    <Coords points="1876,3387 1876,3447 1915,3447 1915,3387"/>
                    <TextEquiv>
                        <Unicode>ein</Unicode>
                    </TextEquiv>
                </Word>
                <Word id="tr_2_tl_39_w4" custom="readingOrder {index:3;}">
                    <Coords points="1945,3390 1945,3450 2151,3450 2151,3390"/>
                    <TextEquiv>
                        <Unicode>unbekanntes</Unicode>
                    </TextEquiv>
                </Word>
                <Word id="tr_2_tl_39_w5" custom="readingOrder {index:4;}">
                    <Coords points="2176,3388 2176,3448 2318,3448 2318,3388"/>
                    <TextEquiv>
                        <Unicode>Jenseits,</Unicode>
                    </TextEquiv>
                </Word>
                <Word id="tr_2_tl_39_w6" custom="readingOrder {index:5;}">
                    <Coords points="2343,3390 2343,3450 2416,3450 2416,3390"/>
                    <TextEquiv>
                        <Unicode>dann</Unicode>
                    </TextEquiv>
                </Word>
                <Word id="tr_2_tl_39_w7" custom="readingOrder {index:6;}">
                    <Coords points="2446,3390 2446,3450 2559,3450 2559,3390"/>
                    <TextEquiv>
                        <Unicode>trällert</Unicode>
                    </TextEquiv>
                </Word>
                <Word id="tr_2_tl_39_w8" custom="readingOrder {index:7;}">
                    <Coords points="2584,3390 2584,3450 2608,3450 2608,3390"/>
                    <TextEquiv>
                        <Unicode>es</Unicode>
                    </TextEquiv>
                </Word>
                <Word id="tr_2_tl_39_w9" custom="readingOrder {index:8;}">
                    <Coords points="2638,3390 2638,3450 2696,3450 2696,3390"/>
                    <TextEquiv>
                        <Unicode>noch</Unicode>
                    </TextEquiv>
                </Word>
                <Word id="tr_2_tl_39_w10" custom="readingOrder {index:9;}">
                    <Coords points="2727,3390 2727,3450 2765,3450 2765,3390"/>
                    <TextEquiv>
                        <Unicode>ein</Unicode>
                    </TextEquiv>
                </Word>
                <Word id="tr_2_tl_39_w11" custom="readingOrder {index:10;}">
                    <Coords points="2795,3390 2795,3450 2903,3450 2903,3390"/>
                    <TextEquiv>
                        <Unicode>bißchen</Unicode>
                    </TextEquiv>
                </Word>
                <TextEquiv>
                    <Unicode>gern in ein unbekanntes Jenseits, dann trällert es noch ein bißchen</Unicode>
                </TextEquiv>
            </TextLine>
            <TextLine id="tr_2_tl_40" custom="readingOrder {index:39;}">
                <Coords points="1717,3478 2857,3492 2918,3486 2917,3446 1715,3437"/>
                <Baseline points="1725,3466 1784,3468 1844,3468 1904,3469 1964,3470 2024,3472 2084,3472 2143,3472 2203,3472 2263,3472 2323,3475 2383,3475 2443,3475 2503,3474 2562,3472 2622,3472 2682,3472 2742,3472 2802,3472 2862,3474 2922,3469"/>
                <Word id="tr_2_tl_40_w1" custom="readingOrder {index:0;}">
                    <Coords points="1719,3426 1719,3486 1743,3486 1743,3426"/>
                    <TextEquiv>
                        <Unicode>in</Unicode>
                    </TextEquiv>
                </Word>
                <Word id="tr_2_tl_40_w2" custom="readingOrder {index:1;}">
                    <Coords points="1783,3428 1783,3488 1862,3488 1862,3428"/>
                    <TextEquiv>
                        <Unicode>ihrer</Unicode>
                    </TextEquiv>
                </Word>
                <Word id="tr_2_tl_40_w3" custom="readingOrder {index:2;}">
                    <Coords points="1892,3429 1892,3489 1995,3489 1995,3429"/>
                    <TextEquiv>
                        <Unicode>Seele.</Unicode>
                    </TextEquiv>
                </Word>
                <Word id="tr_2_tl_40_w4" custom="readingOrder {index:3;}">
                    <Coords points="2040,3432 2040,3492 2103,3492 2103,3432"/>
                    <TextEquiv>
                        <Unicode>Das</Unicode>
                    </TextEquiv>
                </Word>
                <Word id="tr_2_tl_40_w5" custom="readingOrder {index:4;}">
                    <Coords points="2138,3433 2138,3493 2449,3493 2449,3433"/>
                    <TextEquiv>
                        <Unicode>Nachtigallmäßige,</Unicode>
                    </TextEquiv>
                </Word>
                <Word id="tr_2_tl_40_w6" custom="readingOrder {index:5;}">
                    <Coords points="2474,3434 2474,3494 2523,3494 2523,3434"/>
                    <TextEquiv>
                        <Unicode>das</Unicode>
                    </TextEquiv>
                </Word>
                <Word id="tr_2_tl_40_w7" custom="readingOrder {index:6;}">
                    <Coords points="2558,3432 2558,3492 2794,3492 2794,3432"/>
                    <TextEquiv>
                        <Unicode>Amselmäßige,</Unicode>
                    </TextEquiv>
                </Word>
                <Word id="tr_2_tl_40_w8" custom="readingOrder {index:7;}">
                    <Coords points="2819,3433 2819,3493 2912,3493 2912,3433"/>
                    <TextEquiv>
                        <Unicode>etwas</Unicode>
                    </TextEquiv>
                </Word>
                <TextEquiv>
                    <Unicode>in ihrer Seele. Das Nachtigallmäßige, das Amselmäßige, etwas</Unicode>
                </TextEquiv>
            </TextLine>
            <TextLine id="tr_2_tl_41" custom="readingOrder {index:40;}">
                <Coords points="1729,3523 2915,3525 2914,3485 2806,3472 1728,3474"/>
                <Baseline points="1737,3507 1796,3507 1855,3509 1914,3510 1973,3513 2032,3513 2091,3513 2150,3513 2209,3515 2268,3513 2328,3513 2387,3513 2446,3513 2505,3513 2564,3513 2623,3513 2682,3513 2741,3513 2800,3513 2859,3516 2919,3516"/>
                <Word id="tr_2_tl_41_w1" custom="readingOrder {index:0;}">
                    <Coords points="1727,3468 1727,3528 1962,3528 1962,3468"/>
                    <TextEquiv>
                        <Unicode>seltsam-rostvar</Unicode>
                    </TextEquiv>
                </Word>
                <Word id="tr_2_tl_41_w2" custom="readingOrder {index:1;}">
                    <Coords points="1989,3473 1989,3533 2121,3533 2121,3473"/>
                    <TextEquiv>
                        <Unicode>zwischen</Unicode>
                    </TextEquiv>
                </Word>
                <Word id="tr_2_tl_41_w3" custom="readingOrder {index:2;}">
                    <Coords points="2153,3473 2153,3533 2202,3533 2202,3473"/>
                    <TextEquiv>
                        <Unicode>den</Unicode>
                    </TextEquiv>
                </Word>
                <Word id="tr_2_tl_41_w4" custom="readingOrder {index:3;}">
                    <Coords points="2234,3473 2234,3533 2329,3533 2329,3473"/>
                    <TextEquiv>
                        <Unicode>Zeiten</Unicode>
                    </TextEquiv>
                </Word>
                <Word id="tr_2_tl_41_w5" custom="readingOrder {index:4;}">
                    <Coords points="2362,3473 2362,3533 2574,3533 2574,3473"/>
                    <TextEquiv>
                        <Unicode>Schwebendes</Unicode>
                    </TextEquiv>
                </Word>
                <Word id="tr_2_tl_41_w6" custom="readingOrder {index:5;}">
                    <Coords points="2602,3473 2602,3533 2638,3533 2638,3473"/>
                    <TextEquiv>
                        <Unicode>ist</Unicode>
                    </TextEquiv>
                </Word>
                <Word id="tr_2_tl_41_w7" custom="readingOrder {index:6;}">
                    <Coords points="2657,3473 2657,3533 2711,3533 2711,3473"/>
                    <TextEquiv>
                        <Unicode>das</Unicode>
                    </TextEquiv>
                </Word>
                <Word id="tr_2_tl_41_w8" custom="readingOrder {index:7;}">
                    <Coords points="2738,3473 2738,3533 2833,3533 2833,3473"/>
                    <TextEquiv>
                        <Unicode>Wesen</Unicode>
                    </TextEquiv>
                </Word>
                <Word id="tr_2_tl_41_w9" custom="readingOrder {index:8;}">
                    <Coords points="2865,3476 2865,3536 2910,3536 2910,3476"/>
                    <TextEquiv>
                        <Unicode>der</Unicode>
                    </TextEquiv>
                </Word>
                <TextEquiv>
                    <Unicode>seltsam-rostvar zwischen den Zeiten Schwebendes ist das Wesen der</Unicode>
                </TextEquiv>
            </TextLine>
            <TextLine id="tr_2_tl_42" custom="readingOrder {index:41;}">
                <Coords points="1729,3557 2915,3580 2884,3520 1729,3523"/>
                <Baseline points="1737,3546 1796,3549 1855,3551 1914,3552 1973,3554 2032,3554 2091,3555 2150,3555 2209,3553 2268,3552 2328,3553 2387,3557 2446,3556 2505,3555 2564,3555 2623,3555 2682,3555 2741,3555 2800,3555 2859,3558 2919,3555"/>
                <Word id="tr_2_tl_42_w1" custom="readingOrder {index:0;}">
                    <Coords points="1728,3510 1728,3570 1952,3570 1952,3510"/>
                    <TextEquiv>
                        <Unicode>Schnitzlerschen</Unicode>
                    </TextEquiv>
                </Word>
                <Word id="tr_2_tl_42_w2" custom="readingOrder {index:1;}">
                    <Coords points="2008,3515 2008,3575 2180,3575 2180,3515"/>
                    <TextEquiv>
                        <Unicode>Weichheit.</Unicode>
                    </TextEquiv>
                </Word>
                <Word id="tr_2_tl_42_w3" custom="readingOrder {index:2;}">
                    <Coords points="2237,3512 2237,3572 2339,3572 2339,3512"/>
                    <TextEquiv>
                        <Unicode>Dieser</Unicode>
                    </TextEquiv>
                </Word>
                <Word id="tr_2_tl_42_w4" custom="readingOrder {index:3;}">
                    <Coords points="2391,3515 2391,3575 2564,3575 2564,3515"/>
                    <TextEquiv>
                        <Unicode>geduldige,</Unicode>
                    </TextEquiv>
                </Word>
                <Word id="tr_2_tl_42_w5" custom="readingOrder {index:4;}">
                    <Coords points="2606,3515 2606,3575 2905,3575 2905,3515"/>
                    <TextEquiv>
                        <Unicode>schwermütig-frohe</Unicode>
                    </TextEquiv>
                </Word>
                <TextEquiv>
                    <Unicode>Schnitzlerschen Weichheit. Dieser geduldige, schwermütig-frohe</Unicode>
                </TextEquiv>
            </TextLine>
            <TextLine id="tr_2_tl_43" custom="readingOrder {index:42;}">
                <Coords points="1723,3603 2886,3603 2847,3566 1723,3551"/>
                <Baseline points="1731,3591 1788,3594 1846,3596 1904,3597 1962,3597 2020,3596 2078,3596 2136,3597 2194,3597 2252,3597 2310,3597 2367,3597 2425,3597 2483,3595 2541,3596 2599,3593 2657,3595 2715,3597 2773,3597 2831,3597 2889,3597"/>
                <Word id="tr_2_tl_43_w1" custom="readingOrder {index:0;}">
                    <Coords points="1726,3556 1726,3616 2019,3616 2019,3556"/>
                    <TextEquiv>
                        <Unicode>Menschengestalter</Unicode>
                    </TextEquiv>
                </Word>
                <Word id="tr_2_tl_43_w2" custom="readingOrder {index:1;}">
                    <Coords points="2048,3556 2048,3616 2117,3616 2117,3556"/>
                    <TextEquiv>
                        <Unicode>starb</Unicode>
                    </TextEquiv>
                </Word>
                <Word id="tr_2_tl_43_w3" custom="readingOrder {index:2;}">
                    <Coords points="2155,3557 2155,3617 2177,3617 2177,3557"/>
                    <TextEquiv>
                        <Unicode>in</Unicode>
                    </TextEquiv>
                </Word>
                <Word id="tr_2_tl_43_w4" custom="readingOrder {index:3;}">
                    <Coords points="2215,3557 2215,3617 2294,3617 2294,3557"/>
                    <TextEquiv>
                        <Unicode>einer</Unicode>
                    </TextEquiv>
                </Word>
                <Word id="tr_2_tl_43_w5" custom="readingOrder {index:4;}">
                    <Coords points="2322,3557 2322,3617 2401,3617 2401,3557"/>
                    <TextEquiv>
                        <Unicode>Zeit,</Unicode>
                    </TextEquiv>
                </Word>
                <Word id="tr_2_tl_43_w6" custom="readingOrder {index:5;}">
                    <Coords points="2429,3556 2429,3616 2452,3616 2452,3556"/>
                    <TextEquiv>
                        <Unicode>in</Unicode>
                    </TextEquiv>
                </Word>
                <Word id="tr_2_tl_43_w7" custom="readingOrder {index:6;}">
                    <Coords points="2485,3555 2485,3615 2531,3615 2531,3555"/>
                    <TextEquiv>
                        <Unicode>der</Unicode>
                    </TextEquiv>
                </Word>
                <Word id="tr_2_tl_43_w8" custom="readingOrder {index:7;}">
                    <Coords points="2560,3554 2560,3614 2573,3614 2573,3554"/>
                    <TextEquiv>
                        <Unicode>—</Unicode>
                    </TextEquiv>
                </Word>
                <Word id="tr_2_tl_43_w9" custom="readingOrder {index:8;}">
                    <Coords points="2625,3554 2625,3614 2648,3614 2648,3554"/>
                    <TextEquiv>
                        <Unicode>so</Unicode>
                    </TextEquiv>
                </Word>
                <Word id="tr_2_tl_43_w10" custom="readingOrder {index:9;}">
                    <Coords points="2681,3557 2681,3617 2783,3617 2783,3557"/>
                    <TextEquiv>
                        <Unicode>scheint</Unicode>
                    </TextEquiv>
                </Word>
                <Word id="tr_2_tl_43_w11" custom="readingOrder {index:10;}">
                    <Coords points="2811,3557 2811,3617 2838,3617 2838,3557"/>
                    <TextEquiv>
                        <Unicode>es</Unicode>
                    </TextEquiv>
                </Word>
                <Word id="tr_2_tl_43_w12" custom="readingOrder {index:11;}">
                    <Coords points="2872,3557 2872,3617 2880,3617 2880,3557"/>
                    <TextEquiv>
                        <Unicode>-</Unicode>
                    </TextEquiv>
                </Word>
                <TextEquiv>
                    <Unicode>Menschengestalter starb in einer Zeit, in der — so scheint es -</Unicode>
                </TextEquiv>
            </TextLine>
            <TextLine id="tr_2_tl_44" custom="readingOrder {index:43;}">
                <Coords points="1717,3640 2912,3656 2898,3602 1717,3600"/>
                <Baseline points="1725,3633 1784,3636 1844,3638 1903,3639 1963,3639 2022,3639 2082,3639 2141,3639 2201,3639 2260,3639 2320,3639 2380,3639 2439,3639 2499,3639 2558,3639 2618,3639 2677,3640 2737,3640 2796,3642 2856,3642 2916,3639"/>
                <Word id="tr_2_tl_44_w1" custom="readingOrder {index:0;}">
                    <Coords points="1720,3595 1720,3655 1810,3655 1810,3595"/>
                    <TextEquiv>
                        <Unicode>dieses</Unicode>
                    </TextEquiv>
                </Word>
                <Word id="tr_2_tl_44_w2" custom="readingOrder {index:1;}">
                    <Coords points="1838,3598 1838,3658 1924,3658 1924,3598"/>
                    <TextEquiv>
                        <Unicode>milde</Unicode>
                    </TextEquiv>
                </Word>
                <Word id="tr_2_tl_44_w3" custom="readingOrder {index:2;}">
                    <Coords points="1947,3599 1947,3659 2056,3659 2056,3599"/>
                    <TextEquiv>
                        <Unicode>Fühlen</Unicode>
                    </TextEquiv>
                </Word>
                <Word id="tr_2_tl_44_w4" custom="readingOrder {index:3;}">
                    <Coords points="2089,3599 2089,3659 2142,3659 2142,3599"/>
                    <TextEquiv>
                        <Unicode>und</Unicode>
                    </TextEquiv>
                </Word>
                <Word id="tr_2_tl_44_w5" custom="readingOrder {index:4;}">
                    <Coords points="2170,3599 2170,3659 2284,3659 2284,3599"/>
                    <TextEquiv>
                        <Unicode>Denken</Unicode>
                    </TextEquiv>
                </Word>
                <Word id="tr_2_tl_44_w6" custom="readingOrder {index:5;}">
                    <Coords points="2316,3599 2316,3659 2407,3659 2407,3599"/>
                    <TextEquiv>
                        <Unicode>keinen</Unicode>
                    </TextEquiv>
                </Word>
                <Word id="tr_2_tl_44_w7" custom="readingOrder {index:6;}">
                    <Coords points="2439,3599 2439,3659 2525,3659 2525,3599"/>
                    <TextEquiv>
                        <Unicode>Raum</Unicode>
                    </TextEquiv>
                </Word>
                <Word id="tr_2_tl_44_w8" custom="readingOrder {index:7;}">
                    <Coords points="2566,3599 2566,3659 2643,3659 2643,3599"/>
                    <TextEquiv>
                        <Unicode>mehr</Unicode>
                    </TextEquiv>
                </Word>
                <Word id="tr_2_tl_44_w9" custom="readingOrder {index:8;}">
                    <Coords points="2666,3600 2666,3660 2729,3660 2729,3600"/>
                    <TextEquiv>
                        <Unicode>hat.</Unicode>
                    </TextEquiv>
                </Word>
                <Word id="tr_2_tl_44_w10" custom="readingOrder {index:9;}">
                    <Coords points="2767,3602 2767,3662 2825,3662 2825,3602"/>
                    <TextEquiv>
                        <Unicode>Und</Unicode>
                    </TextEquiv>
                </Word>
                <Word id="tr_2_tl_44_w11" custom="readingOrder {index:10;}">
                    <Coords points="2857,3600 2857,3660 2907,3660 2907,3600"/>
                    <TextEquiv>
                        <Unicode>das</Unicode>
                    </TextEquiv>
                </Word>
                <TextEquiv>
                    <Unicode>dieses milde Fühlen und Denken keinen Raum mehr hat. Und das</Unicode>
                </TextEquiv>
            </TextLine>
            <TextLine id="tr_2_tl_45" custom="readingOrder {index:44;}">
                <Coords points="1729,3697 2923,3696 2889,3648 1729,3645"/>
                <Baseline points="1737,3678 1796,3679 1855,3681 1915,3684 1974,3684 2034,3684 2093,3684 2152,3682 2212,3684 2271,3684 2331,3684 2390,3684 2449,3684 2509,3682 2568,3684 2628,3681 2687,3683 2746,3683 2806,3687 2865,3687 2925,3684"/>
                <Word id="tr_2_tl_45_w1" custom="readingOrder {index:0;}">
                    <Coords points="1728,3638 1728,3698 1756,3698 1756,3638"/>
                    <TextEquiv>
                        <Unicode>ist</Unicode>
                    </TextEquiv>
                </Word>
                <Word id="tr_2_tl_45_w2" custom="readingOrder {index:1;}">
                    <Coords points="1785,3639 1785,3699 1837,3699 1837,3639"/>
                    <TextEquiv>
                        <Unicode>das</Unicode>
                    </TextEquiv>
                </Word>
                <Word id="tr_2_tl_45_w3" custom="readingOrder {index:2;}">
                    <Coords points="1871,3644 1871,3704 2119,3704 2119,3644"/>
                    <TextEquiv>
                        <Unicode>Unvergängliche</Unicode>
                    </TextEquiv>
                </Word>
                <Word id="tr_2_tl_45_w4" custom="readingOrder {index:3;}">
                    <Coords points="2153,3642 2153,3702 2186,3702 2186,3642"/>
                    <TextEquiv>
                        <Unicode>an</Unicode>
                    </TextEquiv>
                </Word>
                <Word id="tr_2_tl_45_w5" custom="readingOrder {index:4;}">
                    <Coords points="2220,3644 2220,3704 2310,3704 2310,3644"/>
                    <TextEquiv>
                        <Unicode>diesem</Unicode>
                    </TextEquiv>
                </Word>
                <Word id="tr_2_tl_45_w6" custom="readingOrder {index:5;}">
                    <Coords points="2354,3644 2354,3704 2487,3704 2487,3644"/>
                    <TextEquiv>
                        <Unicode>Dichter:</Unicode>
                    </TextEquiv>
                </Word>
                <Word id="tr_2_tl_45_w7" custom="readingOrder {index:6;}">
                    <Coords points="2516,3642 2516,3702 2544,3702 2544,3642"/>
                    <TextEquiv>
                        <Unicode>er</Unicode>
                    </TextEquiv>
                </Word>
                <Word id="tr_2_tl_45_w8" custom="readingOrder {index:7;}">
                    <Coords points="2574,3642 2574,3702 2626,3702 2626,3642"/>
                    <TextEquiv>
                        <Unicode>hat</Unicode>
                    </TextEquiv>
                </Word>
                <Word id="tr_2_tl_45_w9" custom="readingOrder {index:8;}">
                    <Coords points="2655,3642 2655,3702 2712,3702 2712,3642"/>
                    <TextEquiv>
                        <Unicode>eine</Unicode>
                    </TextEquiv>
                </Word>
                <Word id="tr_2_tl_45_w10" custom="readingOrder {index:9;}">
                    <Coords points="2746,3646 2746,3706 2836,3706 2836,3646"/>
                    <TextEquiv>
                        <Unicode>Welt,</Unicode>
                    </TextEquiv>
                </Word>
                <Word id="tr_2_tl_45_w11" custom="readingOrder {index:10;}">
                    <Coords points="2860,3646 2860,3706 2903,3706 2903,3646"/>
                    <TextEquiv>
                        <Unicode>die</Unicode>
                    </TextEquiv>
                </Word>
                <TextEquiv>
                    <Unicode>ist das Unvergängliche an diesem Dichter: er hat eine Welt, die</Unicode>
                </TextEquiv>
            </TextLine>
            <TextLine id="tr_2_tl_46" custom="readingOrder {index:45;}">
                <Coords points="1783,3736 2857,3741 2857,3707 2786,3691 1783,3696"/>
                <Baseline points="1791,3722 1844,3723 1897,3725 1951,3725 2004,3725 2058,3725 2111,3725 2165,3728 2218,3726 2272,3725 2325,3725 2378,3725 2432,3725 2485,3725 2539,3725 2592,3725 2646,3725 2699,3727 2753,3726 2806,3728 2860,3728"/>
                <Word id="tr_2_tl_46_w1" custom="readingOrder {index:0;}">
                    <Coords points="1786,3682 1786,3742 1869,3742 1869,3682"/>
                    <TextEquiv>
                        <Unicode>wenn</Unicode>
                    </TextEquiv>
                </Word>
                <Word id="tr_2_tl_46_w2" custom="readingOrder {index:1;}">
                    <Coords points="1905,3685 1905,3745 1970,3745 1970,3685"/>
                    <TextEquiv>
                        <Unicode>auch</Unicode>
                    </TextEquiv>
                </Word>
                <Word id="tr_2_tl_46_w3" custom="readingOrder {index:2;}">
                    <Coords points="2006,3685 2006,3745 2081,3745 2081,3685"/>
                    <TextEquiv>
                        <Unicode>nicht</Unicode>
                    </TextEquiv>
                </Word>
                <Word id="tr_2_tl_46_w4" custom="readingOrder {index:3;}">
                    <Coords points="2108,3687 2108,3747 2213,3747 2213,3687"/>
                    <TextEquiv>
                        <Unicode>immer</Unicode>
                    </TextEquiv>
                </Word>
                <Word id="tr_2_tl_46_w5" custom="readingOrder {index:4;}">
                    <Coords points="2244,3685 2244,3745 2301,3745 2301,3685"/>
                    <TextEquiv>
                        <Unicode>und</Unicode>
                    </TextEquiv>
                </Word>
                <Word id="tr_2_tl_46_w6" custom="readingOrder {index:5;}">
                    <Coords points="2333,3685 2333,3745 2416,3745 2416,3685"/>
                    <TextEquiv>
                        <Unicode>heute</Unicode>
                    </TextEquiv>
                </Word>
                <Word id="tr_2_tl_46_w7" custom="readingOrder {index:6;}">
                    <Coords points="2447,3685 2447,3745 2521,3745 2521,3685"/>
                    <TextEquiv>
                        <Unicode>nicht</Unicode>
                    </TextEquiv>
                </Word>
                <Word id="tr_2_tl_46_w8" custom="readingOrder {index:7;}">
                    <Coords points="2553,3685 2553,3745 2632,3745 2632,3685"/>
                    <TextEquiv>
                        <Unicode>mehr</Unicode>
                    </TextEquiv>
                </Word>
                <Word id="tr_2_tl_46_w9" custom="readingOrder {index:8;}">
                    <Coords points="2663,3686 2663,3746 2707,3746 2707,3686"/>
                    <TextEquiv>
                        <Unicode>die</Unicode>
                    </TextEquiv>
                </Word>
                <Word id="tr_2_tl_46_w10" custom="readingOrder {index:9;}">
                    <Coords points="2738,3687 2738,3747 2839,3747 2839,3687"/>
                    <TextEquiv>
                        <Unicode>unsere</Unicode>
                    </TextEquiv>
                </Word>
                <TextEquiv>
                    <Unicode>wenn auch nicht immer und heute nicht mehr die unsere</Unicode>
                </TextEquiv>
            </TextLine>
            <TextLine id="tr_2_tl_47" custom="readingOrder {index:46;}">
                <Coords points="1717,3774 2921,3788 2921,3744 2869,3733 1717,3734"/>
                <Baseline points="1725,3767 1785,3767 1845,3767 1905,3770 1965,3767 2025,3767 2085,3767 2145,3769 2205,3767 2265,3767 2325,3770 2385,3768 2445,3767 2505,3767 2565,3767 2625,3767 2685,3770 2745,3772 2805,3773 2865,3770 2925,3770"/>
                <Word id="tr_2_tl_47_w1" custom="readingOrder {index:0;}">
                    <Coords points="1720,3727 1720,3787 1776,3787 1776,3727"/>
                    <TextEquiv>
                        <Unicode>das</Unicode>
                    </TextEquiv>
                </Word>
                <Word id="tr_2_tl_47_w2" custom="readingOrder {index:1;}">
                    <Coords points="1809,3728 1809,3788 2064,3788 2064,3728"/>
                    <TextEquiv>
                        <Unicode>Kulturgeschehen</Unicode>
                    </TextEquiv>
                </Word>
                <Word id="tr_2_tl_47_w3" custom="readingOrder {index:2;}">
                    <Coords points="2106,3728 2106,3788 2162,3788 2162,3728"/>
                    <TextEquiv>
                        <Unicode>und</Unicode>
                    </TextEquiv>
                </Word>
                <Word id="tr_2_tl_47_w4" custom="readingOrder {index:3;}">
                    <Coords points="2199,3727 2199,3787 2241,3787 2241,3727"/>
                    <TextEquiv>
                        <Unicode>die</Unicode>
                    </TextEquiv>
                </Word>
                <Word id="tr_2_tl_47_w5" custom="readingOrder {index:4;}">
                    <Coords points="2278,3728 2278,3788 2455,3788 2455,3728"/>
                    <TextEquiv>
                        <Unicode>menschliche</Unicode>
                    </TextEquiv>
                </Word>
                <Word id="tr_2_tl_47_w6" custom="readingOrder {index:5;}">
                    <Coords points="2498,3727 2498,3787 2697,3787 2697,3727"/>
                    <TextEquiv>
                        <Unicode>Entwicklung</Unicode>
                    </TextEquiv>
                </Word>
                <Word id="tr_2_tl_47_w7" custom="readingOrder {index:6;}">
                    <Coords points="2739,3732 2739,3792 2813,3792 2813,3732"/>
                    <TextEquiv>
                        <Unicode>stark</Unicode>
                    </TextEquiv>
                </Word>
                <Word id="tr_2_tl_47_w8" custom="readingOrder {index:7;}">
                    <Coords points="2856,3730 2856,3790 2906,3790 2906,3730"/>
                    <TextEquiv>
                        <Unicode>be¬</Unicode>
                    </TextEquiv>
                </Word>
                <TextEquiv>
                    <Unicode>das Kulturgeschehen und die menschliche Entwicklung stark be¬</Unicode>
                </TextEquiv>
            </TextLine>
            <TextLine id="tr_2_tl_48" custom="readingOrder {index:47;}">
                <Coords points="1720,3824 2906,3827 2906,3785 2834,3779 1720,3788"/>
                <Baseline points="1728,3806 1787,3809 1846,3811 1905,3809 1964,3812 2023,3812 2082,3812 2141,3812 2200,3812 2259,3812 2319,3812 2378,3812 2437,3812 2496,3812 2555,3812 2614,3812 2673,3815 2732,3815 2791,3817 2850,3818 2910,3815"/>
                <Word id="tr_2_tl_48_w1" custom="readingOrder {index:0;}">
                    <Coords points="1723,3769 1723,3829 1881,3829 1881,3769"/>
                    <TextEquiv>
                        <Unicode>einflußte,</Unicode>
                    </TextEquiv>
                </Word>
                <Word id="tr_2_tl_48_w2" custom="readingOrder {index:1;}">
                    <Coords points="1905,3769 1905,3829 1928,3829 1928,3769"/>
                    <TextEquiv>
                        <Unicode>in</Unicode>
                    </TextEquiv>
                </Word>
                <Word id="tr_2_tl_48_w3" custom="readingOrder {index:2;}">
                    <Coords points="1961,3772 1961,3832 2044,3832 2044,3772"/>
                    <TextEquiv>
                        <Unicode>fester</Unicode>
                    </TextEquiv>
                </Word>
                <Word id="tr_2_tl_48_w4" custom="readingOrder {index:3;}">
                    <Coords points="2073,3772 2073,3832 2216,3832 2216,3772"/>
                    <TextEquiv>
                        <Unicode>Prägung</Unicode>
                    </TextEquiv>
                </Word>
                <Word id="tr_2_tl_48_w5" custom="readingOrder {index:4;}">
                    <Coords points="2249,3772 2249,3832 2300,3832 2300,3772"/>
                    <TextEquiv>
                        <Unicode>für</Unicode>
                    </TextEquiv>
                </Word>
                <Word id="tr_2_tl_48_w6" custom="readingOrder {index:5;}">
                    <Coords points="2328,3772 2328,3832 2374,3832 2374,3772"/>
                    <TextEquiv>
                        <Unicode>die</Unicode>
                    </TextEquiv>
                </Word>
                <Word id="tr_2_tl_48_w7" custom="readingOrder {index:6;}">
                    <Coords points="2403,3772 2403,3832 2621,3832 2621,3772"/>
                    <TextEquiv>
                        <Unicode>Weltliteratur</Unicode>
                    </TextEquiv>
                </Word>
                <Word id="tr_2_tl_48_w8" custom="readingOrder {index:7;}">
                    <Coords points="2650,3775 2650,3835 2798,3835 2798,3775"/>
                    <TextEquiv>
                        <Unicode>erhalten,</Unicode>
                    </TextEquiv>
                </Word>
                <Word id="tr_2_tl_48_w9" custom="readingOrder {index:8;}">
                    <Coords points="2822,3777 2822,3837 2900,3837 2900,3777"/>
                    <TextEquiv>
                        <Unicode>jenes</Unicode>
                    </TextEquiv>
                </Word>
                <TextEquiv>
                    <Unicode>einflußte, in fester Prägung für die Weltliteratur erhalten, jenes</Unicode>
                </TextEquiv>
            </TextLine>
            <TextLine id="tr_2_tl_49" custom="readingOrder {index:48;}">
                <Coords points="1723,3872 2906,3873 2897,3827 1723,3824"/>
                <Baseline points="1731,3854 1793,3852 1855,3852 1917,3851 1979,3852 2041,3854 2103,3854 2165,3854 2227,3854 2289,3856 2351,3857 2413,3854 2475,3856 2537,3857 2599,3857 2661,3855 2723,3857 2785,3859 2847,3860 2910,3854"/>
                <Word id="tr_2_tl_49_w1" custom="readingOrder {index:0;}">
                    <Coords points="1722,3812 1722,3872 1903,3872 1903,3812"/>
                    <TextEquiv>
                        <Unicode>wienerische</Unicode>
                    </TextEquiv>
                </Word>
                <Word id="tr_2_tl_49_w2" custom="readingOrder {index:1;}">
                    <Coords points="1932,3811 1932,3871 1982,3871 1982,3811"/>
                    <TextEquiv>
                        <Unicode>und</Unicode>
                    </TextEquiv>
                </Word>
                <Word id="tr_2_tl_49_w3" custom="readingOrder {index:2;}">
                    <Coords points="2011,3814 2011,3874 2229,3874 2229,3814"/>
                    <TextEquiv>
                        <Unicode>österreichische</Unicode>
                    </TextEquiv>
                </Word>
                <Word id="tr_2_tl_49_w4" custom="readingOrder {index:3;}">
                    <Coords points="2253,3816 2253,3876 2369,3876 2369,3816"/>
                    <TextEquiv>
                        <Unicode>Wesen,</Unicode>
                    </TextEquiv>
                </Word>
                <Word id="tr_2_tl_49_w5" custom="readingOrder {index:4;}">
                    <Coords points="2393,3814 2393,3874 2444,3874 2444,3814"/>
                    <TextEquiv>
                        <Unicode>das</Unicode>
                    </TextEquiv>
                </Word>
                <Word id="tr_2_tl_49_w6" custom="readingOrder {index:5;}">
                    <Coords points="2472,3817 2472,3877 2663,3877 2663,3817"/>
                    <TextEquiv>
                        <Unicode>jammervoll</Unicode>
                    </TextEquiv>
                </Word>
                <Word id="tr_2_tl_49_w7" custom="readingOrder {index:6;}">
                    <Coords points="2687,3816 2687,3876 2738,3876 2738,3816"/>
                    <TextEquiv>
                        <Unicode>und</Unicode>
                    </TextEquiv>
                </Word>
                <Word id="tr_2_tl_49_w8" custom="readingOrder {index:7;}">
                    <Coords points="2766,3819 2766,3879 2821,3879 2821,3819"/>
                    <TextEquiv>
                        <Unicode>still</Unicode>
                    </TextEquiv>
                </Word>
                <Word id="tr_2_tl_49_w9" custom="readingOrder {index:8;}">
                    <Coords points="2845,3817 2845,3877 2905,3877 2905,3817"/>
                    <TextEquiv>
                        <Unicode>ein¬</Unicode>
                    </TextEquiv>
                </Word>
                <TextEquiv>
                    <Unicode>wienerische und österreichische Wesen, das jammervoll und still ein¬</Unicode>
                </TextEquiv>
            </TextLine>
            <TextLine id="tr_2_tl_50" custom="readingOrder {index:49;}">
                <Coords points="1726,3910 2906,3915 2906,3873 2837,3864 1726,3872"/>
                <Baseline points="1734,3896 1792,3899 1851,3899 1910,3899 1969,3897 2028,3899 2086,3899 2145,3899 2204,3899 2263,3899 2322,3899 2380,3899 2439,3899 2498,3899 2557,3902 2616,3902 2674,3902 2733,3902 2792,3902 2851,3905 2910,3902"/>
                <Word id="tr_2_tl_50_w1" custom="readingOrder {index:0;}">
                    <Coords points="1725,3857 1725,3917 1806,3917 1806,3857"/>
                    <TextEquiv>
                        <Unicode>ging,</Unicode>
                    </TextEquiv>
                </Word>
                <Word id="tr_2_tl_50_w2" custom="readingOrder {index:1;}">
                    <Coords points="1821,3859 1821,3919 1873,3919 1873,3859"/>
                    <TextEquiv>
                        <Unicode>hat</Unicode>
                    </TextEquiv>
                </Word>
                <Word id="tr_2_tl_50_w3" custom="readingOrder {index:2;}">
                    <Coords points="1892,3859 1892,3919 1920,3919 1920,3859"/>
                    <TextEquiv>
                        <Unicode>er</Unicode>
                    </TextEquiv>
                </Word>
                <Word id="tr_2_tl_50_w4" custom="readingOrder {index:3;}">
                    <Coords points="1945,3857 1945,3917 1963,3917 1963,3857"/>
                    <TextEquiv>
                        <Unicode>im</Unicode>
                    </TextEquiv>
                </Word>
                <Word id="tr_2_tl_50_w5" custom="readingOrder {index:4;}">
                    <Coords points="2002,3859 2002,3919 2092,3919 2092,3859"/>
                    <TextEquiv>
                        <Unicode>letzten</Unicode>
                    </TextEquiv>
                </Word>
                <Word id="tr_2_tl_50_w6" custom="readingOrder {index:5;}">
                    <Coords points="2122,3859 2122,3919 2293,3919 2293,3859"/>
                    <TextEquiv>
                        <Unicode>Augenblick</Unicode>
                    </TextEquiv>
                </Word>
                <Word id="tr_2_tl_50_w7" custom="readingOrder {index:6;}">
                    <Coords points="2318,3859 2318,3919 2408,3919 2408,3859"/>
                    <TextEquiv>
                        <Unicode>seines</Unicode>
                    </TextEquiv>
                </Word>
                <Word id="tr_2_tl_50_w8" custom="readingOrder {index:7;}">
                    <Coords points="2432,3860 2432,3920 2623,3920 2623,3860"/>
                    <TextEquiv>
                        <Unicode>Verklingens</Unicode>
                    </TextEquiv>
                </Word>
                <Word id="tr_2_tl_50_w9" custom="readingOrder {index:8;}">
                    <Coords points="2652,3862 2652,3922 2704,3922 2704,3862"/>
                    <TextEquiv>
                        <Unicode>und</Unicode>
                    </TextEquiv>
                </Word>
                <Word id="tr_2_tl_50_w10" custom="readingOrder {index:9;}">
                    <Coords points="2729,3863 2729,3923 2900,3923 2900,3863"/>
                    <TextEquiv>
                        <Unicode>Vergehens</Unicode>
                    </TextEquiv>
                </Word>
                <TextEquiv>
                    <Unicode>ging, hat er im letzten Augenblick seines Verklingens und Vergehens</Unicode>
                </TextEquiv>
            </TextLine>
            <TextLine id="tr_2_tl_51" custom="readingOrder {index:50;}">
                <Coords points="1726,3964 1857,3943 1903,3960 2274,3950 2274,3910 2255,3904 2201,3919 1726,3909"/>
                <Baseline points="1734,3943 1761,3942 1788,3940 1815,3940 1842,3940 1869,3940 1896,3941 1924,3943 1951,3941 1978,3941 2005,3943 2032,3943 2059,3943 2086,3943 2114,3943 2141,3943 2168,3941 2195,3940 2222,3940 2249,3940 2277,3940"/>
                <Word id="tr_2_tl_51_w1" custom="readingOrder {index:0;}">
                    <Coords points="1725,3902 1725,3962 1766,3962 1766,3902"/>
                    <TextEquiv>
                        <Unicode>für</Unicode>
                    </TextEquiv>
                </Word>
                <Word id="tr_2_tl_51_w2" custom="readingOrder {index:1;}">
                    <Coords points="1795,3900 1795,3960 1837,3960 1837,3900"/>
                    <TextEquiv>
                        <Unicode>die</Unicode>
                    </TextEquiv>
                </Word>
                <Word id="tr_2_tl_51_w3" custom="readingOrder {index:2;}">
                    <Coords points="1865,3901 1865,3961 2015,3961 2015,3901"/>
                    <TextEquiv>
                        <Unicode>Nachwelt</Unicode>
                    </TextEquiv>
                </Word>
                <Word id="tr_2_tl_51_w4" custom="readingOrder {index:3;}">
                    <Coords points="2039,3902 2039,3962 2268,3962 2268,3902"/>
                    <TextEquiv>
                        <Unicode>aufgezeichnet.</Unicode>
                    </TextEquiv>
                </Word>
                <TextEquiv>
                    <Unicode>für die Nachwelt aufgezeichnet.</Unicode>
                </TextEquiv>
            </TextLine>
            <TextLine id="tr_2_tl_52" custom="readingOrder {index:51;}">
                <Coords points="1797,3995 2906,4004 2906,3967 2837,3953 1797,3958"/>
                <Baseline points="1806,3988 1861,3988 1916,3988 1971,3988 2026,3988 2082,3988 2137,3988 2192,3988 2247,3991 2302,3988 2358,3991 2413,3991 2468,3991 2523,3991 2578,3993 2634,3991 2689,3991 2744,3994 2799,3994 2854,3994 2910,3991"/>
                <Word id="tr_2_tl_52_w1" custom="readingOrder {index:0;}">
                    <Coords points="1796,3948 1796,4008 1921,4008 1921,3948"/>
                    <TextEquiv>
                        <Unicode>Einmal</Unicode>
                    </TextEquiv>
                </Word>
                <Word id="tr_2_tl_52_w2" custom="readingOrder {index:1;}">
                    <Coords points="1945,3948 1945,4008 2042,4008 2042,3948"/>
                    <TextEquiv>
                        <Unicode>wurde</Unicode>
                    </TextEquiv>
                </Word>
                <Word id="tr_2_tl_52_w3" custom="readingOrder {index:2;}">
                    <Coords points="2066,3948 2066,4008 2154,4008 2154,3948"/>
                    <TextEquiv>
                        <Unicode>dieser</Unicode>
                    </TextEquiv>
                </Word>
                <Word id="tr_2_tl_52_w4" custom="readingOrder {index:3;}">
                    <Coords points="2183,3950 2183,4010 2280,4010 2280,3950"/>
                    <TextEquiv>
                        <Unicode>milde,</Unicode>
                    </TextEquiv>
                </Word>
                <Word id="tr_2_tl_52_w5" custom="readingOrder {index:4;}">
                    <Coords points="2299,3949 2299,4009 2369,4009 2369,3949"/>
                    <TextEquiv>
                        <Unicode>alles</Unicode>
                    </TextEquiv>
                </Word>
                <Word id="tr_2_tl_52_w6" custom="readingOrder {index:5;}">
                    <Coords points="2402,3951 2402,4011 2597,4011 2597,3951"/>
                    <TextEquiv>
                        <Unicode>verstehende,</Unicode>
                    </TextEquiv>
                </Word>
                <Word id="tr_2_tl_52_w7" custom="readingOrder {index:6;}">
                    <Coords points="2616,3951 2616,4011 2686,4011 2686,3951"/>
                    <TextEquiv>
                        <Unicode>alles</Unicode>
                    </TextEquiv>
                </Word>
                <Word id="tr_2_tl_52_w8" custom="readingOrder {index:7;}">
                    <Coords points="2715,3954 2715,4014 2900,4014 2900,3954"/>
                    <TextEquiv>
                        <Unicode>verzeihende</Unicode>
                    </TextEquiv>
                </Word>
                <TextEquiv>
                    <Unicode>Einmal wurde dieser milde, alles verstehende, alles verzeihende</Unicode>
                </TextEquiv>
            </TextLine>
            <TextLine id="tr_2_tl_53" custom="readingOrder {index:52;}">
                <Coords points="1717,4048 2888,4057 2906,4006 1715,3990"/>
                <Baseline points="1725,4033 1784,4033 1843,4033 1902,4033 1962,4031 2021,4031 2080,4030 2139,4033 2199,4033 2258,4033 2317,4034 2376,4036 2436,4036 2495,4036 2554,4036 2613,4036 2673,4036 2732,4037 2791,4039 2850,4036 2910,4039"/>
                <Word id="tr_2_tl_53_w1" custom="readingOrder {index:0;}">
                    <Coords points="1719,3993 1719,4053 1833,4053 1833,3993"/>
                    <TextEquiv>
                        <Unicode>Dichter</Unicode>
                    </TextEquiv>
                </Word>
                <Word id="tr_2_tl_53_w2" custom="readingOrder {index:1;}">
                    <Coords points="1862,3993 1862,4053 1919,4053 1919,3993"/>
                    <TextEquiv>
                        <Unicode>fast</Unicode>
                    </TextEquiv>
                </Word>
                <Word id="tr_2_tl_53_w3" custom="readingOrder {index:2;}">
                    <Coords points="1943,3991 1943,4051 1991,4051 1991,3991"/>
                    <TextEquiv>
                        <Unicode>zum</Unicode>
                    </TextEquiv>
                </Word>
                <Word id="tr_2_tl_53_w4" custom="readingOrder {index:3;}">
                    <Coords points="2035,3990 2035,4050 2154,4050 2154,3990"/>
                    <TextEquiv>
                        <Unicode>sozialen</Unicode>
                    </TextEquiv>
                </Word>
                <Word id="tr_2_tl_53_w5" custom="readingOrder {index:4;}">
                    <Coords points="2188,3993 2188,4053 2350,4053 2350,3993"/>
                    <TextEquiv>
                        <Unicode>Ankläger.</Unicode>
                    </TextEquiv>
                </Word>
                <Word id="tr_2_tl_53_w6" custom="readingOrder {index:5;}">
                    <Coords points="2394,3996 2394,4056 2460,4056 2460,3996"/>
                    <TextEquiv>
                        <Unicode>Das</Unicode>
                    </TextEquiv>
                </Word>
                <Word id="tr_2_tl_53_w7" custom="readingOrder {index:6;}">
                    <Coords points="2489,3996 2489,4056 2551,4056 2551,3996"/>
                    <TextEquiv>
                        <Unicode>war</Unicode>
                    </TextEquiv>
                </Word>
                <Word id="tr_2_tl_53_w8" custom="readingOrder {index:7;}">
                    <Coords points="2580,3996 2580,4056 2714,4056 2714,3996"/>
                    <TextEquiv>
                        <Unicode>damals,</Unicode>
                    </TextEquiv>
                </Word>
                <Word id="tr_2_tl_53_w9" custom="readingOrder {index:8;}">
                    <Coords points="2733,3997 2733,4057 2761,4057 2761,3997"/>
                    <TextEquiv>
                        <Unicode>da</Unicode>
                    </TextEquiv>
                </Word>
                <Word id="tr_2_tl_53_w10" custom="readingOrder {index:9;}">
                    <Coords points="2795,3998 2795,4058 2824,4058 2824,3998"/>
                    <TextEquiv>
                        <Unicode>er</Unicode>
                    </TextEquiv>
                </Word>
                <Word id="tr_2_tl_53_w11" custom="readingOrder {index:10;}">
                    <Coords points="2858,3997 2858,4057 2900,4057 2900,3997"/>
                    <TextEquiv>
                        <Unicode>als</Unicode>
                    </TextEquiv>
                </Word>
                <TextEquiv>
                    <Unicode>Dichter fast zum sozialen Ankläger. Das war damals, da er als</Unicode>
                </TextEquiv>
            </TextLine>
            <TextLine id="tr_2_tl_54" custom="readingOrder {index:53;}">
                <Coords points="1717,4083 2906,4085 2800,4043 1717,4046"/>
                <Baseline points="1725,4075 1784,4076 1843,4076 1902,4078 1962,4075 2021,4077 2080,4075 2139,4078 2199,4076 2258,4078 2317,4078 2376,4078 2436,4078 2495,4081 2554,4081 2613,4081 2673,4081 2732,4082 2791,4082 2850,4081 2910,4078"/>
                <Word id="tr_2_tl_54_w1" custom="readingOrder {index:0;}">
                    <Coords points="1721,4036 1721,4096 1898,4096 1898,4036"/>
                    <TextEquiv>
                        <Unicode>Gegenstück</Unicode>
                    </TextEquiv>
                </Word>
                <Word id="tr_2_tl_54_w2" custom="readingOrder {index:1;}">
                    <Coords points="1932,4035 1932,4095 1979,4095 1979,4035"/>
                    <TextEquiv>
                        <Unicode>zum</Unicode>
                    </TextEquiv>
                </Word>
                <Word id="tr_2_tl_54_w3" custom="readingOrder {index:2;}">
                    <Coords points="2032,4036 2032,4096 2180,4096 2180,4036"/>
                    <TextEquiv>
                        <Unicode>„Anatol"</Unicode>
                    </TextEquiv>
                </Word>
                <Word id="tr_2_tl_54_w4" custom="readingOrder {index:3;}">
                    <Coords points="2214,4037 2214,4097 2267,4097 2267,4037"/>
                    <TextEquiv>
                        <Unicode>das</Unicode>
                    </TextEquiv>
                </Word>
                <Word id="tr_2_tl_54_w5" custom="readingOrder {index:4;}">
                    <Coords points="2306,4038 2306,4098 2397,4098 2397,4038"/>
                    <TextEquiv>
                        <Unicode>kleine</Unicode>
                    </TextEquiv>
                </Word>
                <Word id="tr_2_tl_54_w6" custom="readingOrder {index:5;}">
                    <Coords points="2431,4041 2431,4101 2627,4101 2627,4041"/>
                    <TextEquiv>
                        <Unicode>Trauerspiel</Unicode>
                    </TextEquiv>
                </Word>
                <Word id="tr_2_tl_54_w7" custom="readingOrder {index:6;}">
                    <Coords points="2661,4041 2661,4101 2708,4101 2708,4041"/>
                    <TextEquiv>
                        <Unicode>vom</Unicode>
                    </TextEquiv>
                </Word>
                <Word id="tr_2_tl_54_w8" custom="readingOrder {index:7;}">
                    <Coords points="2762,4041 2762,4101 2905,4101 2905,4041"/>
                    <TextEquiv>
                        <Unicode>„Frei¬</Unicode>
                    </TextEquiv>
                </Word>
                <TextEquiv>
                    <Unicode>Gegenstück zum „Anatol" das kleine Trauerspiel vom „Frei¬</Unicode>
                </TextEquiv>
            </TextLine>
            <TextLine id="tr_2_tl_55" custom="readingOrder {index:54;}">
                <Coords points="1720,4126 2906,4139 2864,4089 1720,4089"/>
                <Baseline points="1728,4119 1787,4118 1846,4118 1905,4119 1964,4117 2023,4119 2082,4119 2141,4120 2200,4120 2259,4119 2319,4122 2378,4122 2437,4122 2496,4122 2555,4122 2614,4122 2673,4122 2732,4123 2791,4125 2850,4125 2910,4125"/>
                <Word id="tr_2_tl_55_w1" custom="readingOrder {index:0;}">
                    <Coords points="1719,4078 1719,4138 1833,4138 1833,4078"/>
                    <TextEquiv>
                        <Unicode>wild“</Unicode>
                    </TextEquiv>
                </Word>
                <Word id="tr_2_tl_55_w2" custom="readingOrder {index:1;}">
                    <Coords points="1862,4078 1862,4138 1982,4138 1982,4078"/>
                    <TextEquiv>
                        <Unicode>schrieb.</Unicode>
                    </TextEquiv>
                </Word>
                <Word id="tr_2_tl_55_w3" custom="readingOrder {index:2;}">
                    <Coords points="2025,4079 2025,4139 2082,4139 2082,4079"/>
                    <TextEquiv>
                        <Unicode>Der</Unicode>
                    </TextEquiv>
                </Word>
                <Word id="tr_2_tl_55_w4" custom="readingOrder {index:3;}">
                    <Coords points="2116,4080 2116,4140 2230,4140 2230,4080"/>
                    <TextEquiv>
                        <Unicode>Dichter</Unicode>
                    </TextEquiv>
                </Word>
                <Word id="tr_2_tl_55_w5" custom="readingOrder {index:4;}">
                    <Coords points="2260,4080 2260,4140 2335,4140 2335,4080"/>
                    <TextEquiv>
                        <Unicode>setzte</Unicode>
                    </TextEquiv>
                </Word>
                <Word id="tr_2_tl_55_w6" custom="readingOrder {index:5;}">
                    <Coords points="2365,4082 2365,4142 2407,4142 2407,4082"/>
                    <TextEquiv>
                        <Unicode>die</Unicode>
                    </TextEquiv>
                </Word>
                <Word id="tr_2_tl_55_w7" custom="readingOrder {index:6;}">
                    <Coords points="2442,4082 2442,4142 2541,4142 2541,4082"/>
                    <TextEquiv>
                        <Unicode>jungen</Unicode>
                    </TextEquiv>
                </Word>
                <Word id="tr_2_tl_55_w8" custom="readingOrder {index:7;}">
                    <Coords points="2580,4082 2580,4142 2632,4142 2632,4082"/>
                    <TextEquiv>
                        <Unicode>und</Unicode>
                    </TextEquiv>
                </Word>
                <Word id="tr_2_tl_55_w9" custom="readingOrder {index:8;}">
                    <Coords points="2671,4082 2671,4142 2738,4142 2738,4082"/>
                    <TextEquiv>
                        <Unicode>alten</Unicode>
                    </TextEquiv>
                </Word>
                <Word id="tr_2_tl_55_w10" custom="readingOrder {index:9;}">
                    <Coords points="2776,4085 2776,4145 2905,4145 2905,4085"/>
                    <TextEquiv>
                        <Unicode>Herren,</Unicode>
                    </TextEquiv>
                </Word>
                <TextEquiv>
                    <Unicode>wild“ schrieb. Der Dichter setzte die jungen und alten Herren,</Unicode>
                </TextEquiv>
            </TextLine>
            <TextLine id="tr_2_tl_56" custom="readingOrder {index:55;}">
                <Coords points="1717,4172 2906,4172 2884,4131 1717,4125"/>
                <Baseline points="1725,4161 1784,4162 1843,4162 1902,4164 1962,4163 2021,4161 2080,4164 2139,4164 2199,4164 2258,4164 2317,4164 2376,4166 2436,4167 2495,4165 2554,4167 2613,4167 2673,4167 2732,4167 2791,4167 2850,4167 2910,4167"/>
                <Word id="tr_2_tl_56_w1" custom="readingOrder {index:0;}">
                    <Coords points="1720,4121 1720,4181 1762,4181 1762,4121"/>
                    <TextEquiv>
                        <Unicode>die</Unicode>
                    </TextEquiv>
                </Word>
                <Word id="tr_2_tl_56_w2" custom="readingOrder {index:1;}">
                    <Coords points="1790,4122 1790,4182 1836,4182 1836,4122"/>
                    <TextEquiv>
                        <Unicode>die</Unicode>
                    </TextEquiv>
                </Word>
                <Word id="tr_2_tl_56_w3" custom="readingOrder {index:2;}">
                    <Coords points="1870,4123 1870,4183 2009,4183 2009,4123"/>
                    <TextEquiv>
                        <Unicode>Mädchen</Unicode>
                    </TextEquiv>
                </Word>
                <Word id="tr_2_tl_56_w4" custom="readingOrder {index:3;}">
                    <Coords points="2047,4123 2047,4183 2097,4183 2097,4123"/>
                    <TextEquiv>
                        <Unicode>aus</Unicode>
                    </TextEquiv>
                </Word>
                <Word id="tr_2_tl_56_w5" custom="readingOrder {index:4;}">
                    <Coords points="2136,4124 2136,4184 2182,4184 2182,4124"/>
                    <TextEquiv>
                        <Unicode>dem</Unicode>
                    </TextEquiv>
                </Word>
                <Word id="tr_2_tl_56_w6" custom="readingOrder {index:5;}">
                    <Coords points="2229,4124 2229,4184 2317,4184 2317,4124"/>
                    <TextEquiv>
                        <Unicode>Volke</Unicode>
                    </TextEquiv>
                </Word>
                <Word id="tr_2_tl_56_w7" custom="readingOrder {index:6;}">
                    <Coords points="2350,4125 2350,4185 2378,4185 2378,4125"/>
                    <TextEquiv>
                        <Unicode>in</Unicode>
                    </TextEquiv>
                </Word>
                <Word id="tr_2_tl_56_w8" custom="readingOrder {index:7;}">
                    <Coords points="2416,4126 2416,4186 2457,4186 2457,4126"/>
                    <TextEquiv>
                        <Unicode>die</Unicode>
                    </TextEquiv>
                </Word>
                <Word id="tr_2_tl_56_w9" custom="readingOrder {index:8;}">
                    <Coords points="2490,4127 2490,4187 2639,4187 2639,4127"/>
                    <TextEquiv>
                        <Unicode>Chambre</Unicode>
                    </TextEquiv>
                </Word>
                <Word id="tr_2_tl_56_w10" custom="readingOrder {index:9;}">
                    <Coords points="2673,4127 2673,4187 2807,4187 2807,4127"/>
                    <TextEquiv>
                        <Unicode>separées</Unicode>
                    </TextEquiv>
                </Word>
                <Word id="tr_2_tl_56_w11" custom="readingOrder {index:10;}">
                    <Coords points="2845,4127 2845,4187 2896,4187 2896,4127"/>
                    <TextEquiv>
                        <Unicode>und</Unicode>
                    </TextEquiv>
                </Word>
                <TextEquiv>
                    <Unicode>die die Mädchen aus dem Volke in die Chambre separées und</Unicode>
                </TextEquiv>
            </TextLine>
            <TextLine id="tr_2_tl_57" custom="readingOrder {index:56;}">
                <Coords points="1766,4209 1910,4248 1982,4209 2306,4209 2429,4257 2888,4220 2886,4177 1765,4168"/>
                <Baseline points="1773,4209 1831,4206 1890,4206 1949,4209 2008,4208 2067,4206 2126,4206 2185,4211 2244,4211 2303,4209 2361,4215 2420,4214 2479,4216 2538,4220 2597,4218 2656,4219 2715,4219 2774,4218 2833,4218 2892,4218"/>
                <Word id="tr_2_tl_57_w1" custom="readingOrder {index:0;}">
                    <Coords points="2270,4170 2270,4230 2363,4230 2363,4170"/>
                    <TextEquiv>
                        <Unicode>den</Unicode>
                    </TextEquiv>
                </Word>
                <Word id="tr_2_tl_57_w2" custom="readingOrder {index:1;}">
                    <Coords points="2389,4174 2389,4234 2405,4234 2405,4174"/>
                    <TextEquiv>
                        <Unicode>h</Unicode>
                    </TextEquiv>
                </Word>
                <Word id="tr_2_tl_57_w3" custom="readingOrder {index:2;}">
                    <Coords points="2542,4179 2542,4239 2566,4239 2566,4179"/>
                    <TextEquiv>
                        <Unicode>au</Unicode>
                    </TextEquiv>
                </Word>
                <Word id="tr_2_tl_57_w4" custom="readingOrder {index:3;}">
                    <Coords points="2601,4178 2601,4238 2617,4238 2617,4178"/>
                    <TextEquiv>
                        <Unicode>d</Unicode>
                    </TextEquiv>
                </Word>
                <Word id="tr_2_tl_57_w5" custom="readingOrder {index:4;}">
                    <Coords points="2668,4178 2668,4238 2870,4238 2870,4178"/>
                    <TextEquiv>
                        <Unicode>Malgoshont</Unicode>
                    </TextEquiv>
                </Word>
                <TextEquiv>
                    <Unicode>den h au d Malgoshont</Unicode>
                </TextEquiv>
            </TextLine>
            <TextEquiv>
                <Unicode></Unicode>
            </TextEquiv>
        </TextRegion>
    </Page>
</PcGts>
