3392 4384
113 336 233 396 12.

1406 321 1529 381 box
1609 321 1787 381 44/3

307 339 789 399 Schnitzler
848 331 885 391 s
954 330 1185 390 Death

448 769 553 829 Nones
581 773 731 833 Wiener
758 775 926 835 Jearnal,
945 772 1041 832 N10

725 879 836 939 13.
847 885 978 945 MAI
1010 885 1131 945 1934

397 976 832 1036 (Schnitzler=Gedenkfeier.)
852 976 909 1036 Die
929 975 1069 1035 Union
1096 972 1473 1032 österreichischer

289 1026 434 1086 Juden
467 1026 671 1086 veranstaltet
694 1026 844 1086 anläßlich
872 1023 920 1083 der
948 1023 1142 1083 Wiederkehr
1169 1020 1217 1080 des
1245 1020 1471 1080 Geburtslages

288 1073 385 1133 Artur
417 1073 597 1133 Schnitzlers
629 1073 665 1133 am
706 1072 861 1132 Dienstag
898 1070 928 1130 um
970 1070 985 1130 8
1022 1068 1083 1128 Uhr
1109 1067 1223 1127 abends
1254 1064 1279 1124 im
1327 1064 1481 1124 Goldsaal

289 1121 337 1181 des
364 1121 439 1181 Café
462 1120 580 1180 Siller,
597 1121 623 1181 1.
645 1121 769 1181 Bezirk,
786 1118 1050 1178 Schwedenplatz,
1067 1116 1131 1176 eine
1153 1114 1477 1174 Schnitzler=Gedenk¬

290 1170 374 1230 feier.
397 1169 464 1229 Aus
493 1169 538 1229 dem
585 1169 799 1229 Programm:
822 1166 981 1226 Professor
1010 1164 1071 1224 Dr.
1089 1163 1133 1223 K.
1157 1163 1292 1223 Kupfer:
1316 1160 1479 1220 „Jüdische

291 1217 455 1277 Probleme
487 1216 512 1276 in
545 1216 734 1276 Schnitzlers
767 1214 935 1274 Werken“;
957 1211 1147 1271 Margarete
1174 1208 1374 1268 Rhoederer:
1396 1205 1479 1265 Vor¬

287 1266 391 1326 lefung
425 1265 479 1325 aus
513 1265 694 1325 Schnitzlers
728 1263 871 1323 Werken.
894 1259 1103 1319 Musikalische
1131 1259 1373 1319 Umrahmung:
1396 1254 1478 1314 Kurt

290 1315 461 1375 Fuchsgelb
496 1314 677 1374 (Bioline),
695 1312 788 1372 Betti
815 1310 918 1370 Lewin
954 1309 1125 1369 (Klavier).

328 1573 379 1633 (1

606 1602 697 1662 Nene
716 1597 815 1657 Freie
832 1599 949 1659 PIeSSE
993 1591 1083 1651 VIel

727 1727 835 1787 13.
846 1730 982 1790 MAI
1013 1732 1140 1792 1934

385 1895 851 1955 (Schnitzler=Gedenkfeier.)
871 1891 927 1951 Die
947 1882 1423 1942 Unionösterreichischer

309 1939 429 1999 Juden
472 1933 654 1993 veranstattet
687 1933 822 1993 anläßlich
864 1929 905 1989 der
943 1925 1120 1985 Wiederkehr
1149 1921 1195 1981 des
1228 1918 1428 1978 Geburtstages

310 1978 412 2038 Arthur
436 1975 598 2035 Schnitzlers
628 1969 655 2029 am
693 1969 827 2029 Dienstag
856 1965 897 2025 den
925 1963 972 2023 15.
991 1963 1056 2023 Mai
1079 1962 1107 2022 um
1150 1959 1177 2019 20
1210 1957 1265 2017 Uhr
1290 1957 1312 2017 im
1350 1954 1433 2014 Gold¬

310 2016 377 2076 saale
420 2013 467 2073 des
511 2011 583 2071 Café
626 2008 731 2068 Siller,
766 2009 794 2069 1.
833 2002 1062 2062 Schwedenplatz,
1101 1999 1162 2059 eine
1206 1994 1431 2054 Schnitzler¬

305 2053 596 2113 Gedenkfeier.
611 2047 668 2107 Aus
692 2047 735 2107 dem
774 2043 965 2103 Programm:
980 2040 1118 2100 Professor
1143 2035 1199 2095 Dr.
1214 2034 1252 2094 K.
1267 2031 1434 2091 Kupfer:

315 2093 453 2153 „Jüdische
516 2086 668 2146 Probleme
736 2083 764 2143 in
827 2079 989 2139 Schnitzlers
1056 2074 1190 2134 Werken.
1272 2069 1434 2129 Margarete

315 2130 552 2190 Roederer:
578 2128 742 2188 Vorlesung
774 2123 825 2183 aus
862 2120 1032 2180 Schnitzlers
1063 2116 1207 2176 Werken.
1234 2111 1434 2171 Musikalische

313 2171 528 2231 Umrahmung:
575 2169 652 2229 Kurt
699 2166 914 2226 Fuchsgelb
971 2157 1125 2217 (Violine),
1167 2154 1248 2214 Betty
1301 2151 1423 2211 Lewin

324 2211 473 2271 (Klavier).

718 2384 789 2444 onen
810 2400 998 2460 Tachlett.
1008 2423 1098 2483 Wien

506 2401 633 2461 oes
656 2406 782 2466 Miener
805 2414 868 2474 1ag

699 2516 805 2576 15.
816 2516 943 2576 kAI
983 2516 1109 2576 1934

883 2587 903 2647 -

292 2635 308 2695 *
351 2635 989 2695 (Schnitzter=Gedenkfeier.)
1031 2627 1098 2687 Die
1133 2623 1240 2683 Union
1293 2618 1392 2678 öster¬

197 2692 370 2752 reichischer
407 2689 518 2749 Juden
560 2680 775 2740 veranstaltet
808 2676 965 2736 anläßlich
1008 2671 1059 2731 der
1092 2668 1297 2728 Wiederkehr
1334 2661 1386 2721 des

200 2737 446 2797 Geburtstages
472 2730 600 2790 Arthur
626 2728 816 2788 Schnitzlers
842 2720 935 2780 heute
956 2716 965 2776 8
992 2716 1058 2776 Uhr
1084 2710 1202 2770 abends
1228 2709 1253 2769 im
1290 2705 1397 2765 Gold¬

202 2783 268 2843 saal
310 2781 361 2841 des
408 2775 511 2835 Cafés
548 2770 671 2830 Siller,
708 2770 743 2830 1.
769 2764 1043 2824 Schwedenplatz,
1084 2759 1151 2819 eine
1204 2751 1394 2811 Schnitzler¬

205 2820 429 2880 Gedenkfeier.
450 2817 520 2877 Aus
551 2814 605 2874 dem
651 2812 877 2872 Programm:
902 2806 1067 2866 Professor
1098 2801 1163 2861 Dr.
1188 2800 1228 2860 K.
1254 2795 1398 2855 Kupfer:

206 2869 370 2929 „Jüdische
417 2860 598 2920 Probleme
645 2857 675 2917 in
727 2851 923 2911 Schnitzlers
975 2843 1150 2903 Werken";
1197 2837 1398 2897 Margarete

208 2910 413 2970 Rhoederer:
439 2906 624 2966 Vorlesung
665 2897 725 2957 aus
755 2895 951 2955 Schnitzlers
982 2888 1137 2948 Werken.
1178 2882 1398 2942 Musikalische

208 2955 464 3015 Umrahmung:
516 2951 609 3011 Kurt
661 2945 835 3005 Fuchsgelb
897 2937 1077 2997 (Violine),
1124 2931 1226 2991 Betty
1288 2926 1390 2986 Lewin

217 3001 392 3061 (odier).

577 3361 665 3421 Bane
691 3352 909 3412 FtelePiess
959 3339 1056 3399 Viel

713 3562 1122 3622 151934

350 3690 577 3750 Scinitzler
594 3680 854 3740 Gedenkfeier.)
871 3671 928 3731 Die
945 3655 1424 3715 Unionösterreichischer

305 3736 428 3796 Juden
471 3725 647 3785 veranstalket
677 3716 814 3776 anläßlich
848 3710 895 3770 der
929 3701 1100 3761 Wiederkehr
1134 3692 1181 3752 des
1220 3685 1420 3745 Geburtstages

306 3772 409 3832 Arthur
442 3767 605 3827 Schnitzlers
647 3755 724 3815 heute
761 3747 920 3807 Dienstag,
948 3741 979 3801 20
1021 3736 1093 3796 Uhr,
1126 3731 1148 3791 im
1199 3724 1349 3784 Goldsaale
1385 3717 1426 3777 des

304 3809 374 3869 Café
397 3806 500 3866 Siller,
523 3804 546 3864 1.
570 3794 798 3854 Schwedenplatz,
821 3785 877 3845 eine
901 3766 1436 3826 Schnitzler=Gedenkfeier.

304 3850 360 3910 Aus
402 3844 444 3904 dem
496 3835 696 3895 Programm:
729 3824 869 3884 Professor
907 3816 962 3876 Dr.
996 3811 1037 3871 K.
1070 3806 1247 3866 Kupfer:
1285 3795 1425 3855 „Jüdische

312 3882 452 3942 Probleme
485 3878 511 3938 in
548 3869 712 3929 Schnitzlers
749 3862 880 3922 Werken.
926 3850 1085 3910 Margarete
1123 3838 1327 3898 Röderer:
1360 3829 1432 3889 Vor¬

312 3922 397 3982 lesung
438 3915 488 3975 aus
524 3909 687 3969 Schnitzlers
719 3901 854 3961 Werken.
882 3890 1067 3950 Musikalische
1104 3878 1320 3938 Umrahmung:
1357 3869 1433 3929 Kurt

317 3957 532 4017 Fuchsgelb
565 3946 717 4006 (Violine),
733 3940 812 4000 Betty
838 3931 964 3991 Lewin
998 3922 1149 3982 (Klavier).

2483 422 2544 482 Dor
2563 427 2653 487 Tag,
2671 431 2679 491 K

2465 559 2473 619 1
2503 554 2567 614 5.
2578 550 2717 610 MAI
2756 542 2867 602 1934

2208 628 2584 688 Schnitzler=Gedenkfeier.

2248 677 2307 737 Die
2337 673 2429 733 Union
2470 673 2700 733 österreichischer
2730 667 2828 727 Juden
2868 663 3059 723 veranstaltet

2212 716 2352 776 anläßlich
2408 714 2458 774 der
2504 709 2687 769 Wiederkehr
2742 707 2787 767 des
2843 703 3062 763 Geburtstages

2215 754 2305 814 Artur
2333 752 2501 812 Schnitzlers
2529 751 2611 811 heute
2634 748 2797 808 Dienstag,
2816 743 2825 803 8
2857 743 2916 803 Uhr
2939 740 3066 800 abends,

2215 795 2238 855 im
2276 793 2416 853 Goldsaal
2440 791 2482 851 des
2506 789 2575 849 Café
2600 787 2707 847 Siller,
2727 786 2754 846 1.
2764 782 2876 842 Bezirk,
2896 781 3064 841 Schweden¬

2218 834 2297 894 platz,
2324 832 2381 892 eine
2414 825 2968 885 Schnitzler=Gedenkfeier.
2995 818 3058 878 Aus

2215 872 2261 932 dem
2303 870 2499 930 Programm:
2523 865 2612 925 Prof.
2626 864 2686 924 Dr.
2701 862 2738 922 K.
2757 862 2934 922 Kupfer:
2954 858 3065 918 „Jüdi¬

2219 911 2265 971 sche
2289 909 2442 969 Probleme
2471 907 2494 967 in
2522 906 2690 966 Schnitzlers
2718 900 2872 960 Werken“;
2891 897 3063 957 Margarete

2221 948 2473 1008 Rhoederer:
2497 943 2661 1003 Vorlesung
2695 942 2750 1002 aus
2779 937 2952 997 Schnitzlers
2981 936 3064 996 Wer¬

2218 990 2280 1050 ken.
2319 987 2514 1047 Musikalische
2548 981 2773 1041 Umrahmung:
2817 978 2897 1038 Kurt
2927 975 3065 1035 Fuchs¬

2222 1032 2311 1092 gelb
2354 1029 2519 1089 (Violine),
2536 1024 2619 1084 Betty
2644 1022 2694 1082 Le
2703 1020 2777 1080 win
2819 1017 2975 1077 (Klavier).

2260 1189 2511 1249 Wiener
2529 1179 2702 1239 Jearmal,
2711 1166 2806 1226 Klon

2306 1276 2413 1336 15.
2424 1274 2569 1334 MAI
2600 1265 2726 1325 1934

1958 1417 2390 1477 (Schnitzler=Gedenkfeier.)
2415 1420 2470 1480 Die
2502 1419 2597 1479 Union
2638 1420 2886 1480 österreichischer
2919 1423 3022 1483 Juden

1846 1462 2055 1522 veranstället
2078 1465 2230 1525 änläßlich
2282 1466 2332 1526 der
2366 1466 2558 1526 Wiederkehr
2587 1468 2637 1528 des
2673 1468 2898 1528 Geburtstages
2933 1468 3034 1528 Artur

1843 1509 2030 1569 Schnitzlers
2058 1509 2141 1569 heute
2164 1512 2340 1572 Dienstag,
2358 1514 2368 1574 8
2396 1514 2456 1574 Uhr
2485 1512 2617 1572 abends,
2640 1514 2661 1574 im
2701 1514 2855 1574 Goldsaal
2878 1515 2927 1575 des
2950 1515 3027 1575 Café

1844 1554 1963 1614 Siller,
2006 1557 2271 1617 Schwedenplatz,
2314 1560 2379 1620 eine
2428 1559 3036 1619 Schnitzler=Gedenkfeier.

1845 1603 1913 1663 Aus
1936 1604 1980 1664 dem
2021 1605 2229 1665 Programm:
2247 1607 2404 1667 Professor
2422 1608 2484 1668 Dr.
2501 1609 2534 1669 K.
2552 1608 2687 1668 Kupfer:
2705 1610 2840 1670 Jlidische
2863 1609 3032 1669 Probleme

1845 1652 1872 1712 in
1910 1653 2093 1713 Schnitzlers
2126 1653 2271 1713 Werken;
2299 1653 2487 1713 Margarete
2515 1656 2714 1716 Rhoederer:
2758 1657 2936 1717 Vorlesung
2969 1659 3028 1719 aus

1847 1699 2028 1759 Schnitzlers
2060 1701 2204 1761 Werken.
2242 1703 2455 1763 Musikalische
2487 1705 2725 1765 Umrahmung:
2751 1707 2832 1767 Kurt
2858 1707 3026 1767 Fuchsgelb

1851 1748 2026 1808 (Violine),
2043 1748 2126 1808 Betty
2152 1751 2252 1811 Lewin
2278 1751 2453 1811 (Klavier).

2173 1894 2260 1954 Aene
2279 1892 2376 1952 Freie
2394 1889 2535 1949 Fresst,
2554 1886 2650 1946 Gies

2337 2014 2356 2074 1
2388 2014 2407 2074 5
2460 2014 2593 2074 HAI
2636 2008 2758 2068 1934

2084 2116 2181 2176 (Grab
2221 2119 2259 2179 im
2310 2121 2417 2181 Mai.)
2457 2125 2614 2185 Anläßlich
2645 2126 2693 2186 des
2723 2128 2938 2188 Geburtsinges
2979 2134 3066 2194 Arthu

1970 2161 2194 2221 Schnitler
2259 2166 2306 2226 der
2330 2165 2377 2225 sich
2407 2166 2489 2226 heute
2513 2168 2566 2228 zum
2608 2169 2962 2229 zweiundsiebzigstenmal
2986 2175 3086 2235 jähret

1965 2199 2088 2259 rde,
2103 2202 2171 2262 wird
2199 2202 2246 2262 uns
2275 2203 2322 2263 das
2343 2206 2536 2266 nachstehende
2564 2210 2680 2270 Gedicht
2702 2212 2749 2272 zur
2770 2213 2935 2273 Verfügung
2963 2219 3072 2279 gestellt

2271 2262 2376 2322 Wieder
2404 2264 2494 2324 duftet
2517 2267 2560 2327 süß
2595 2268 2634 2328 die
2662 2269 2728 2329 Lust

2269 2301 2326 2361 Von
2350 2299 2488 2359 Akazien.
2503 2301 2512 2361 —
2565 2304 2674 2364 Wieder

2268 2337 2350 2397 Neigt
2371 2337 2418 2397 sich
2444 2337 2511 2397 über
2538 2340 2595 2400 eine
2626 2343 2714 2403 Gruft

2264 2372 2367 2432 Stumm
2409 2375 2445 2435 ein
2476 2375 2615 2435 Frühling
2647 2379 2750 2439 nieder.

2267 2426 2377 2486 Kleiner
2403 2429 2519 2489 Blumen
2550 2431 2641 2491 holdes
2667 2435 2737 2495 Licht

2266 2464 2370 2524 Glänzt
2396 2466 2445 2526 auf
2466 2468 2565 2528 grünem
2610 2471 2714 2531 Hügel,

2264 2501 2376 2561 Rauscht
2397 2504 2422 2564 es
2453 2504 2519 2564 über
2540 2506 2622 2566 ihnen
2648 2510 2719 2570 nicht

2260 2540 2324 2600 Wie
2345 2540 2377 2600 ein
2399 2543 2499 2603 sanfter
2521 2546 2648 2606 Flügel?

2267 2594 2316 2654 Ist
2335 2593 2359 2653 es
2384 2595 2451 2655 nicht
2477 2599 2718 2659 Unsterblichkeit,

2266 2630 2313 2690 Die
2342 2632 2573 2692 vorüberschwebt

2269 2665 2318 2725 Und
2347 2667 2391 2727 die
2408 2669 2475 2729 über
2498 2671 2576 2731 Raum
2616 2674 2666 2734 und
2689 2674 2749 2734 Zeit

2261 2704 2333 2764 Ihre
2363 2707 2523 2767 Schwingen
2558 2712 2713 2772 hebt?...

2896 2719 2927 2779 C.
2948 2719 2993 2779 K.

2044 2753 2263 2813 Ausschnitt
2285 2761 2348 2821 aus
2363 2765 2377 2825 :

2285 2940 2379 3000 Neue
2399 2940 2494 3000 Freie
2514 2939 2628 2999 Fresse
2668 2939 2676 2999 A

2030 2976 2146 3036 vom:

2499 3038 2542 3098 93

2170 3080 2391 3140 21.0k1

2051 3164 2135 3224 (Zum
2187 3161 2305 3221 dritten
2345 3161 2531 3221 Todestage
2566 3160 2701 3220 Arthur
2735 3158 2956 3218 Schnitzlers.)
2996 3159 3057 3219 Zum

1957 3205 2058 3265 dritten
2086 3206 2242 3266 Todestage
2270 3203 2383 3263 Arthur
2411 3206 2664 3266 Schnitzlers
2692 3203 2756 3263 (21.
2778 3200 2924 3260 Oktober)
2946 3198 3064 3258 erhalten

1950 3250 2003 3310 wir
2035 3248 2247 3308 nachstehendes
2280 3247 2422 3307 Gedicht:

2361 3310 2451 3370 Sein
2488 3312 2677 3372 Zimmer.

2103 3368 2154 3428 Nie
2177 3367 2261 3427 werd'
2279 3364 2312 3424 ich
2341 3365 2414 3425 mehr
2443 3366 2482 3426 den
2517 3364 2623 3424 heil'gen
2659 3361 2732 3421 Raum
2772 3361 2901 3421 betreten,

2102 3405 2228 3465 Verweht
2256 3403 2292 3463 ist
2320 3403 2401 3463 seines
2433 3402 2551 3462 Daseins
2583 3400 2660 3460 teure
2688 3398 2783 3458 Spur.

2106 3442 2173 3502 Fort
2207 3441 2259 3501 sind
2293 3440 2437 3500 verblaßte
2466 3439 2566 3499 Bilder
2600 3436 2648 3496 und
2687 3438 2821 3498 Tapeten,

2105 3480 2171 3540 Fort
2201 3479 2244 3539 vom
2288 3477 2388 3537 Kamin
2422 3477 2465 3537 die
2495 3474 2561 3534 liebe
2596 3474 2648 3534 alte
2678 3474 2749 3534 Uhr.

2101 3534 2166 3594 Fort
2191 3534 2277 3594 Stuhl
2303 3531 2353 3591 und
2379 3531 2500 3591 Schrank
2531 3528 2576 3588 und
2607 3527 2672 3587 Buch
2699 3525 2749 3585 und
2774 3525 2845 3585 jedes
2871 3522 2961 3582 Ding,

2102 3572 2140 3632 An
2174 3570 2216 3630 dem
2255 3570 2303 3630 sein
2337 3567 2423 3627 Hauch
2458 3567 2505 3627 wie
2530 3566 2606 3626 Duft
2631 3564 2659 3624 an
2693 3564 2808 3624 Blumen
2838 3564 2919 3624 hing.

2106 3607 2174 3667 Fort
2197 3606 2283 3666 alles,
2306 3606 2365 3666 was
2397 3606 2505 3666 geliebte
2533 3603 2615 3663 Hand
2647 3600 2783 3660 berührte,

2100 3645 2151 3705 Die
2183 3645 2260 3705 Luft,
2281 3645 2307 3705 in
2339 3643 2385 3703 der
2416 3642 2473 3702 man
2510 3642 2561 3702 noch
2598 3640 2649 3700 sein
2681 3637 2774 3697 Atmen
2806 3637 2909 3697 spürte.

2106 3696 2162 3756 Und
2194 3698 2255 3758 alles
2286 3697 2306 3757 so
2338 3695 2384 3755 von
2421 3695 2503 3755 seinem
2539 3691 2621 3751 Geist
2643 3689 2828 3749 durchtränkt,

2105 3735 2179 3795 Daß,
2198 3734 2273 3794 wenn
2302 3731 2451 3791 erinnernd
2480 3730 2521 3790 sich
2554 3728 2601 3788 der
2625 3728 2699 3788 Blick
2728 3726 2872 3786 versenkt',

2104 3770 2139 3830 Es
2171 3770 2224 3830 uns
2256 3770 2357 3830 ergriff
2385 3769 2438 3829 mit
2465 3767 2607 3827 magischer
2639 3762 2745 3822 Gewalt

2104 3809 2161 3869 Und
2195 3809 2233 3869 die
2262 3809 2429 3869 Erinn'rung
2463 3803 2554 3863 wurde
2583 3803 2626 3863 zur
2655 3802 2774 3862 Gestalt.

2100 3863 2149 3923 Nie
2179 3863 2271 3923 mehr!
2291 3861 2301 3921 —
2355 3860 2409 3920 Und
2439 3858 2497 3918 doch
2523 3855 2591 3915 wird
2616 3855 2723 3915 Ew'ges
2748 3856 2811 3916 ewig
2846 3854 2890 3914 sein
2915 3852 2929 3912 —

2103 3900 2245 3960 Gedanken
2280 3898 2365 3958 bauen
2401 3898 2447 3958 auf
2478 3894 2607 3954 geweihte
2638 3891 2780 3951 Schwelle,

2106 3934 2158 3994 Vom
2199 3934 2300 3994 Garten
2332 3934 2393 3994 hebt
2416 3934 2459 3994 sich
2491 3930 2796 3990 Sommersonnenhelle

2104 3973 2168 4033 Ums
2199 3974 2264 4034 Pult
2290 3973 2319 4033 am
2360 3970 2470 4030 Fenster
2496 3970 2586 4030 zittert
2612 3967 2732 4027 gold'ner
2758 3964 2853 4024 Schein

2110 4027 2153 4087 Ein
2181 4027 2274 4087 Haupt
2297 4026 2413 4086 enthüllt
2436 4023 2479 4083 sich
2508 4023 2557 4083 und
2586 4021 2624 4081 ein
2652 4020 2768 4080 grüßend
2796 4018 2923 4078 Lächeln,

2106 4063 2139 4123 Es
2168 4064 2240 4124 weht
2264 4063 2292 4123 um
2336 4063 2392 4123 mich
2422 4061 2469 4121 wie
2498 4058 2565 4118 eines
2594 4059 2747 4119 Frühlings
2776 4055 2885 4115 Fächeln

2103 4105 2137 4165 Im
2178 4103 2268 4163 Traum
2309 4102 2369 4162 noch
2395 4100 2490 4160 klopft
2516 4099 2561 4159 das
2592 4098 2662 4158 Herz
2687 4096 2697 4156 —
2748 4095 2778 4155 ich
2804 4093 2874 4153 trete
2899 4093 2954 4153 ein.

2876 4138 2923 4198 Cl.
2942 4138 2983 4198 K.
3002 4140 3037 4200 P.
