3392 4320
1441 227 1579 287 box
1662 231 1850 291 42/6

202 231 303 291 2.
365 243 955 303 Schnitzlers
1018 231 1251 291 Death

177 1046 478 1106 konzessioniertes

185 1088 504 1148 tungs-Ausschnitte

176 1146 385 1206 LLZEILE
429 1148 444 1208 1

190 1196 380 1256 R-23-0-43

184 1596 219 1656 P.
239 1591 368 1651 OKT.
388 1588 488 1648 1931

1098 1733 1656 1793 n

873 1794 1003 1854 lichkeit
1023 1795 1047 1855 je
1073 1795 1179 1855 zuteil
1204 1795 1335 1855 wurde.
1355 1797 1529 1857 „Anatol“
1567 1797 1629 1857 und
1655 1799 1842 1859 „Liebelei“
1874 1801 1986 1861 waren
2024 1800 2080 1860 die
2106 1805 2180 1865 noch
2212 1808 2293 1868 nicht
2319 1808 2380 1868 vom
2425 1810 2518 1870 Alter
2544 1811 2593 1871 des
2625 1812 2775 1872 Dichters
2807 1814 2975 1874 beschattet
3001 1816 3132 1876 waren?

864 1842 902 1902 es
931 1840 997 1900 vor
1025 1842 1142 1902 allem,
1164 1841 1214 1901 die
1242 1842 1348 1902 dieser
1376 1843 1653 1903 Lebenshaltung
1687 1846 1887 1906 künstlerisch
1921 1847 1976 1907 kon

2028 1848 2070 1908 Es
2108 1849 2150 1909 ist
2188 1853 2261 1913 stets
2299 1855 2434 1915 dieselbe
2471 1858 2674 1918 verwirrend
2718 1861 2939 1921 vielgestaltig
2977 1865 3136 1925 variierte

869 1891 1001 1951 formen
1044 1889 1213 1949 Ausdruck
1245 1891 1372 1951 gaben.

204 1902 468 1962 Schnitzler
500 1905 521 1965 +

2023 1897 2194 1957 Melodie,
2219 1902 2271 1962 die
2301 1903 2330 1963 in
2366 1905 2449 1965 allen
2485 1906 2609 1966 Werken
2645 1909 2810 1969 erklingt,
2834 1911 2893 1971 von
2929 1910 2982 1970 der
3012 1912 3135 1972 lebens¬

907 1936 979 1996 Die
1007 1937 1107 1997 Seele
1136 1938 1241 1998 dieser
1270 1939 1448 1999 Menschen
1488 1941 1527 2001 ist
1555 1942 1605 2002 ein
1640 1943 1756 2003 weites
1791 1945 1907 2005 Land,
1936 1945 1991 2005 wie

2023 1945 2155 2005 nahen,
2185 1951 2654 2011 Fin-de-siècle-Stimmung
2696 1957 2747 2017 des
2788 1959 2961 2019 Anfanges
2997 1962 3049 2022 bis
3084 1962 3112 2022 zu

223 1963 286 2023 Uhr
327 1966 436 2026 abends
487 1966 518 2026 ist
559 1969 668 2029 Doktor
710 1969 805 2029 Artur

869 1985 1053 2045 Schnitzler
1094 1989 1122 2049 in
1169 1987 1261 2047 einer
1302 1990 1411 2050 seiner
1452 1992 1735 2052 Tragikomödien
1782 1992 1850 2052 mit
1880 1993 1972 2053 feine

2019 1996 2201 2056 abstrakten
2243 1999 2432 2059 Romantik
2469 2002 2527 2062 des
2569 2002 2669 2062 letzten
2717 2004 2871 2064 Werkes.
2919 2008 2989 2068 Und
3031 2008 3130 2068 vieles

173 2005 210 2065 ge
248 2002 374 2062 Monate
407 2003 458 2063 vor
492 2007 678 2067 Vollendung
717 2007 805 2067 seines

873 2034 1086 2094 Einfühlung
1121 2036 1207 2096 sagt.
1231 2034 1282 2094 So
1317 2036 1357 2096 ist
1381 2035 1432 2095 es.
1456 2037 1525 2097 Sie
1554 2038 1617 2098 hat
1647 2038 1744 2098 Raum
1791 2036 1848 2096 für
1878 2040 1975 2100 vieles

184 2040 320 2100 storben.
344 2043 531 2103 Vormittags
563 2046 645 2106 hatte
673 2046 718 2106 er,
741 2046 805 2106 noch

2023 2040 2103 2100 hört
2138 2044 2206 2104 man
2247 2044 2311 2104 aus
2346 2047 2397 2107 ihr
2432 2049 2570 2109 heraus,
2600 2050 2657 2110 den
2692 2052 2818 2112 ganzen
2860 2054 3014 2114 Reichtum
3061 2055 3135 2115 ver¬

184 2081 394 2141 Spaziergang
432 2082 576 2142 gemacht.
605 2084 679 2144 Nach
717 2085 805 2145 seiner

867 2085 900 2145 ja
935 2083 996 2143 für
1036 2086 1137 2146 alles,
1173 2084 1240 2144 nur
1274 2083 1336 2143 für
1370 2084 1466 2144 eines
1507 2085 1545 2145 ist
1580 2087 1625 2147 sie
1665 2089 1698 2149 zu
1739 2090 1800 2150 eng
1841 2090 1908 2150 und
1954 2092 1987 2152 zu

2026 2091 2176 2151 feinerten
2220 2094 2458 2154 Seelenlebens
2513 2097 2577 2157 nur
2616 2099 2707 2159 eines
2745 2102 2820 2162 nie:
2870 2102 2940 2162 Die
2984 2103 3134 2163 Stimme

180 2118 279 2178 hnung
309 2120 408 2180 warde
433 2120 462 2180 er
487 2121 551 2181 nach
581 2121 616 2181 11
646 2121 699 2181 Uhr
730 2120 808 2180 plötz¬

869 2132 978 2192 flach:
1002 2132 1076 2192 Für
1111 2132 1163 2192 die
1192 2134 1336 2194 Stärke,
1365 2133 1417 2193 für
1452 2134 1503 2194 die
1539 2133 1676 2193 Größe.
1706 2136 1769 2196 Die
1804 2138 1902 2198 Wege
1937 2136 1988 2196 der

2024 2139 2220 2199 wirklicher,
2239 2143 2441 2203 wahrhafter
2473 2145 2626 2205 Jugend.
2657 2147 2736 2207 Was
2768 2148 2822 2208 sich
2854 2149 2878 2209 in
2915 2151 2964 2211 den
3001 2154 3130 2214 Jahren

208 2157 262 2217 kam
313 2159 385 2219 nicht
422 2160 504 2220 mehr
536 2160 586 2220 zur
623 2160 809 2220 Besinnung.

869 2179 1028 2239 Gärten,
1046 2180 1069 2240 in
1099 2181 1193 2241 denen
1229 2181 1282 2241 sich
1312 2184 1506 2244 Schnitzlers
1536 2184 1654 2244 Poesie
1684 2185 1813 2245 ergeht,
1832 2186 1896 2246 sind
1926 2186 1990 2246 sehr

2021 2188 2209 2248 gewandelt
2245 2190 2321 2250 hat,
2352 2192 2392 2252 ist
2428 2192 2510 2252 nicht
2546 2193 2604 2253 der
2640 2195 2752 2255 Geist,
2782 2198 2917 2258 sondern
2965 2202 3029 2262 nur
3071 2202 3123 2262 sein

169 2196 229 2256 ner
258 2199 622 2259 Herzmuskelentartung.
646 2200 684 2260 Er
712 2201 805 2261 dürft¬

927 2223 987 2283 oft
1010 2228 1104 2288 mehr
1127 2229 1220 2289 durch
1254 2229 1487 2289 Künstlichkeit
1515 2231 1564 2291 als
1587 2234 1686 2294 durch
1715 2234 1831 2294 Natur
1859 2231 1869 2291 —
1925 2234 1997 2294 ver¬

194 2236 311 2296 erlegen
354 2237 428 2297 sein.

2022 2234 2219 2294 Verhältnis
2260 2236 2316 2296 zur
2351 2240 2509 2300 Umwelt.
2549 2240 2593 2300 In
2634 2240 2689 2300 der
2725 2243 2820 2303 ersten
2866 2246 2928 2306 und
2962 2247 3131 2307 mittleren

873 2276 988 2336 zweigt
1021 2277 1089 2337 und
1127 2278 1311 2338 verwirrt;
1344 2279 1386 2339 sie
1423 2282 1613 2342 vermitteln
1661 2282 1693 2342 in
1736 2282 1989 2342 raffiniertesten

2032 2282 2101 2342 Zeit
2125 2285 2293 2345 erschienen
2328 2286 2379 2346 die
2404 2288 2601 2348 Charaktere
2630 2291 2798 2351 realistisch
2828 2295 3019 2355 gezeichnet.
3043 2297 3135 2357 Jedes

167 2306 223 2366 has
263 2310 575 2370 Oesterreichertum
644 2312 735 2372 schon
786 2312 842 2372 seit

868 2326 954 2386 Form
1012 2324 1064 2384 die
1105 2325 1421 2385 mannigfaltigsten
1462 2329 1669 2389 Eindrücke;
1710 2330 1779 2390 was
1820 2330 1865 2390 sie
1907 2330 1987 2390 aber
2017 2330 2114 2390 Ding
2155 2334 2230 2394 trug
2271 2334 2357 2394 seine
2398 2335 2495 2395 starke
2530 2337 2743 2397 Lokalfarbe.
2790 2342 2835 2402 In
2882 2342 2939 2402 den
2986 2342 3124 2402 späteren

168 2357 270 2417 rnen
315 2357 442 2417 Leben.
481 2360 557 2420 Das
602 2360 678 2420 eine
717 2360 844 2420 Antlitz
876 2370 958 2430 nicht
991 2374 1118 2434 haben,
1144 2375 1207 2435 das
1246 2375 1284 2435 ist
1316 2377 1367 2437 die
1399 2376 1507 2436 große
1540 2378 1820 2438 Tiefenrichtung
1852 2376 1883 2436 in
1929 2377 1985 2437 das
2024 2380 2228 2440 Dichtungen
2273 2381 2311 2441 ist
2343 2383 2400 2443 das
2439 2385 2579 2445 Kolorit
2611 2387 2840 2447 gedämpfter,
2886 2390 2936 2450 die
2981 2392 3127 2452 Tönung

175 2405 385 2465 jednehmend
425 2404 480 2464 das
520 2407 754 2467 Vergehende,
782 2408 837 2468 das

867 2422 955 2482 letzte
985 2422 1131 2482 Dunkel.
1156 2422 1262 2482 Schön
1298 2422 1362 2482 und
1392 2426 1468 2486 zart
1492 2427 1615 2487 glühen
1652 2427 1704 2487 die
1728 2427 1857 2487 Farben
1899 2425 1986 2485 eines
2023 2427 2164 2487 blasser.
2200 2428 2275 2488 Das
2317 2428 2376 2488 18.
2406 2432 2665 2492 Jahrhundert,
2689 2436 2753 2496 das
2790 2437 2848 2497 dem
2902 2439 3019 2499 „Gang
3060 2440 3119 2500 zum

175 2454 231 2514 fest
254 2452 304 2512 ins
333 2454 446 2514 Auge,
464 2452 497 2512 es
526 2452 554 2512 in
583 2455 684 2515 seinen
713 2453 831 2513 tiefsten

869 2467 1210 2527 impressionistischen
1246 2470 1486 2530 Welterlebens
1517 2475 1592 2535 auf.
1611 2476 1681 2536 Ihr
1705 2476 1845 2536 feuchter
1876 2475 1987 2535 Glanz
2017 2474 2175 2534 Weiher“
2205 2475 2257 2535 den
2293 2479 2440 2539 Rahmen
2476 2480 2563 2540 gibt,
2582 2482 2687 2542 bleibt
2711 2485 2993 2545 unbestimmbar,
3012 2488 3134 2548 nimmt

171 2500 257 2560 ßiden
298 2502 552 2562 Weltansichten
599 2501 667 2561 sind
709 2503 818 2563 Dichte

868 2516 954 2576 liegt
981 2515 1067 2575 nicht
1100 2515 1164 2575 nur
1197 2518 1257 2578 auf
1285 2520 1338 2580 den
1377 2519 1549 2579 Gestalten
1582 2523 1647 2583 aus
1685 2521 1739 2581 der
1772 2524 1993 2584 Gegenwart,

2019 2524 2184 2584 nirgends
2226 2524 2367 2584 konkrete
2404 2529 2551 2589 Formen
2593 2528 2658 2588 an.
2700 2530 2787 2590 Aber
2824 2532 2912 2592 nicht
2960 2536 3024 2596 nur
3072 2536 3130 2596 das

170 2548 213 2608 sen
257 2551 369 2611 Klang
408 2551 514 2611 haben
559 2549 639 2609 weit
671 2551 752 2611 über
791 2551 840 2611 die
872 2559 903 2619 er
929 2563 1116 2623 schimmert
1136 2566 1204 2626 auch
1236 2566 1266 2626 um
1311 2569 1493 2629 historische
1512 2572 1680 2632 Personen
1713 2572 1737 2632 in
1769 2572 1819 2632 dem
1863 2572 1988 2632 Drame

2020 2569 2139 2629 Milieu
2176 2571 2278 2631 bleibt
2303 2575 2561 2635 Schattenspiel,
2586 2577 2657 2637 auch
2688 2577 2735 2637 die
2766 2581 2958 2641 Menschen,
2977 2584 3025 2644 die
3055 2584 3127 2644 nach

173 2599 217 2659 nd
251 2596 306 2656 des
340 2596 507 2656 deutschen
546 2598 663 2658 Volkes
697 2599 824 2659 hinaus

866 2613 963 2673 „Der
995 2611 1092 2671 junge
1124 2615 1331 2675 Medardus"
1375 2614 1436 2674 und
1467 2615 1497 2675 in
1535 2617 1589 2677 dem
1639 2620 1847 2680 malerischen
1884 2620 1988 2680 Spiel
2019 2621 2074 2681 dem
2130 2621 2239 2681 Guten
2295 2623 2448 2683 greifen,
2491 2625 2558 2685 und
2596 2626 2656 2686 dem
2712 2629 2840 2689 Bösen,
2890 2632 2957 2692 sind
3019 2632 3129 2692 schöne

149 2643 308 2703 Inherr,
331 2643 386 2703 der
414 2643 541 2703 andere
570 2640 580 2700 —
636 2644 707 2704 war
736 2645 812 2705 Artu

864 2658 930 2718 aus
969 2659 1029 2719 der
1063 2662 1357 2722 Renaissancezeit
1396 2664 1573 2724 „Schleier
1613 2666 1667 2726 der
1712 2667 1889 2727 Beatrice“

2019 2666 2203 2726 Schatten.

199 2691 280 2751 zwei
322 2689 380 2749 für
421 2692 491 2752 das
533 2694 737 2754 Empfinden
785 2694 842 2754 der

907 2706 959 2766 In
994 2707 1086 2767 einen
1128 2709 1220 2769 süßen
1262 2710 1511 2770 Fliedergeruch
1547 2715 1587 2775 ist
1623 2715 1703 2775 alles
1739 2718 1884 2778 gehüllt,
1914 2716 1977 2776 aud

2064 2715 2107 2775 Es
2145 2715 2188 2775 ist
2218 2716 2319 2776 etwas
2356 2717 2523 2777 seltsames
2561 2719 2604 2779 um
2656 2719 2706 2779 ein
2743 2722 2867 2782 solches
2904 2727 3129 2787 Dichtertum.

160 2739 246 2799 ahe
281 2739 617 2799 beisammenstehen,
641 2742 727 2802 liegt
756 2741 842 2801 nicht

869 2754 920 2814 die
950 2757 1093 2817 Tragik.
1123 2756 1197 2816 Aus
1233 2759 1290 2819 dem
1337 2761 1515 2821 wortlosen
1556 2765 1775 2825 Tanzdrama
1816 2764 1988 2824 „Schleien

2023 2762 2123 2822 Wenn
2153 2763 2188 2823 es
2219 2765 2300 2825 nicht
2331 2765 2359 2825 zu
2396 2768 2543 2828 paradox
2574 2769 2744 2829 erschiene,
2769 2770 2887 2830 könnte
2917 2774 2988 2834 man
3024 2776 3135 2836 sagen,

170 2787 207 2847 sie
234 2787 312 2847 eher
340 2787 419 2847 weit
446 2790 685 2850 voneinander
712 2790 834 2850 trennt

861 2802 919 2862 der
961 2803 1131 2863 Pierette“
1174 2803 1250 2863 wird
1292 2807 1327 2867 es
1363 2808 1397 2868 so
1439 2810 1522 2870 recht
1558 2813 1699 2873 deutlich
1735 2814 1894 2874 fühlbar,
1930 2811 1988 2871 wie
2018 2810 2082 2870 daß
2112 2811 2165 2871 dem
2207 2813 2401 2873 inneren
2437 2814 2543 2874 Wesen
2579 2817 2649 2877 nach
2680 2819 2726 2879 die
2756 2820 2868 2880 frühen
2904 2823 3015 2883 Werke
3040 2821 3139 2881 eben¬

182 2836 275 2896 ihrem
325 2836 569 2896 Lebensgang.
592 2838 696 2898 Beide
725 2838 829 2898 warer

868 2849 1071 2909 Schnitzlers
1100 2852 1207 2912 Wesen
1242 2855 1326 2915 sind.
1350 2858 1654 2918 Todesmüdigkeit
1678 2858 1745 2918 und
1774 2858 1893 2918 müder
1921 2860 1988 2920 Tod

2023 2858 2117 2918 sogut
2141 2859 2200 2919 von
2236 2861 2289 2921 dem
2337 2863 2508 2923 alternden
2544 2864 2721 2924 Schnitzler
2751 2865 2857 2925 hätten
2899 2869 2958 2929 sein
2994 2870 3135 2930 können,

195 2883 307 2943 Beruf
341 2885 479 2945 Aerzte;
506 2885 566 2945 das
607 2885 646 2945 ist
680 2882 838 2942 vielleicht
865 2891 904 2951 am
959 2900 1117 2960 Anfang,
1144 2903 1217 2963 Tod
1251 2903 1290 2963 am
1338 2905 1489 2965 Schluß.
1517 2909 1589 2969 Wie
1616 2909 1981 2969 Hollunderkügelchen

2019 2908 2082 2968 wie
2111 2909 2301 2969 umgekehrt
2330 2908 2376 2968 die
2411 2911 2514 2971 späten
2549 2912 2612 2972 von
2648 2915 2699 2975 dem
2751 2915 2895 2975 jungen.
2930 2917 2993 2977 Die
3022 2918 3131 2978 Welt¬

197 2938 229 2998 zu
266 2931 420 2991 Dichtern
458 2930 611 2990 wurden,
633 2933 840 2993 symptoma¬

865 2945 899 3005 im
957 2948 1158 3008 elektrischen
1206 2949 1314 3009 Strom
1378 2953 1493 3013 tanzen
1546 2955 1626 3015 diese
1673 2957 1782 3017 Wesen
1835 2956 1979 3016 zwischen
2020 2954 2193 3014 erlebnisse
2222 2956 2273 3016 des
2309 2959 2423 3019 jungen
2464 2959 2522 3019 und
2557 2960 2608 3020 des
2644 2962 2724 3022 alten
2765 2963 2932 3023 Menschen
2967 2968 3128 3028 berühren

197 2980 236 3040 es
271 2980 350 3040 aber
385 2978 470 3038 nicht
499 2981 584 3041 aus.
613 2980 658 3040 Es
693 2981 732 3041 ist
761 2980 829 3040 viel

870 2993 948 3053 zwei
966 2996 1078 3056 Enden
1107 2997 1157 3057 hin
1192 2999 1254 3059 und
1283 2999 1355 3059 her.
1373 3002 1429 3062 Ist
1446 3002 1502 3062 der
1525 3005 1706 3065 erregende
1729 3005 1808 3065 Reiz
1831 3008 1988 3068 vorüber,

2015 3005 2181 3065 einander
2211 3005 2268 3065 auf
2292 3005 2377 3065 ganz
2401 3008 2643 3068 merkwürdige
2672 3010 2752 3070 Art.
2782 3009 2862 3069 Wer
2892 3013 2966 3073 will
2990 3014 3047 3074 das
3076 3013 3110 3073 er

169 3027 283 3087 gesicht
304 3026 391 3086 ihrer
419 3028 628 3088 Generation
656 3029 837 3089 begründet
872 3044 1007 3104 klappen
1035 3045 1088 3105 die
1109 3046 1229 3106 Flügel
1257 3048 1311 3108 der
1339 3049 1460 3109 Seelen
1494 3052 1683 3112 zusammen
1718 3052 1778 3112 und
1812 3055 1852 3115 sie
1880 3055 1980 3115 liegen

2018 3051 2152 3111 klären?
2184 3053 2232 3113 Es
2257 3053 2331 3113 gibt
2356 3055 2584 3115 Dichtungen,
2603 3057 2651 3117 die
2683 3058 2768 3118 ihrem
2811 3060 2971 3120 seelischen
3009 3063 3131 3123 Gehalt

172 3075 356 3135 segenpole.
389 3075 573 3135 Schnitzler
613 3073 670 3133 hat
703 3074 734 3134 in
779 3079 836 3139 der
868 3088 931 3148 wie
958 3091 1028 3151 tote
1054 3093 1168 3153 Vögel
1201 3095 1232 3155 am
1284 3094 1423 3154 Boden.
1451 3100 1699 3160 Pessimistische
1731 3102 1865 3162 Skepsis
1904 3103 1986 3163 zieht
2025 3100 2095 3160 nach
2140 3101 2203 3161 nur
2236 3103 2267 3163 in
2313 3103 2370 3163 der
2403 3105 2536 3165 Jugend
2581 3106 2779 3166 geschrieben
2818 3109 2945 3169 werden
2990 3110 3111 3170 können

167 3127 196 3187 s
244 3124 440 3184 überhaupt
482 3124 559 3184 eine
601 3124 690 3184 volle
726 3124 838 3184 Hälfte

859 3139 920 3199 den
966 3141 1207 3201 Spannungen
1253 3141 1310 3201 des
1355 3144 1479 3204 Lebens
1524 3147 1580 3207 die
1620 3148 1749 3208 Nerven
1801 3150 1885 3210 aus.
1919 3151 1986 3211 Die
2021 3149 2082 3209 und
2122 3148 2206 3208 dann
2241 3150 2303 3210 erst
2331 3151 2455 3211 wieder
2484 3151 2511 3211 im
2562 3152 2674 3212 Alter.
2715 3155 2799 3215 Aber
2834 3156 2906 3216 eine
2935 3160 3120 3220 Erklärung

164 3172 312 3232 Funden,
352 3174 435 3234 über
474 3172 530 3232 der
563 3172 624 3232 das
663 3172 818 3232 Abendro

862 3187 1072 3247 Dichtungen
1109 3190 1205 3250 trägt
1230 3192 1301 3252 eine
1332 3194 1434 3254 Erde,
1459 3194 1518 3254 auf
1549 3197 1597 3257 die
1628 3199 1687 3259 sich
1718 3199 1808 3259 keine
1839 3199 1989 3259 Zukunft

2013 3198 2089 3258 gibt
2119 3196 2154 3256 es
2196 3198 2266 3258 nich,
2308 3199 2431 3259 dafür.
2467 3201 2666 3261 Schnitzlers
2708 3202 2820 3262 Werke
2856 3205 2926 3265 sind
2968 3205 3026 3265 von
3068 3208 3120 3268 der

169 3221 282 3281 chtet.

864 3237 971 3297 bauen
1006 3238 1092 3298 läßt.

2013 3242 2096 3302 Art,
2127 3245 2180 3305 daß
2223 3244 2246 3304 si
2295 3245 2349 3305 die
2380 3246 2530 3306 Extreme
2567 3250 2620 3310 der
2657 3250 2765 3310 Jahre
2802 3252 2964 3312 einander
3006 3254 3108 3314 näher

168 3280 235 3340 dem
297 3282 587 3342 Menschentypus
631 3282 686 3342 der
730 3282 821 3342 Jahr

905 3287 1002 3347 „Der
1042 3286 1146 3346 Gang
1199 3288 1257 3348 zum
1324 3289 1501 3349 Weiher",
1547 3291 1612 3351 der
1659 3291 1710 3351 als
1757 3294 1867 3354 letztes
1920 3293 1972 3353 der
2006 3292 2169 3352 bringen.
2203 3294 2254 3354 Si
2288 3294 2392 3354 nahe,
2412 3296 2471 3356 daß
2504 3297 2556 3357 für
2590 3297 2661 3357 eine
2688 3298 2799 3358 Mitte
2826 3301 2884 3361 fast
2911 3303 2976 3363 kein
3009 3303 3107 3363 Raum

162 3335 210 3395 t,
235 3330 296 3390 den
340 3330 455 3390 unsere
493 3332 590 3392 harte
628 3331 707 3391 Zeit
738 3330 830 3390 schon
867 3333 1136 3393 Schnitzlerschen
1174 3335 1320 3395 Dramen
1358 3337 1419 3397 erst
1450 3339 1474 3399 in
1511 3339 1566 3399 der
1603 3342 1830 3402 vergangenen
1867 3343 1971 3403 Spiel

2016 3337 2135 3397 bleibt.

171 3378 200 3438 bs
230 3378 395 3438 zerrieben
432 3378 502 3438 hat.
520 3378 596 3438 Mit
621 3377 673 3437 der
698 3377 821 3437 Scharf

865 3382 933 3442 zeit
969 3381 997 3441 im
1049 3381 1280 3441 Burgtheater
1315 3384 1401 3444 seine
1437 3388 1696 3448 Uraufführung
1738 3393 1876 3453 erlebte,
1917 3392 1985 3452 war

2059 3389 2262 3449 Schnitzlers
2298 3390 2515 3450 künstlerische
2551 3394 2817 3454 Physiognomie
2846 3398 2943 3458 prägt
2980 3399 3035 3459 sich
3071 3401 3119 3461 ins

165 3429 235 3489 Hhat
268 3426 454 3486 Schnitzler
493 3428 544 3488 die
577 3429 827 3489 Brüchigkeiter

865 3429 916 3489 ein
957 3428 1060 3488 letztes
1095 3430 1326 3490 Bekenntnis.
1361 3432 1423 3492 Ein
1465 3436 1747 3496 abschließendes,
1794 3439 1856 3499 wie
1903 3439 1977 3499 man
2013 3437 2220 3497 Gedächtnis
2261 3440 2428 3500 nunmehr
2469 3440 2526 3500 der
2567 3441 2739 3501 Nachwelt
2775 3445 2849 3505 ein,
2884 3447 2941 3507 wie
2982 3447 3028 3507 sie
3069 3447 3126 3507 der

170 3476 235 3536 und
277 3476 401 3536 gestern
443 3476 561 3536 erfaßt
592 3475 656 3535 und
699 3473 739 3533 sie
776 3474 822 3534 mi

866 3478 961 3538 heute
998 3474 1093 3534 sagen
1136 3477 1231 3537 darf.
1268 3479 1339 3539 Die
1376 3481 1484 3541 kühlen
1526 3484 1701 3544 Schauer,
1731 3485 1779 3545 die
1815 3485 1881 3545 aus
1918 3485 1971 3545 den
2014 3485 2169 3545 Mitwelt
2194 3483 2247 3543 sich
2272 3485 2440 3545 einfügte.
2459 3485 2536 3545 Auch
2567 3490 2777 3550 diejenigen,
2795 3491 2891 3551 denen
2921 3493 3119 3553 Schnitzlers

160 3521 206 3581 en
253 3522 415 3582 Komplex
456 3524 641 3584 zusammen
689 3522 816 3582 gesehen

867 3524 1038 3584 gläsernen
1071 3525 1294 3585 Versgefäßen
1327 3527 1377 3587 des
1403 3531 1665 3591 schwermütigen
1704 3530 1831 3590 Spieles
1851 3533 1985 3593 traum¬

2015 3530 2112 3590 Werk
2136 3534 2199 3594 und
2234 3533 2297 3593 Art
2327 3533 2557 3593 wesensfremd
2593 3537 2731 3597 bleiben,
2755 3541 2881 3601 mußte,
2911 3542 3026 3602 können
3067 3547 3118 3607 sich

167 3569 214 3629 nd
244 3571 419 3631 Seinsart
444 3572 472 3632 in
508 3572 566 3632 der
591 3572 766 3632 Literatur
791 3572 825 3632 zu
861 3572 996 3632 bildend
1038 3575 1237 3635 aufsteigen,
1273 3575 1378 3635 waren
1426 3576 1466 3636 sie
1508 3579 1590 3639 nicht
1626 3583 1737 3643 schon,
1773 3583 1813 3643 um
1873 3583 1978 3643 einige
2014 3584 2102 3644 ihrer
2132 3584 2413 3644 Zeitbedeutung,
2432 3584 2596 3644 formalen
2632 3590 2754 3650 Kultur
2784 3590 2843 3650 und
2873 3590 2990 3650 müden
3020 3588 3119 3648 Emp¬

176 3627 249 3687 ung
284 3623 377 3683 kam,
399 3623 452 3683 als
486 3623 540 3683 ihr
567 3622 600 3682 in
635 3622 695 3682 der
723 3620 837 3680 Wirk¬
858 3622 965 3682 Töne
986 3623 1161 3683 wärmer,
1182 3623 1215 3683 in
1249 3625 1302 3685 den
1344 3628 1492 3688 früheren
1526 3630 1735 3690 Dichtungen
1776 3634 1809 3694 zu
1844 3632 1984 3692 spüren,
2006 3633 2342 3693 findungsschwere:
2357 3635 2673 3695 nicht-entziehen.
