3436 4224
218 200 288 260 12

408 207 887 267 Schnitzler
956 217 994 277 s
1063 211 1297 271 Death

1501 213 1635 273 box
1707 216 1896 276 42/7

375 542 639 602 OBS

905 568 1098 628 VER

458 595 483 655 1.
496 597 618 657 österr.
627 604 780 664 behördl.
797 616 1098 676 konzessioniertes

414 638 647 698 Unternehmen
682 643 729 703 für
751 657 1144 717 Zeitungs-Ausschnitte

466 698 613 758 WIEN,
639 703 683 763 I.,
716 713 997 773 WOLLZEILE
1042 725 1086 785 11

557 751 774 811 TELEPHON
810 765 982 825 R-23-0-43

346 888 577 948 Ausschnitt
599 894 695 954 aus:

566 1044 731 1104 Leriiner
749 1027 1050 1087 Bersenzeitung,
1059 1015 1169 1075 Berlin

335 1106 448 1166 vom:

661 1189 751 1249 22.
770 1181 896 1241 0KT.
915 1178 1023 1238 1937

1709 1362 1892 1422 olo

899 1401 1093 1461 thur

1228 1402 1736 1462 Schnitzler

758 1488 920 1548 Wien,
947 1491 1015 1551 21.
1047 1491 1219 1551 Oktober.

1359 1491 1384 1551 in
1416 1491 1509 1551 seinem
1554 1491 1741 1551 tiefsinnigen
1779 1489 2130 1549 „ParärerfuDas
2156 1494 2249 1554 Leben
2281 1494 2293 1554 —
2344 1494 2387 1554 ein

1352 1533 1500 1593 Traum",
1530 1533 1589 1593 dies
1629 1536 1935 1596 Grillparzer=Motiv
1975 1535 2029 1595 hat
2054 1536 2266 1596 Schnitzletn
2316 1536 2394 1596 viel¬

553 1536 741 1596 Arthur
767 1539 1027 1599 Schnitzler
1053 1539 1093 1599 ist
1114 1540 1216 1600 heute
1242 1542 1277 1602 um

1354 1576 1444 1636 fachen
1496 1574 1710 1634 Wandlungen
1762 1576 1817 1636 und
1870 1577 2092 1637 Spiegelungen
2144 1580 2397 1640 aufgenommen,

464 1586 537 1646 419
596 1587 669 1647 Uhr
723 1589 860 1649 einem
930 1590 1294 1650 Schlaganfall

1354 1619 1455 1679 ebenso
1491 1619 1548 1679 wie
1588 1619 1632 1679 die
1668 1620 1915 1680 Verschmelzung
1960 1622 2008 1682 von
2044 1622 2131 1682 Liebe
2163 1622 2216 1682 und
2247 1624 2308 1684 Tod
2335 1622 2392 1682 aus

465 1637 701 1697 erlegen.
750 1637 942 1697 Schnitzler
981 1640 1111 1700 machte
1151 1638 1184 1698 in
1228 1640 1285 1700 der

1353 1664 1434 1724 „Des
1462 1662 1584 1722 Meeres
1616 1661 1675 1721 und
1703 1664 1752 1724 der
1784 1664 1870 1724 Liebe
1898 1664 2052 1724 Wellen“.
2080 1666 2179 1726 Kunst
2207 1667 2261 1727 und
2293 1667 2392 1727 Natur

465 1685 846 1745 Nachmittagsstunde
884 1688 982 1748 einen
1025 1691 1293 1751 Spaziergang.

1349 1709 1437 1769 gehen
1477 1707 1658 1767 ineinander
1694 1706 1782 1766 über,
1809 1709 1866 1769 und
1906 1709 1959 1769 das
1986 1709 2074 1769 Leben
2106 1709 2132 1769 in
2163 1710 2207 1770 der
2234 1712 2397 1772 Phantasie

471 1733 540 1793 Als
571 1734 606 1794 er
637 1736 661 1796 in
703 1735 788 1795 seine
818 1736 1005 1796 Wohnung
1036 1739 1292 1799 zurückkehrte,

1355 1751 1386 1811 ist
1409 1751 1454 1811 oft
1477 1751 1636 1811 wirklicher
1664 1751 1709 1811 als
1737 1752 1791 1812 das
1818 1754 1900 1814 reale
1928 1754 2036 1814 Leben.
2087 1754 2191 1814 Daher
2219 1754 2296 1814 seine
2324 1754 2396 1814 Ver¬

475 1783 598 1843 stürzte
633 1783 692 1843 er,
722 1783 781 1843 vom
846 1786 973 1846 Schlag
1023 1786 1196 1846 gerührt,
1236 1786 1289 1846 be¬

1350 1795 1484 1855 ehrung,
1513 1794 1540 1854 ja
1573 1793 1816 1853 Ueberschätzung
1858 1795 1904 1855 des
1942 1798 2114 1858 Künstlers,
2138 1798 2193 1858 sein
2222 1798 2394 1858 Aestheten¬

470 1830 627 1890 wußtlos
681 1833 901 1893 zusammen.
945 1834 992 1894 Er
1046 1835 1160 1895 starb,
1199 1834 1285 1894 ohne

1352 1838 1431 1898 tum,
1458 1839 1550 1899 daher
1586 1837 1652 1897 aber
1679 1840 1740 1900 auch
1772 1840 1811 1900 die
1838 1840 2005 1900 Inbrunst,
2023 1840 2080 1900 mit
2102 1842 2146 1902 der
2173 1841 2221 1901 das
2253 1842 2393 1902 Formale

468 1881 530 1941 das
555 1880 781 1940 Bewußtsein
810 1882 1090 1942 wiedererlangt
1110 1884 1143 1944 zu
1168 1885 1292 1945 haben.

1348 1882 1465 1942 gegeben
1494 1882 1541 1942 ist.
1555 1882 1597 1942 In
1626 1882 1672 1942 der
1701 1882 1837 1942 Feinheit
1861 1883 1917 1943 und
1941 1884 2054 1944 Grazie
2083 1885 2171 1945 seines
2200 1885 2280 1945 Stils
2304 1888 2392 1948 folgte

1350 1926 1504 1986 Schnitzler
1542 1924 1687 1984 ebenfalls
1729 1925 1778 1985 den
1820 1927 1916 1987 besten
1948 1928 2117 1988 heimischen
2154 1930 2308 1990 Mustern,
2332 1930 2391 1990 und

470 1929 662 1989 Schnitzler
687 1930 780 1990 wäre
805 1931 829 1991 im
874 1932 957 1992 Mai
978 1933 1125 1993 nächsten
1150 1934 1283 1994 Jahres

1353 1969 1481 2029 manches
1511 1971 1565 2031 aus
1601 1971 1689 2031 seiner
1715 1971 1808 2031 Prosa
1838 1972 1981 2032 gemahnt
2006 1974 2035 2034 an
2071 1974 2203 2034 Stifters
2234 1975 2396 2035 Erzähler¬

470 1975 509 2035 70
554 1977 667 2037 Jahre
707 1979 761 2039 alt
791 1980 998 2040 geworden.
1047 1981 1121 2041 Aus
1166 1983 1269 2043 diesem

1356 2010 1457 2070 kunst.

470 2025 586 2085 Anlaß
643 2028 759 2088 waren
816 2028 848 2088 in
904 2028 1082 2088 mehreren
1138 2031 1283 2091 Wiener

1421 2052 1483 2112 Aus
1518 2052 1609 2112 seinem
1653 2055 1832 2115 Wienertum
1871 2057 1982 2117 heraus
2017 2057 2113 2117 wurde
2143 2056 2190 2116 der
2220 2058 2336 2118 Dichter
2365 2059 2394 2119 zu

471 2076 647 2136 Theatern
733 2079 1085 2139 Festaufführungen
1172 2082 1282 2142 seiner

1353 2097 1402 2157 dem
1444 2098 1693 2158 bezeichnendsten
1725 2099 1884 2159 Vertreter
1912 2100 1961 2160 des
1989 2100 2301 2160 Impressionismus.
2347 2103 2392 2163 Da

472 2124 592 2184 Stücke
625 2127 801 2187 geplant.

1355 2142 1382 2202 er
1415 2141 1475 2201 nur
1509 2139 1555 2199 die
1588 2142 1793 2202 Empfindung
1831 2143 1877 2203 des
1915 2145 2105 2205 Augenblicks
2139 2145 2325 2205 anerkennt,
2349 2145 2395 2205 sich

1355 2185 1438 2245 allein
1476 2184 1513 2244 an
1551 2183 1597 2243 den
1636 2186 1789 2246 flüchtigen
1832 2187 1968 2247 Abglanz
2001 2186 2052 2246 des
2094 2186 2230 2246 Lebens,
2263 2187 2300 2247 an
2343 2189 2394 2249 den

1355 2228 1616 2288 Mummenschanz
1644 2228 1870 2288 verhuschender
1894 2231 2029 2291 Schatten
2057 2231 2228 2291 klammert,
2247 2231 2269 2291 so
2297 2231 2391 2291 wußte

320 2233 423 2293 Arthur
459 2239 631 2299 Schnitzler,
661 2240 710 2300 der
740 2240 858 2300 Dichter
888 2240 937 2300 der
967 2243 1090 2303 müden,
1115 2243 1278 2303 überreifen

1348 2273 1375 2333 er
1398 2273 1420 2333 in
1453 2271 1502 2331 das
1526 2273 1726 2333 Momentane
1749 2273 1798 2333 den
1826 2273 1958 2333 stärksten
1986 2276 2099 2336 Inhalt
2123 2276 2149 2336 zu
2177 2274 2277 2334 legen.
2296 2275 2391 2335 Seine

243 2279 378 2339 Jugend,
397 2279 444 2339 der
472 2279 495 2339 so
519 2281 589 2341 früh
617 2282 659 2342 die
682 2282 790 2342 Tragik
813 2282 859 2342 des
888 2285 1023 2345 Alterns,
1042 2286 1088 2346 den
1122 2288 1280 2348 „einsamen

1349 2315 1446 2375 beiden
1482 2315 1569 2375 ersten
1610 2315 1839 2375 bedeutenderen
1880 2318 2039 2378 Arbeiten,
2066 2318 2114 2378 der
2146 2318 2389 2378 Einakterzyklus

242 2317 328 2377 Weg“
358 2317 400 2377 ins
425 2318 531 2378 Leere,
550 2321 598 2381 ins
623 2321 723 2381 Nichts
748 2321 930 2381 geschildert,
950 2323 998 2383 hat
1023 2324 1060 2384 die
1085 2326 1287 2386 Empfindun¬

1343 2359 1493 2419 „Anatol“
1527 2358 1582 2418 und
1617 2360 1658 2420 die
1692 2360 1809 2420 Novelle
1843 2363 2031 2423 „Sterben",
2055 2361 2187 2421 drängen
2221 2363 2333 2423 bereits
2367 2363 2389 2423 in

235 2362 288 2422 gen
323 2360 380 2420 und
416 2363 578 2423 Erlebnisse
627 2363 675 2423 des
707 2366 891 2426 absinkenden
931 2366 1037 2426 Lebens
1090 2368 1199 2428 vorweg
1231 2367 1283 2427 ge¬

1350 2401 1481 2461 einzelne
1513 2401 1704 2461 Augenblicke
1736 2404 1826 2464 ganze
1859 2404 1972 2464 Welten
2009 2403 2054 2463 des
2091 2404 2254 2464 Erlebens.
2323 2403 2413 2463 Das¬

231 2401 386 2461 nommen.
430 2404 524 2464 Seine
551 2404 654 2464 Werke
680 2406 809 2466 bekamen
845 2407 948 2467 immer
978 2407 1056 2467 mehr
1087 2410 1173 2470 etwas
1204 2410 1285 2470 Zeit¬

1348 2446 1626 2506 impressionistische
1654 2447 1772 2507 Drama
1804 2449 1854 2509 hat
1882 2446 1936 2506 kein
1973 2447 2091 2507 höheres
2124 2449 2297 2509 Kunstwerk
2325 2448 2393 2508 auf¬

237 2446 328 2506 loses,
357 2449 616 2509 Unpersönliches.
660 2448 818 2508 Schnitzler
857 2449 918 2509 war
953 2452 1024 2512 schon
1063 2452 1202 2512 historisch
1231 2453 1283 2513 ge¬

1354 2491 1494 2551 zuweisen
1526 2489 1575 2549 als
1608 2491 1779 2551 Schnitzlers
1816 2491 1997 2551 „Einsamen
2034 2493 2137 2553 Weg",
2165 2492 2187 2552 in
2224 2493 2273 2553 dem
2323 2494 2386 2554 man

236 2488 372 2548 worden,
395 2491 449 2551 und
472 2491 517 2551 als
545 2491 590 2551 den
618 2492 772 2552 Vertreter
800 2494 876 2554 einer
904 2495 1136 2555 abgeschlossenen
1168 2497 1290 2557 Epoche,

1350 2533 1415 2593 auch
1448 2533 1527 2593 wohl
1555 2533 1611 2593 sein
1648 2533 1736 2593 bestes
1774 2533 1858 2593 Werk
1891 2536 1970 2596 sehen
2008 2535 2091 2595 darf.
2143 2535 2217 2595 Hier
2250 2536 2394 2596 entfaltet

236 2533 283 2593 als
311 2533 357 2593 den
386 2533 502 2593 Meister
531 2536 609 2596 eines
633 2536 810 2596 vollendeten
844 2539 922 2599 Stils
951 2539 1049 2599 dürfen
1077 2539 1128 2599 wir
1156 2541 1198 2601 ihn
1226 2540 1277 2600 aus

236 2576 337 2636 Anlaß
366 2576 458 2636 seines
487 2577 584 2637 Todes
613 2577 781 2637 würdigen.

1350 2574 1394 2634 sich
1431 2574 1494 2634 eine
1527 2575 1627 2635 Kunst
1654 2574 1704 2634 der
1736 2577 1900 2637 Halbtöne,
1927 2577 1977 2637 der
2010 2577 2105 2637 feinen
2146 2579 2300 2639 Valeurs;
2333 2580 2391 2640 eine

1350 2619 1546 2679 silbergraue,
1561 2619 1608 2679 von
1636 2620 1772 2680 schweren
1801 2622 1912 2682 Farben
1941 2622 2020 2682 matt
2040 2622 2264 2682 durchleuchtete
2279 2622 2395 2682 Herbst¬

319 2619 375 2679 Die
412 2619 533 2679 Wiener
566 2620 714 2680 Dichtung
752 2622 826 2682 wird
859 2622 929 2682 stets
966 2622 989 2682 in
1032 2622 1077 2682 der
1111 2625 1282 2685 Literatur¬

241 2661 389 2721 geschichte
423 2663 473 2723 der
507 2664 604 2724 letzten
647 2664 833 2724 Jahrzehnte
871 2664 935 2724 eine
969 2667 1150 2727 bedeutende
1188 2669 1285 2729 Stelle

1350 2664 1508 2724 stimmung
1546 2664 1578 2724 ist
1607 2664 1681 2724 über
1714 2664 1765 2724 das
1794 2665 1901 2725 Ganze
1934 2667 2092 2727 gebreitet,
2121 2667 2176 2727 und
2210 2665 2251 2725 die
2285 2667 2396 2727 Tragik

241 2706 439 2766 einnehmen.
484 2705 545 2765 Sie
581 2706 633 2766 hat
664 2707 717 2767 dem
766 2707 871 2767 trüben
911 2709 968 2769 und
1008 2710 1153 2770 sachlichen
1198 2712 1268 2772 nord

1345 2706 1390 2766 des
1423 2706 1541 2766 Alters,
1564 2706 1605 2766 die
1633 2708 1696 2768 hier
1724 2708 1934 2768 angeschlagen
1966 2709 2039 2769 wird
2071 2709 2126 2769 und
2158 2707 2203 2767 bei
2227 2709 2391 2769 Schnitzler

235 2748 381 2808 deutschen
422 2748 659 2808 Naturalismus
696 2751 755 2811 erst
783 2751 901 2811 Anmut
929 2754 1097 2814 verliehen,
1121 2755 1289 2815 Weichheit,

1355 2750 1454 2810 immer
1482 2751 1686 2811 wiederkehrt,
1705 2751 1741 2811 ist
1760 2751 1805 2811 die
1828 2754 1996 2814 eigentliche
2019 2754 2132 2814 Tragik
2156 2753 2201 2813 des
2228 2754 2396 2814 impressio¬

244 2792 396 2852 Feinheit,
425 2791 539 2851 Musik.
583 2792 645 2852 Und
683 2792 740 2852 der
774 2795 979 2855 bezeichnende
1013 2795 1151 2855 Künstler
1190 2797 1280 2857 dieser

1348 2791 1487 2851 nistischen
1530 2792 1703 2852 Menschen,
1732 2794 1778 2854 der
1811 2793 1881 2853 stets
1914 2794 1960 2854 die
1994 2795 2134 2855 Stunden
2172 2794 2303 2854 genossen
2345 2796 2396 2856 hat

243 2834 382 2894 „Wiener
420 2834 550 2894 Schule“
588 2834 745 2894 schlechthin
792 2836 852 2896 war
890 2837 1066 2897 Schnitzler,
1100 2839 1173 2899 nicht
1207 2839 1276 2899 etwa

1354 2835 1408 2895 und
1441 2834 1485 2894 sich
1522 2836 1581 2896 nun
1618 2837 1717 2897 einsam
1763 2837 1840 2897 sieht
1868 2838 1922 2898 mit
1950 2839 1999 2899 den
2036 2840 2176 2900 Schewen
2213 2840 2308 2900 seiner
2336 2840 2395 2900 Er¬

241 2879 498 2939 Hofmannsthal,
512 2877 558 2937 der
580 2879 640 2939 viel
658 2879 916 2939 internationaler
938 2881 998 2941 war
1020 2882 1075 2942 und
1101 2882 1157 2942 mit
1174 2882 1264 2942 seinem

1342 2879 1514 2939 innerung.
1559 2880 1616 2940 Die
1647 2880 1832 2940 Wirrungen
1872 2880 1925 2940 und
1961 2882 2172 2942 Wandlungen
2208 2882 2256 2942 der
2287 2885 2393 2945 Seele,

248 2921 425 2981 fabelhaften
458 2921 654 2981 Formtalent
683 2922 729 2982 die
758 2924 1075 2984 verschiedenartigsten
1113 2925 1197 2985 Stile
1231 2925 1281 2985 neu

1348 2924 1386 2984 die
1416 2925 1478 2985 „ein
1512 2924 1617 2984 weites
1646 2921 1747 2981 Land“
1781 2926 1829 2986 ist,
1853 2927 2055 2987 beschäftigten
2090 2926 2252 2986 Schnitzler
2282 2929 2392 2989 haupt¬

236 2967 268 3027 zu
311 2964 427 3024 beleben
474 2964 590 3024 wußte.
628 2966 674 3026 In
717 2966 879 3026 Schnitzler
917 2966 987 3026 fand
1029 2969 1131 3029 uralte
1160 2969 1280 3029 Wiener

1350 2966 1479 3026 sächlich,
1499 2966 1546 3026 der
1575 2966 1618 3026 als
1648 2968 1719 3028 Arzt
1743 2968 1786 3028 ein
1816 2969 1940 3029 scharfer
1969 2969 2142 3029 Beobachter
2171 2970 2233 3030 war
2262 2971 2319 3031 und
2349 2969 2391 3029 sich

239 3007 388 3067 Tradition
421 3007 480 3067 ihre
512 3007 589 3067 letzte
617 3007 863 3067 Verfeinerung,
882 3010 959 3070 ihren
996 3010 1082 3070 vollen
1115 3011 1269 3071 Ausklang

1349 3007 1403 3067 mit
1430 3010 1616 3070 Psychologie
1644 3010 1721 3070 nicht
1748 3010 1802 3070 nur
1835 3012 1880 3072 als
1907 3013 2066 3073 Künstler,
2089 3013 2207 3073 sondern
2244 3014 2311 3074 auch
2343 3014 2388 3074 als

242 3047 305 3107 Viel
337 3050 418 3110 mehr
446 3050 491 3110 als
523 3051 577 3111 das
609 3052 731 3112 Vorbild
768 3052 813 3112 der
846 3052 1036 3112 Franzosen,
1059 3053 1113 3113 wie
1145 3054 1272 3114 Donnay

1353 3052 1501 3112 Gelehrter
1526 3052 1694 3112 beschäftigt
1714 3055 1776 3115 hat.
1796 3055 1954 3115 Schnitzler
1974 3055 2007 3115 ist
2027 3055 2050 3115 in
2080 3057 2170 3117 seinen
2200 3058 2382 3118 Dichtungen

235 3092 294 3152 und
326 3094 485 3154 Lavedan,
513 3094 581 3154 oder
613 3094 749 3154 Ibsens,
773 3094 855 3154 sollte
892 3094 959 3154 man
996 3094 1073 3154 diese
1106 3097 1274 3157 heimischen

1343 3094 1392 3154 von
1434 3096 1707 3156 verhältnismäßig
1739 3098 1890 3158 einfachen
1927 3097 2100 3157 Gefühlen,
2123 3100 2182 3160 auf
2215 3100 2301 3160 denen
2342 3100 2387 3160 sich

242 3136 387 3196 Einflüsse
414 3136 559 3196 betonen.
601 3136 678 3196 Sein
719 3139 932 3199 Hauptmotiv,
955 3137 1000 3197 die
1033 3140 1278 3200 schaurig-schöne

1348 3139 1400 3199 sein
1436 3139 1635 3199 bekanntestes
1671 3140 1790 3200 Drama
1826 3140 1990 3200 „Liebelei“
2021 3142 2185 3202 aufbaute,
2212 3142 2243 3202 zu
2279 3144 2389 3204 immer

236 3180 500 3240 Verschwisterung
537 3179 587 3239 von
624 3180 828 3240 Liebesgenuß
870 3180 924 3240 und
952 3180 1148 3240 Todesnähe,
1176 3183 1207 3243 ist
1235 3183 1284 3243 der

1343 3183 1593 3243 komplizierteren
1630 3183 1775 3243 seelischen
1817 3183 2021 3243 Beziehungen
2063 3184 2117 3244 und
2154 3185 2272 3245 Rätseln
2314 3186 2386 3246 fort¬

236 3222 407 3282 eigentliche
430 3223 738 3283 Stimmungsfaktor
765 3223 813 3283 des
840 3224 963 3284 Barock,
981 3225 1034 3285 das
1065 3225 1135 3285 nicht
1162 3225 1219 3285 nur
1250 3223 1272 3283 in

1347 3225 1533 3285 geschritten.
1576 3222 1617 3282 Er
1645 3226 1738 3286 drang
1771 3226 1826 3286 tief
1850 3227 1878 3287 in
1911 3227 1953 3287 die
1986 3227 2064 3287 Welt
2093 3226 2139 3286 des
2167 3230 2390 3290 Unbewußten,

234 3264 280 3324 der
304 3265 402 3325 Kunst
422 3267 533 3327 Fischer
557 3267 608 3327 von
637 3266 777 3326 Erlachs,
796 3267 917 3327 sondern
946 3267 1011 3327 auch
1040 3267 1063 3327 im
1101 3269 1278 3329 österreichi¬

1346 3269 1397 3329 der
1430 3270 1630 3330 verdrängten
1668 3268 1798 3328 Gefühle
1840 3271 1896 3331 und
1934 3270 2083 3330 gestaltete
2126 3271 2186 3331 echt
2228 3273 2386 3333 Freudsche

239 3309 310 3369 schen
347 3309 597 3369 Jesuitendrama
634 3309 715 3369 seine
747 3310 828 3370 Höhe
861 3311 1015 3371 erreichte,
1043 3311 1097 3371 und
1133 3312 1179 3372 die
1211 3312 1278 3372 stets

1348 3312 1525 3372 Probleme,
1540 3314 1591 3374 wie
1616 3312 1639 3372 in
1669 3313 1716 3373 der
1741 3314 1855 3374 Novelle
1885 3315 1975 3375 „Frau
2009 3315 2100 3375 Beate
2124 3316 2176 3376 und
2205 3315 2248 3375 ihr
2273 3315 2392 3375 Sohn",

239 3351 490 3411 wiederkehrende
523 3351 686 3411 Situation
724 3351 770 3411 bei
803 3354 980 3414 Schnitzler,
1004 3354 1054 3414 der
1083 3354 1194 3414 Rausch
1232 3355 1278 3415 der

1347 3355 1421 3415 Aber
1445 3357 1468 3417 so
1492 3357 1598 3417 wichtig
1622 3357 1692 3417 diese
1716 3357 1916 3417 tiefbohrende
1940 3357 1995 3417 und
2019 3359 2233 3419 zergliedernde
2257 3360 2382 3420 Analyse

242 3393 321 3453 Liebe
345 3392 372 3452 im
415 3395 565 3455 Angesicht
584 3395 635 3455 des
663 3395 775 3455 Todes,
799 3392 832 3452 ist
856 3394 911 3454 nur
940 3395 981 3455 ein
1015 3396 1117 3456 müder
1141 3398 1281 3458 Nachhall

1350 3398 1395 3458 für
1418 3399 1491 3459 seine
1518 3400 1614 3460 Kunst
1638 3401 1715 3461 war,
1733 3400 1756 3460 so
1780 3400 1848 3460 darf
1871 3401 1934 3461 man
1962 3401 2017 3461 sein
2045 3401 2131 3461 Werk
2150 3403 2209 3463 doch
2237 3402 2310 3462 nicht
2328 3401 2392 3461 ein¬

239 3437 322 3497 jener
372 3437 477 3497 starken
540 3437 840 3497 Barock=Kontraste,
889 3438 933 3498 die
987 3439 1049 3499 hier
1102 3440 1137 3500 zu
1195 3440 1279 3500 einer

1344 3443 1419 3503 seitig
1471 3442 1508 3502 an
1560 3442 1611 3502 der
1659 3443 1841 3503 Freudschen
1899 3443 2039 3503 Methode
2091 3446 2213 3506 messen,
2256 3446 2382 3506 sondern

239 3479 403 3539 schmerzlich
482 3479 569 3539 stillen
652 3482 822 3542 Harmonie
896 3482 1120 3542 verschmelzen.

1198 3484 1280 3544 Aber

1484 3488 1666 3548 betrachten,
1731 3488 1795 3548 was
1865 3486 1895 3546 er
1969 3488 2025 3548 aus
2095 3489 2189 3549 diesem
2277 3489 2384 3549 reichen

1351 3486 1425 3546 muß

245 3518 324 3578 nicht

384 3518 447 3578 nur
515 3520 582 3580 dies
664 3521 730 3581 eine
812 3519 933 3579 Motiv,

994 3519 1127 3579 sondern

1191 3521 1276 3581 seine

1348 3530 1577 3590 psychologischen
1666 3530 1820 3590 Material
1901 3531 2031 3591 lebendig

2109 3533 2272 3593 gestaltet

2317 3533 2391 3593 hat.

240 3563 339 3623 ganze

412 3563 657 3623 Lebenshaltung
740 3560 803 3620 war
881 3563 980 3623 typisch
1062 3563 1285 3623 österreichisch.

1421 3570 1489 3630 Man
1526 3570 1576 3630 hat
1604 3570 1764 3630 Schnitzler
1797 3572 1842 3632 oft
1870 3572 2090 3632 vorgeworfen,
2113 3574 2163 3634 daß
2201 3573 2278 3633 seine
2311 3573 2388 3633 Welt

231 3604 391 3664 Schnitzler
432 3606 495 3666 war
542 3604 587 3664 ein
638 3605 779 3665 geradezu
830 3607 1008 3667 fanatischer
1036 3606 1205 3666 Verfechter
1233 3607 1278 3667 des

1354 3613 1405 3673 und
1434 3613 1508 3673 seine
1532 3613 1634 3673 Stoffe
1658 3613 1685 3673 zu
1714 3613 1765 3673 eng
1793 3616 1933 3676 begrenzt
1956 3616 2050 3676 seien.
2074 3616 2245 3676 Tatsächlich
2274 3616 2329 3676 sind
2358 3616 2385 3676 es

234 3646 412 3706 Glaubens,
444 3648 499 3708 daß
545 3649 595 3709 der
623 3649 736 3709 Mensch
783 3649 874 3709 nichts
920 3649 970 3709 tun
1007 3650 1075 3710 kann
1103 3652 1189 3712 gegen
1222 3649 1276 3709 sein

1348 3655 1405 3715 nur
1432 3657 1507 3717 ganz
1538 3657 1653 3717 wenige
1689 3658 1816 3718 Motive,
1843 3658 1971 3718 Figuren
2012 3658 2064 3718 und
2096 3660 2316 3720 Situationen,
2343 3659 2387 3719 die

236 3691 390 3751 Schicksal,
409 3692 458 3752 daß
486 3691 517 3751 er
541 3694 649 3754 unfrei
673 3694 718 3754 ist,
741 3694 804 3754 eine
827 3694 931 3754 Puppe
959 3694 986 3754 in
1014 3694 1063 3754 der
1086 3694 1172 3754 Hand
1200 3693 1277 3753 eines

1353 3702 1393 3762 sich
1426 3701 1470 3761 bei
1494 3700 1539 3760 ihm
1580 3700 1607 3760 in
1639 3700 1729 3760 feinen
1761 3703 1957 3763 Variationen
1989 3702 2056 3762 stets
2084 3703 2292 3763 wiederholen.
2334 3705 2379 3765 Da

236 3736 434 3796 unsichtbaren
471 3738 706 3798 Drahtziehers.
758 3735 802 3795 Es
853 3736 893 3796 ist
939 3739 1002 3799 dies
1034 3739 1278 3799 lustig=traurige

1353 3741 1384 3801 ist
1407 3739 1447 3799 die
1470 3742 1611 3802 Stellung
1648 3742 1697 3802 des
1725 3743 1861 3803 Mannes
1898 3745 2024 3805 zwischen
2066 3745 2138 3805 zwei
2161 3745 2297 3805 Frauen,
2325 3745 2374 3805 dem

240 3780 444 3840 Puppenspiel
471 3781 521 3841 des
548 3781 679 3841 Lebens,
707 3781 761 3841 das
798 3781 843 3841 die
866 3781 988 3841 Wiener
1024 3783 1201 3843 Volksstücke
1228 3783 1282 3843 mit

1355 3786 1454 3846 „süßen
1491 3786 1614 3846 Madel“
1647 3786 1701 3846 und
1733 3786 1783 3846 der
1816 3786 2025 3846 verheirateten
2067 3788 2180 3848 Dame,
2204 3789 2235 3849 da
2273 3787 2308 3847 ist
2336 3787 2386 3847 das

236 3822 439 3882 unbewußter
457 3823 567 3883 Ironie
590 3825 776 3885 darstellten,
794 3825 842 3885 das
869 3825 913 3885 bei
935 3825 975 3885 ihm
1019 3826 1086 3886 aber
1108 3827 1165 3887 mit
1188 3827 1267 3887 einem

1350 3828 1536 3888 „dreieckige“
1573 3828 1755 3888 Verhältnis
1792 3830 1820 3890 in
1862 3830 1913 3890 der
1941 3831 2020 3891 Ehe,
2049 3831 2081 3891 da
2118 3831 2178 3891 sind
2212 3829 2253 3889 die
2281 3830 2379 3890 beiden

242 3867 400 3927 skeptischen
432 3867 627 3927 Künstlertum
686 3869 858 3929 geschildert
900 3870 990 3930 wird.
1040 3869 1108 3929 Das
1140 3870 1280 3930 Schicksal

1357 3872 1502 3932 Freunde,
1521 3870 1561 3930 die
1589 3872 1684 3932 beiden
1717 3873 1853 3933 Gegner,
1871 3873 1903 3933 da
1936 3873 1971 3933 ist
1990 3873 2039 3933 der
2063 3874 2149 3934 Liebe
2177 3875 2259 3935 kurze
2286 3874 2390 3934 Selig¬

243 3909 329 3969 spielt
352 3908 410 3968 mit
429 3909 505 3969 uns,
524 3911 578 3971 wir
601 3911 710 3971 spielen
746 3912 832 3972 unser
860 3912 973 3972 Leben:
1010 3914 1068 3974 „Es
1096 3914 1204 3974 fließen
1236 3912 1281 3972 in¬

1348 3914 1397 3974 keit
1425 3914 1479 3974 und
1512 3917 1598 3977 lange
1625 3918 1729 3978 Oaul,
1748 3918 1779 3978 ist
1803 3918 1848 3978 die
1871 3918 2030 3978 Hoffnung
2057 3921 2111 3981 auf
2139 3920 2189 3980 das
2221 3919 2293 3979 Kind
2326 3918 2380 3978 und

243 3951 387 4011 einander
410 3951 511 4011 Traum
551 3954 608 4014 und
635 3954 772 4014 Wachen,
794 3954 948 4014 Wahrheit
975 3955 1028 4015 und
1055 3956 1151 4016 Lüge.
1165 3957 1283 4017 Sicher¬

1348 3957 1397 4017 das
1421 3960 1544 4020 Grauen
1580 3960 1625 4020 vor
1654 3960 1703 4020 dem
1745 3960 1845 4020 Alter,
1863 3963 1895 4023 ist
1918 3963 2013 4023 Duell
2037 3963 2096 4023 und
2119 3962 2196 4022 Tod.
2224 3962 2383 4022 Schnitzler

241 3993 303 4053 heit
325 3995 360 4055 ist
391 3995 550 4055 nirgends.
591 3995 661 4055 Wir
697 3997 790 4057 wissen
825 3998 913 4058 nichts
941 3998 993 4058 von
1020 3998 1170 4058 anderen,
1193 3997 1281 4057 nichts

1348 4001 1434 4061 schlug
1466 4001 1539 4061 diese
1571 4001 1743 4061 Leitmotive
1776 4004 1848 4064 schon
1880 4004 1907 4064 in
1944 4007 2039 4067 seinen
2071 4007 2157 4067 ersten
2194 4004 2376 4064 Dichtungen

240 4038 289 4098 von
322 4040 398 4100 ur3,
417 4041 471 4101 wir
494 4040 602 4100 spielen
635 4040 707 4100 alle,
725 4040 779 4100 wer
803 4040 834 4100 es
862 4042 952 4102 weiß,
970 4040 1006 4100 ist
1025 4041 1106 4101 klug,
1143 4042 1224 4102 heißt
1247 4040 1278 4100 es

1347 4046 1395 4106 an,
1412 4047 1466 4107 hat
1488 4049 1520 4109 sie
1543 4049 1569 4109 in
1597 4049 1749 4109 „Anatol"
1771 4051 1830 4111 und
1858 4052 2020 4112 „Liebelei"
2048 4052 2118 4112 reich
2146 4051 2199 4111 und
2222 4046 2378 4106 dichterisch

2462 1336 2631 1396 entwickelt.
2665 1336 2705 1396 In
2734 1334 2885 1394 „Reigen"
2915 1333 2965 1393 hat
2994 1335 3039 1395 der
3062 1336 3192 1396 erotische
3215 1340 3355 1400 Pessimism

2458 1377 2564 1437 jungen
2593 1376 2727 1436 Dichters
2757 1374 2852 1434 seinen
2887 1374 3017 1434 stärksten
3051 1374 3200 1434 Ausdruck
3224 1380 3373 1440 gefunden,

2460 1419 2493 1479 ein
2528 1421 2779 1481 melancholischer
2813 1419 3001 1479 „Totentanz
3031 1417 3079 1477 der
3113 1419 3229 1479 Liebe".
3258 1422 3311 1482 Die
3336 1422 3374 1482 Te

2460 1464 2591 1524 dramen,
2615 1466 2657 1526 die
2686 1464 2742 1524 nun
2780 1464 2912 1524 folgten,
2936 1463 3091 1523 widmete,
3125 1462 3171 1522 sich
3201 1463 3247 1523 der
3276 1464 3374 1524 Gesellf

2458 1506 2537 1566 kritik
2582 1506 2641 1566 und
2686 1506 2794 1566 fanden
2849 1503 2913 1563 ihre
2963 1502 3051 1562 höher
3096 1503 3225 1563 stehende
3255 1508 3377 1568 Fortsetzy

2458 1548 2568 1608 Werken
2598 1551 2650 1611 wie
2675 1548 2935 1608 „Zwischenspiel"
2960 1548 3017 1608 und
3042 1548 3123 1608 „Das
3148 1547 3229 1607 weite
3249 1549 3354 1609 Land“,

2463 1592 2616 1652 modernen
2659 1592 2855 1652 Gesellschaft
2894 1589 3014 1649 wirklich
3058 1589 3143 1649 einen
3187 1592 3374 1652 Sittenspiege

2456 1637 2570 1697 halten.
2600 1637 2669 1697 Hier
2699 1637 2777 1697 erlag
2808 1636 2857 1696 der
2887 1634 3020 1694 Dichter,
3040 1634 3129 1694 dessen
3164 1634 3267 1694 passive
3293 1637 3361 1697 Sker

2460 1682 2664 1742 dramatischen
2696 1682 2891 1742 Spannkraft
2915 1679 3083 1739 entbehrte,
3106 1676 3251 1736 bisweilen
3283 1679 3324 1739 dem
3356 1681 3360 1741 E

2460 1727 2526 1787 nach
2560 1725 2623 1785 rein
2661 1724 2882 1784 theatralischer
2911 1722 3069 1782 Wirkung,
3098 1721 3141 1781 die
3180 1722 3223 1782 ihm
3262 1724 3290 1784 am
3329 1724 3357 1784 be

2463 1769 2605 1829 „Grünen
2654 1769 2791 1829 Kakadu"
2840 1769 2987 1829 gelungen
3036 1765 3085 1825 ist.
3124 1766 3197 1826 Auch
3242 1766 3359 1826 seines

2463 1810 2666 1870 Berufsstücke,
2690 1811 2743 1871 das
2773 1810 2985 1870 Aerztedrama
3025 1810 3193 1870 „Professor
3223 1810 3363 1870 Bernhard

2463 1854 2500 1914 die
2538 1854 2731 1914 mißlungene
2765 1852 3124 1912 Journalistenkomödie
3157 1849 3246 1909 „Fink
3280 1849 3331 1909 und

2461 1897 2575 1957 busch",
2599 1897 2656 1957 sind
2681 1897 2761 1957 reine
2790 1896 3024 1956 Theaterstücke.
3053 1891 3191 1951 Größere
3220 1892 3363 1952 Aufgaben

2460 1942 2487 2002 er
2520 1942 2566 2002 sich
2605 1939 2632 1999 in
2670 1939 2721 1999 den
2754 1939 2871 1999 Werken
2904 1940 2983 2000 „Der
3012 1936 3147 1996 Schleier
3175 1936 3221 1996 der
3246 1936 3371 1996 Beatrice

2463 1987 2541 2047 „Der
2565 1983 2653 2043 junge
2682 1983 2886 2043 Medardus",
2915 1980 2961 2040 die
2990 1980 3040 2040 zur
3074 1980 3194 2040 „großen
3223 1978 3362 2038 Tragödie

2460 2028 2583 2088 streben.
2624 2027 2701 2087 Aber
2738 2027 2838 2087 weder
2879 2025 2924 2085 die
2957 2025 3088 2085 Historie
3130 2023 3189 2083 noch
3226 2023 3271 2083 die
3298 2021 3366 2081 dran

2465 2073 2671 2133 Architektonik
2704 2073 2803 2133 waren
2847 2073 2920 2133 seine
2958 2070 3053 2130 starke
3085 2070 3185 2130 Seite.
3217 2067 3264 2127 So
3291 2069 3354 2129 wun
