3248 4352
197 163 270 223 ici
302 165 412 225 pocti
438 165 462 225 in
500 164 610 224 Peter
648 168 876 228 Altenberg,

196 213 425 273 pnannstahl
441 213 455 273 e
475 213 619 273 Arthur
645 216 883 276 Schnitzler:

196 264 240 324 je,
258 262 319 322 con
351 261 581 321 Schnitzler,
604 263 616 323 e
648 264 865 324 scomparso

203 310 420 370 ruppetto.
456 309 653 369 Cresciuti
688 312 782 372 nell'
792 314 870 374 am-

205 356 340 416 eresse
369 358 519 418 politico
547 359 749 419 formatosi
768 362 861 422 dopo

210 407 241 467 ri
258 405 315 465 del
332 404 406 464 ’66,
423 407 630 467 Altenberg
657 409 667 469 e
694 408 869 468 Schnitz-

248 455 316 515 una
367 454 509 514 Vienna
556 457 657 517 spint
717 457 873 517 versoi

218 502 325 562 verso
354 503 611 563 l'esaltazione
645 504 737 564 della
776 506 869 566 fem¬

236 552 353 612 voglia
394 553 435 613 di
461 553 707 613 dimenticare
738 553 752 613 i
778 555 870 615 pro¬

194 599 287 659 vvano
322 601 386 661 sui
412 601 555 661 destini
580 601 643 661 dei
673 604 821 664 popoli,
846 607 860 667 o

208 649 247 709 ità
288 649 328 709 di
354 649 576 709 affrontarli
612 649 627 709 e
663 652 869 712 risolverli.

204 700 311 760 sognò
336 697 457 757 invece
481 700 541 760 una
565 700 682 760 nobile
706 701 856 761 Austria

197 748 282 808 vano
313 748 327 808 i
358 748 419 808 tre
460 748 601 808 affinità
647 751 869 811 molteplici.

215 798 385 858 analogia
413 798 469 858 tra
491 798 521 858 la
548 798 609 858 fine
636 798 677 858 di
693 801 869 861 Schnitz¬

202 846 238 906 di
266 846 599 906 Hofmannstahl?
631 849 863 909 Hofmanns¬

210 896 245 956 di
277 897 535 957 crepacuore,
556 897 617 957 nel
649 899 762 959 luglio
799 900 865 960 del

214 945 456 1005 impressione
502 945 565 1005 del
600 947 754 1007 suicidio
804 948 867 1008 del

197 994 288 1054 vane
332 994 539 1054 perdutosi
574 995 636 1055 nel
671 998 863 1058 ginepraio

193 1043 430 1103 quotidiana,
466 1043 572 1103 assai
608 1043 754 1103 diverso
800 1046 865 1106 dal

208 1093 315 1153 nella
354 1094 483 1154 serena
522 1094 603 1154 easa
638 1094 819 1154 paterna,
845 1094 857 1154 e

194 1142 304 1202 diaca
333 1142 376 1202 ha
405 1142 519 1202 ueciso
549 1142 663 1202 anche
688 1144 864 1204 Schnitz¬

189 1192 233 1252 ni
253 1189 406 1249 rimasto
432 1190 460 1250 in
486 1190 609 1250 attesa
639 1192 703 1252 del
757 1192 861 1252 suo,

190 1240 340 1300 focando
382 1240 407 1300 il
438 1241 568 1301 dolore
610 1240 869 1300 cagionatogli

204 1289 324 1349 d’una
373 1291 470 1351 figlia
521 1291 776 1351 dilettissima.
815 1291 858 1351 Se

238 1339 389 1399 giovane
440 1339 648 1399 contemplò
700 1339 729 1399 la
776 1341 861 1401 bef¬

196 1390 249 1450 era
289 1389 351 1449 con
383 1389 670 1449 accoramento,
688 1389 861 1449 Schnitz¬

205 1437 298 1497 visto
326 1437 419 1497 nella
448 1439 565 1499 morte
603 1437 616 1497 e
640 1440 855 1500 nell'amore

181 1488 219 1548 pi
244 1488 334 1548 fatti
359 1488 508 1548 umani:
532 1488 546 1548 a
585 1488 786 1548 conoscere
825 1490 854 1550 la

191 1539 234 1599 a,
263 1539 301 1599 di
324 1538 468 1598 leggeri
496 1536 529 1596 si
552 1536 646 1596 vede
674 1539 735 1599 che
768 1538 862 1598 l'in¬

188 1583 462 1643 ostantemente
500 1586 625 1646 amore
667 1586 683 1646 e
725 1588 862 1648 morte.

186 1636 240 1696 ahl
265 1634 383 1694 aveva
419 1634 512 1694 nelle
548 1636 636 1696 vene
671 1633 686 1693 —
735 1634 765 1694 il
790 1637 858 1697 che

198 1684 391 1744 austriaco
431 1681 444 1741 —
498 1685 638 1745 sangue
678 1685 717 1745 di
753 1685 854 1745 varie

186 1736 205 1796 a
245 1733 463 1793 compresa.
488 1733 602 1793 Peter
637 1734 868 1794 Altenberg,

185 1783 271 1843 entù
310 1780 424 1840 aveva
459 1780 626 1840 studiato
660 1783 866 1843 medicina,

188 1830 296 1890 sione
329 1829 427 1889 delle
460 1831 595 1891 lettere
629 1831 645 1891 e
678 1831 710 1891 la
738 1834 857 1894 mania

204 1881 302 1941 sotto
338 1882 455 1942 forma
491 1882 529 1942 di
555 1882 707 1942 schizzi,
727 1882 756 1942 la
792 1880 855 1940 ro¬

194 1930 450 1990 vindobonese
490 1930 622 1990 furono
662 1930 716 1990 più
766 1933 863 1993 forti

199 1978 396 2038 scientifica
428 1979 437 2039 e
469 1979 562 2039 dello
589 1980 718 2040 spirito
750 1980 859 2040 d’ab¬

218 2026 391 2086 avrebbe
430 2028 473 2088 da
517 2029 676 2089 esistere
720 2031 748 2091 in
797 2031 864 2091 chi

178 2076 298 2136 crarsi
317 2077 389 2137 alla
418 2078 504 2138 cura
534 2079 596 2139 dei
616 2079 701 2139 mali
726 2079 865 2139 nostri.

183 2127 338 2187 nitzler,
364 2127 421 2187 lui
447 2127 540 2187 pure
572 2129 706 2189 ebreo,
728 2130 852 2190 studiò

182 2177 332 2237 dicina:
353 2177 514 2237 siccome
545 2178 575 2238 il
600 2177 736 2237 padre,
762 2176 857 2236 Gio¬

177 2225 244 2285 ore
284 2225 357 2285 all'
369 2225 590 2285 Università
624 2227 663 2287 di
692 2228 862 2288 Vienna,

177 2276 277 2336 ologo
313 2275 353 2335 di
384 2276 535 2336 valore.
561 2276 778 2336 laureatosi
803 2278 853 2338 in¬

175 2324 367 2384 psercitare
397 2326 426 2386 la
452 2324 708 2384 professione.
729 2327 797 2387 Fra
833 2327 861 2387 il

172 2374 242 2434 92,
262 2376 292 2436 il
318 2374 448 2434 futuro
479 2374 686 2434 novelliere
712 2374 726 2434 e
757 2376 857 2436 com¬

169 2422 324 2482 jubblicò
371 2422 402 2482 in
449 2425 578 2485 riviste
625 2425 853 2485 scientisiche

158 2472 281 2532 sioni
302 2473 349 2533 di
375 2473 489 2533 opere
526 2473 562 2533 di
593 2473 805 2533 medicina:
832 2476 862 2536 si

172 2523 304 2583 tologia
336 2524 352 2584 e
390 2524 623 2584 psicopatia,
639 2526 851 2586 dell'igiene

171 2568 219 2628 lle
253 2571 310 2631 sue
350 2571 605 2631 conseguenze
639 2574 778 2634 etiche.

167 2616 176 2676 p
218 2619 436 2679 Schnitzler
468 2622 623 2682 debuttò
660 2622 722 2682 nel
754 2624 862 2684 1889,

167 2667 199 2727 la
244 2670 277 2730 Il
311 2670 377 2730 mio
411 2673 522 2733 amico
562 2674 611 2734 Y,
634 2673 850 2733 pubblicata

186 2721 233 2781 An
271 2719 327 2779 der
365 2719 506 2779 schönen
549 2721 666 2781 blauen
718 2724 859 2784 Donau,

161 2768 227 2828 cui
249 2767 294 2827 da
326 2768 450 2828 tempo
487 2768 533 2828 s’è
570 2771 730 2831 perduto
767 2769 854 2829 per¬

154 2816 197 2876 o.
226 2817 298 2877 Per
332 2819 485 2879 quattro
520 2817 615 2877 anni
644 2819 807 2879 ancora,
832 2822 860 2882 il

156 2867 178 2927 jo
215 2867 387 2927 continuò
429 2869 465 2929 ad
502 2867 624 2927 essere
652 2870 851 2930 assistente

211 2918 430 2978 Policlinico
471 2918 485 2978 e
527 2918 562 2978 fu
604 2918 751 2978 iscritto
798 2921 858 2981 nei

165 2965 278 3025 nedici
309 2965 469 3025 militari
496 2968 593 3028 della
630 2968 795 3028 riserva.
821 2968 857 3028 Il

157 3016 275 3076 phann
320 3016 557 3076 Schnitzler,
592 3019 690 3079 come
730 3016 853 3076 aveva

208 3067 263 3127 per
299 3067 329 3127 la
365 3067 496 3127 strada
533 3067 628 3127 sulla
660 3067 771 3127 quale
807 3067 862 3127 lui

157 3113 236 3173 Jeva
271 3115 400 3175 felice,
420 3115 514 3175 cosi,
530 3115 594 3175 nel
614 3116 673 3176 suo
709 3118 851 3178 salotto

159 3162 196 3222 la
234 3162 383 3222 artisti,
412 3165 712 3225 commercianti,
736 3165 857 3225 avvo¬

155 3215 207 3275 ri,
237 3213 414 3273 insomma
459 3216 501 3276 da
545 3216 670 3276 quella
709 3216 848 3276 società

163 3264 208 3324 he
254 3261 416 3321 qualche
463 3264 559 3324 anno
605 3264 783 3324 addietro
829 3265 864 3325 si

161 3315 174 3375 a
210 3312 432 3372 incontrare
468 3313 561 3373 nelle
588 3315 668 3375 case
699 3315 854 3375 rimaste

154 3362 355 3422 adizioni,
380 3362 494 3422 aveva
539 3363 634 3423 fatto
673 3365 855 3425 conoscer

177 3410 369 3470 austriaco
399 3413 492 3473 della
532 3413 611 3473 fase
641 3413 848 3473 tranquilla

171 3460 384 3520 Francesco
420 3462 638 3522 Giuseppe.
659 3462 708 3522 Se
738 3464 767 3524 le
792 3464 856 3524 ca¬

161 3506 191 3566 66
228 3511 372 3571 tolsero
409 3509 444 3569 ai
471 3512 641 3572 viennesi
672 3515 791 3575 voglia
827 3513 847 3573 o

194 3559 253 3619 far
293 3559 470 3619 politica,
501 3559 604 3619 tanto
649 3564 861 3624 maggiore,

191 3607 220 3667 la
265 3610 383 3670 spinta
429 3610 537 3670 verso
577 3610 606 3670 la
642 3610 720 3670 gaia
755 3610 858 3670 vita:

162 3655 260 3715 dall'
271 3660 511 3720 Imperatore
546 3658 585 3718 un
620 3661 728 3721 vasto
763 3660 851 3720 pro¬

155 3709 268 3769 opere
315 3709 542 3769 pubbliche,
573 3709 635 3769 che
677 3709 785 3769 diede
827 3710 857 3770 il

152 3759 207 3819 Fa,
229 3758 256 3818 il
290 3757 573 3817 Burgtheater,
602 3758 629 3818 il
662 3759 856 3819 Rathaus,

152 3807 176 3867 to
217 3807 232 3867 e
273 3807 288 3867 i
324 3807 466 3867 grandi
497 3807 633 3867 musei,
654 3807 689 3867 lo
725 3807 846 3867 stesso

155 3855 302 3915 apitale
335 3855 465 3915 s’andò
498 3855 721 3915 cambiando
749 3857 857 3917 rapi¬

189 3904 346 3964 taverne
386 3904 430 3964 di
460 3906 607 3966 artisti,
638 3906 666 3966 le
706 3906 848 3966 osterie

156 3950 319 4010 l'Hôtel
348 3953 495 4013 Sacher
536 3953 597 4013 (da
638 3956 682 4016 un
723 3953 846 4013 perito

157 4006 216 4066 ggi
249 4004 460 4064 dichiarato
504 4001 547 4061 di
570 4004 699 4064 valore
733 4004 856 4064 nullo,

154 4053 283 4113 nparsa
327 4052 355 4112 la
404 4052 634 4112 Monarchia
673 4054 692 4114 e
726 4054 845 4114 morta

930 154 1078 214 landosi
1103 157 1164 217 con
1203 158 1294 218 tutti
1318 160 1332 220 e
1366 162 1552 222 unendosi
1572 162 1634 222 con
1668 159 1792 219 pochi.
1817 159 1898 219 Nel

936 203 1038 263 190i,
1062 204 1075 264 a
1113 204 1247 264 motivo
1281 208 1378 268 della
1411 210 1555 270 novella
1597 210 1769 270 Leulnant
1793 210 1899 270 Guall

1007 252 1034 312 in
1082 253 1263 313 italiano:
1301 258 1333 318 Il
1366 259 1581 319 ooltotenente
1619 258 1801 318 Cuslavino
1839 258 1894 318 —,

928 299 1016 359 dové
1051 301 1258 361 rinunziare
1293 307 1332 367 al
1358 309 1470 369 grado
1500 308 1540 368 di
1555 306 1717 366 ufficiale
1752 306 1890 366 medico

928 348 1016 408 deila
1047 349 1211 409 riserva,
1224 354 1291 414 per
1313 355 1401 415 aver
1424 356 1552 416 seritto
1584 354 1645 414 con
1672 358 1805 418 troppo
1836 354 1893 414 ve¬

927 395 1053 455 rismo.
1082 398 1213 458 Mezzo
1246 401 1390 461 secolo,
1410 406 1475 466 non
1513 404 1611 464 tutto
1640 404 1677 464 di
1696 404 1808 464 gioie,
1823 404 1888 464 non

927 446 986 506 era
1016 446 1167 506 bastato
1202 449 1216 509 a
1251 452 1422 512 demolire
1452 455 1476 515 in
1506 453 1658 513 Austria
1693 452 1722 512 lo
1757 452 1884 512 spirito

929 494 1083 554 militare
1115 497 1155 557 di
1177 498 1306 558 casta,
1327 503 1342 563 e
1373 504 1430 564 gli
1461 503 1596 563 eretici
1632 503 1781 563 banditi
1808 503 1890 563 dal¬

930 544 1109 604 l'esercito
1146 545 1274 605 furono
1311 551 1506 611 parecchi.
1528 551 1708 611 Leulnant
1724 551 1826 611 Guoll
1852 551 1883 611 fu

922 592 1104 652 giudicato
1139 597 1365 657 oltraggioso
1396 600 1460 660 per
1485 601 1514 661 la
1539 601 1667 661 casta,
1687 601 1810 661 sicché
1845 601 1884 661 un

923 641 1016 701 giuri
1037 643 1189 703 d’onore
1214 645 1243 705 fu
1273 648 1475 708 incaricato
1501 649 1540 709 di
1565 649 1786 709 esaminarlo
1816 649 1830 709 e
1856 650 1894 710 di

923 690 1114 750 decidere.
1138 694 1348 754 Schnitzler
1377 698 1444 758 non
1483 700 1511 760 si
1540 697 1736 757 presentò,
1760 699 1889 759 conte¬

924 739 1052 799 stando
1087 740 1111 800 la
1151 744 1382 804 competenza
1417 748 1673 808 dell’istanza,
1698 749 1713 809 e
1743 750 1772 810 il
1797 748 1895 808 giuri

917 2327 1148 2387 vendicativo
1184 2329 1234 2389 gli
1255 2330 1421 2390 contestò
1447 2330 1472 2390 il
1492 2330 1618 2390 diritto
1649 2330 1688 2390 di
1704 2330 1875 2390 rivestire

921 2377 1141 2437 l'uniforme.
1161 2377 1223 2437 “In
1252 2378 1333 2438 ogni
1348 2379 1463 2439 classe
1487 2380 1621 2440 sociale
1645 2380 1660 2440 —
1699 2380 1827 2440 scrisse
1852 2381 1875 2441 in

919 2425 1006 2485 quei
1022 2425 1140 2485 giorni
1156 2426 1357 2486 Schnitzler
1384 2428 1398 2488 a
1425 2429 1466 2489 un
1497 2431 1621 2491 critico
1647 2431 1709 2491 che
1730 2431 1781 2491 gli
1797 2430 1879 2490 rim¬

919 2475 1124 2535 proverava
1150 2476 1286 2536 l'offesa
1311 2477 1397 2537 fatta
1428 2479 1493 2539 alla
1518 2479 1634 2539 Corte
1659 2481 1825 2541 d'onore,

916 2524 1021 2584 esiste
1055 2525 1098 2585 un
1132 2527 1218 2587 gran
1257 2527 1400 2587 numero
1439 2528 1477 2588 di
1506 2530 1611 2590 bassi
1635 2530 1836 2590 individui,
1861 2530 1875 2590 e

912 2571 939 2631 io
976 2574 1039 2634 non
1076 2574 1266 2634 riconosco
1303 2577 1316 2637 a
1348 2577 1508 2637 nessuna
1540 2577 1662 2637 classe
1694 2577 1721 2637 il
1749 2577 1871 2637 diritto

914 2622 955 2682 di
979 2624 1142 2684 proibire
1180 2624 1240 2684 che
1278 2626 1403 2686 questa
1446 2628 1725 2688 constatazione
1763 2629 1874 2689 venga

912 2673 1025 2733 fatta.
1061 2673 1144 2733 Nel
1179 2673 1248 2733 mio
1293 2676 1371 2736 caso
1422 2679 1619 2739 specifico,
1649 2676 1782 2736 vorrei
1817 2679 1880 2739 poi

916 2724 1068 2784 mettere
1094 2724 1123 2784 in
1153 2724 1276 2784 rilievo
1301 2724 1360 2784 che
1385 2725 1409 2785 il
1429 2727 1493 2787 mio
1518 2727 1636 2787 Gustl
1656 2727 1670 2787 è
1696 2727 1735 2787 un
1760 2727 1873 2787 bravo

912 2771 1089 2831 ragazzo,
1114 2772 1286 2832 guastato
1321 2774 1482 2834 soltanto
1517 2774 1581 2834 dai
1606 2775 1817 2835 pregiudizł
1842 2774 1881 2834 di

916 2822 1037 2882 casta,
1061 2822 1112 2882 ma
1145 2822 1206 2882 che
1239 2822 1304 2882 col
1327 2824 1444 2884 tempo
1473 2825 1655 2885 potrebbe
1683 2825 1879 2885 diventare

917 2870 955 2930 un
989 2870 1161 2930 valoroso
1200 2870 1214 2930 e
1248 2873 1358 2933 bravo
1392 2876 1627 2936 ufficiale....„
1665 2874 1684 2934 E
1733 2874 1871 2934 avendo

916 2921 940 2981 lo
980 2921 1097 2981 stesso
1127 2921 1279 2981 critico,
1299 2924 1353 2984 più
1388 2926 1510 2986 tardi,
1526 2924 1618 2984 fatto
1648 2924 1775 2984 notare
1805 2924 1874 2984 allo

916 2968 1088 3028 scrittore
1122 2968 1189 3028 che
1228 2971 1371 3031 oramai
1406 2973 1482 3033 egli
1516 2973 1606 3033 s’era
1651 2972 1799 3032 esposto
1842 2971 1880 3031 al

914 3016 1046 3076 rischio
1081 3019 1120 3079 di
1145 3019 1209 3079 non
1244 3022 1395 3082 vedersi
1426 3022 1646 3082 ricambiato
1687 3022 1716 3082 il
1741 3022 1883 3082 saluto,

910 3068 1117 3128 Schnitzler
1153 3070 1320 3130 replicò:
1346 3070 1361 3130 “
1381 3070 1416 3130 Il
1447 3073 1513 3133 suo
1549 3072 1680 3132 timore
1716 3073 1777 3133 che
1813 3073 1873 3133 ora

914 3118 945 3178 ci
973 3118 1131 3178 possano
1163 3118 1285 3178 essere
1317 3121 1476 3181 persone
1517 3121 1544 3181 le
1590 3121 1693 3181 quali
1726 3121 1793 3181 non
1830 3119 1879 3179 ri¬

916 3165 1103 3225 spondano
1137 3168 1175 3228 al
1200 3168 1267 3228 mio
1301 3171 1421 3231 saluto
1455 3171 1469 3231 è
1504 3168 1724 3228 infondato.
1759 3168 1797 3228 lo
1840 3168 1873 3228 so

912 3216 1104 3276 benissimo
1139 3216 1153 3276 a
1188 3217 1251 3277 chi
1276 3218 1389 3278 debba
1429 3222 1483 3282 far
1518 3222 1660 3282 l’onore
1705 3219 1744 3279 di
1774 3218 1876 3278 salu¬

911 3265 989 3325 tare
1026 3267 1091 3327 per
1124 3267 1234 3327 primo
1262 3272 1294 3332 „.

964 3362 1013 3422 La
1058 3365 1284 3425 produzione
1329 3368 1526 3428 letteraria
1571 3365 1585 3425 e
1635 3365 1797 3425 teatrale
1842 3365 1880 3425 di

917 3412 1119 3472 Schnitzler
1149 3413 1163 3473 è
1198 3416 1435 3476 vastisima:
1470 3416 1731 3476 settantenne,
1757 3415 1830 3475 egli
1855 3415 1870 3475 è

917 3461 1028 3521 morto
1057 3464 1197 3524 avendo
1226 3464 1398 3524 lavorato
1432 3467 1543 3527 quasi
1576 3464 1641 3524 sino
1680 3466 1871 3526 all'ultimo

909 3512 1086 3572 momento
1124 3515 1217 3575 della
1251 3516 1311 3576 sua
1344 3518 1443 3578 vita.
1471 3517 1522 3577 La
1560 3515 1789 3575 segretaria,
1813 3513 1873 3573 ar¬

916 3559 1063 3619 rivando
1098 3563 1225 3623 all’ora
1260 3565 1392 3625 solita,
1407 3568 1475 3628 l’ha
1506 3564 1593 3624 visto
1623 3565 1785 3625 esanime
1810 3562 1873 3622 da¬

916 3610 1019 3670 vanti
1039 3611 1108 3671 alla
1138 3613 1339 3673 scrivania.
1354 3616 1433 3676 Nei
1453 3613 1615 3673 cassetti
1640 3615 1679 3675 ha
1714 3613 1871 3673 lasciato

912 3658 946 3718 un
992 3661 1134 3721 diario,
1164 3664 1285 3724 chiuso
1327 3664 1392 3724 nel
1428 3665 1539 3725 1899,
1565 3664 1610 3724 da
1651 3664 1873 3724 pubblicare

900 3711 1043 3771 appena
1083 3712 1138 3772 fra
1173 3715 1376 3775 vent’anni,
1401 3715 1440 3775 un
1480 3715 1599 3775 altro,
1624 3714 1688 3774 del
1719 3712 1871 3772 periodo

911 3756 1141 3816 successivo,
1166 3760 1208 3820 da
1252 3762 1472 3822 pubblicare
1511 3762 1563 3822 fra
1607 3762 1880 3822 quarant'anni

913 3804 938 3864 (e
975 3807 1155 3867 nessuno,
1171 3810 1227 3870 nel
1254 3813 1481 3873 frattempo,
1502 3813 1589 3873 avrà
1626 3810 1651 3870 il
1678 3810 1802 3870 diritto
1838 3810 1879 3870 di

913 3858 1097 3918 leggerli),
1119 3861 1447 3921 un’autobiograsia
1479 3861 1537 3921 che
1564 3858 1654 3918 deve
1681 3858 1865 3918 anch'essa

913 3905 1023 3965 veder
1043 3906 1073 3966 la
1099 3907 1174 3967 luce
1194 3912 1335 3972 appena
1360 3912 1410 3972 fra
1441 3912 1591 3972 quattro
1622 3909 1747 3969 lustri,
1763 3909 1868 3969 scene

907 3953 947 4013 di
974 3954 1014 4014 un
1051 3956 1210 4016 dramma
1247 3960 1308 4020 del
1335 3961 1453 4021 tempo
1484 3962 1540 4022 dei
1562 3956 1881 4016 lanzichenecchi,

910 4002 976 4062 una
1018 4007 1218 4067 commedia
1255 4009 1326 4069 dal
1353 4010 1465 4070 titolo
1507 4010 1553 4070 La
1595 4007 1733 4067 parola,
1765 4007 1872 4067 brani

908 4053 987 4113 d'un
1023 4056 1219 4116 romanzo,
1239 4061 1349 4121 molte
1375 4061 1540 4121 novelle,
1561 4058 1686 4118 scritte
1722 4058 1746 4118 in
1782 4057 1872 4117 epo¬

1953 162 2074 222 riodo,
2103 165 2312 225 l'interesse
2349 169 2419 229 per
2450 171 2599 231 l'opera
2630 174 2650 234 e
2687 174 2708 234 m

1950 213 2084 273 diretta
2123 216 2392 276 dell'interesse
2421 219 2483 279 che
2512 219 2574 279 per
2599 222 2627 282 il
2647 221 2795 281 periodo
2834 222 2911 282 sarà

1951 261 2110 321 nutrito.
2134 264 2266 324 Anatol
2294 265 2307 325 è
2339 267 2371 327 la
2408 270 2604 330 commedia
2641 270 2710 330 del
2733 270 2920 330 gaudente

1953 309 2099 369 scapolo
2127 312 2296 372 viennese
2320 315 2581 375 (personaggio
2609 318 2801 378 stritolato
2830 321 2920 381 dalla

1951 356 2039 416 crisi
2058 359 2293 419 economica)
2312 361 2373 421 che
2401 362 2459 422 con
2490 365 2623 425 somma
2651 368 2788 428 facilità
2815 368 2922 428 trova

1953 406 2067 466 donne
2107 408 2271 468 disposte
2316 410 2328 470 a
2374 413 2630 473 contemplare
2674 414 2700 474 la
2746 416 2816 476 vita
2856 416 2917 476 con

1954 455 2037 515 pari
2075 458 2293 518 ottimismo,
2327 461 2368 521 un
2410 461 2596 521 gaudente
2643 461 2708 521 per
2746 462 2773 522 il
2806 466 2913 526 quale

1952 503 1981 563 la
2017 506 2132 566 vigilia
2168 508 2232 568 del
2258 509 2489 569 matrimonio
2525 511 2539 571 è
2575 512 2700 572 giorno
2736 512 2775 572 di
2801 514 2921 574 lutto:

1950 553 2123 613 metterlo
2167 557 2252 617 oggi
2287 556 2315 616 in
2359 557 2465 617 scena
2509 559 2672 619 significa
2716 562 2922 622 affrontare

1980 604 2100 664 rischi
2125 604 2188 664 che
2222 605 2387 665 gravano
2426 607 2518 667 sulle
2547 610 2750 670 commedie
2785 610 2823 670 di
2848 612 2925 672 fat¬

1955 652 2031 712 tura
2075 652 2139 712 non
2180 655 2328 715 recente
2365 655 2377 715 e
2413 656 2478 716 non
2514 658 2647 718 ancora
2683 658 2912 718 abbastanza

1950 700 2093 760 antica.
2118 705 2395 765 Problematici
2426 706 2534 766 sono,
2560 707 2658 767 della
2699 708 2925 768 produzione

1954 751 2113 811 teatrale
2144 752 2211 812 del
2237 753 2411 813 defunto,
2438 756 2561 816 Reigen
2602 756 2730 816 (Ballo
2772 754 2797 814 in
2839 756 2921 816 cer¬

1952 798 2052 858 chio)
2090 798 2105 858 e
2154 801 2190 861 Il
2223 804 2397 864 projesoor
2441 804 2652 864 Bernbardi,
2690 804 2817 864 lavori
2855 807 2918 867 che

1950 849 2072 909 hanno
2107 850 2289 910 ambienti
2314 852 2446 912 affatto
2481 852 2692 912 differenti.

1995 903 2143 963 Reigen,
2158 903 2278 963 ch’era
2303 906 2436 966 pronto
2466 906 2509 966 da
2533 906 2677 966 tempo,
2692 908 2807 968 venne
2831 908 2917 968 rap¬

1948 950 2166 1010 presentato
2205 952 2241 1012 ai
2261 953 2559 1013 Kammerspiele
2587 955 2755 1015 viennesi
2774 956 2914 1016 appena

1950 998 2009 1058 nel
2039 1001 2146 1061 1920,
2171 1001 2244 1061 cioè
2289 1002 2303 1062 a
2348 1004 2421 1064 dire
2466 1004 2764 1064 nell’immediato
2799 1005 2917 1065 dopo¬

1948 1049 2107 1109 guerra:
2130 1049 2162 1109 in
2199 1052 2312 1112 verità
2349 1052 2376 1112 in
2413 1052 2664 1112 nessun'altra
2701 1055 2814 1115 epoca
2851 1055 2915 1115 una

1950 1097 2062 1157 simile
2094 1101 2453 1161 rappresentazione
2485 1103 2652 1163 avrebbe
2689 1106 2820 1166 potuto
2861 1103 2919 1163 es¬

1944 1147 2025 1207 sere
2059 1147 2236 1207 tollerata
2280 1147 2294 1207 e
2337 1150 2404 1210 del
2438 1150 2538 1210 resto
2582 1153 2697 1213 anche
2731 1153 2754 1213 in
2793 1153 2912 1213 quella

2019 1198 2217 1258 corrotta,
2248 1198 2265 1258 e
2304 1201 2602 1261 caratterizzata
2646 1201 2689 1261 da
2737 1201 2917 1261 tendenze

1943 1244 2101 1304 teatrali
2136 1249 2423 1309 rivoluzionarie
2468 1249 2568 1309 sotto
2602 1251 2780 1311 l’aspetto
2819 1251 2914 1311 etico

1944 1294 2040 1354 come
2074 1296 2169 1356 sotto
2199 1297 2227 1357 il
2242 1297 2391 1357 politico
2425 1297 2439 1357 —
2487 1298 2516 1358 le
2540 1297 2641 1357 dieci
2666 1300 2771 1360 scene
2800 1300 2915 1360 susci¬

1944 1344 2077 1404 tarono
2107 1345 2214 1405 aspre
2240 1347 2470 1407 vivacissime
2495 1347 2668 1407 critiche.
2693 1349 2923 1409 Schnitzler,

1948 1393 2097 1453 dicono,
2122 1395 2183 1455 non
2223 1395 2352 1455 voleva
2392 1396 2420 1456 la
2454 1398 2598 1458 recita:
2627 1395 2641 1455 e
2681 1398 2834 1458 allora?
2869 1399 2916 1459 Le

1948 1443 2041 1503 dieci
2067 1443 2175 1503 scene
2205 1445 2293 1505 sono
2328 1446 2368 1506 di
2388 1446 2451 1506 una
2486 1446 2560 1506 tale
2595 1446 2797 1506 brutalità,
2818 1446 2851 1506 di
2872 1446 2911 1506 un

1944 1491 2018 1551 tale
2046 1493 2224 1553 verismo,
2238 1494 2298 1554 nel
2318 1496 2546 1556 raffigurare
2570 1494 2710 1554 quanto
2734 1494 2761 1554 in
2790 1497 2911 1557 amore

1948 1539 1957 1599 è
1983 1542 2153 1602 ipocrisia
2190 1542 2204 1602 o
2240 1543 2411 1603 reazione
2437 1543 2668 1603 disgustosa,
2689 1544 2749 1604 che
2775 1544 2825 1604 gli
2845 1543 2915 1603 spi¬

1942 1587 2008 1647 riti
2028 1589 2090 1649 non
2119 1590 2330 1650 deformati
2345 1591 2444 1651 dallo
2469 1592 2694 1652 scetticismo
2728 1592 2785 1652 più
2819 1593 2909 1653 duro

1943 1637 2113 1697 debbono
2149 1637 2214 1697 per
2245 1640 2350 1700 forza
2376 1640 2592 1700 rigettarle.
2618 1640 2667 1700 Lo
2704 1643 2914 1703 Schnitzler

1943 1685 1982 1745 di
2007 1686 2217 1746 trent’anni
2243 1688 2439 1748 addietro,
2464 1688 2597 1748 autore
2632 1688 2670 1748 di
2700 1691 2847 1751 Reigen,
2872 1692 2911 1752 va

1942 1733 2059 1793 messo
2092 1735 2161 1795 alla
2199 1736 2296 1796 testa
2330 1737 2394 1797 del
2423 1739 2562 1799 gruppo
2591 1739 2917 1799 ebraico-scienti¬

1942 1783 2006 1843 sico
2050 1783 2114 1843 nel
2149 1783 2256 1843 quale
2296 1784 2330 1844 si
2364 1786 2599 1846 classificano
2649 1786 2864 1846 Weininger
2899 1783 2914 1843 e

1947 1831 2090 1891 Freud:
2110 1831 2153 1891 un
2182 1834 2239 1894 suo
2269 1834 2417 1894 critico,
2437 1834 2460 1894 il
2485 1834 2652 1894 Körner,
2677 1835 2911 1895 acutamente

1938 1882 2095 1942 osserva
2130 1882 2194 1942 che
2229 1883 2445 1943 nell’ultima
2480 1882 2622 1942 decade
2657 1883 2755 1943 dello
2786 1885 2913 1945 scorso

1937 1930 2061 1990 secolo
2095 1930 2128 1990 si
2153 1931 2291 1991 ebbero
2335 1933 2363 1993 in
2407 1933 2564 1993 Austria
2604 1933 2637 1993 la
2681 1933 2805 1993 poesia
2839 1933 2915 1993 ses¬

1940 1977 2038 2037 suale
2080 1980 2120 2040 di
2152 1981 2385 2041 Schnitzler,
2412 1982 2442 2042 la
2485 1980 2645 2040 filosofia
2682 1983 2847 2043 sessuale
2879 1984 2920 2044 di

1951 2028 2162 2088 Weininger
2200 2031 2210 2091 e
2248 2031 2279 2091 la
2311 2031 2469 2091 biologia
2507 2031 2671 2091 sessuale
2703 2031 2740 2091 di
2767 2031 2920 2091 Freud:

1942 2077 2084 2137 sempre
2114 2079 2128 2139 e
2158 2079 2202 2139 da
2227 2079 2290 2139 per
2315 2081 2438 2141 tutto,
2454 2082 2527 2142 egli
2547 2082 2743 2142 aggiunge,
2763 2079 2910 2139 l’ecces¬

1938 2127 2012 2187 sivo
2055 2128 2073 2188 o
2116 2129 2298 2189 esclusivo
2345 2130 2528 2190 interesse
2575 2130 2640 2190 per
2678 2130 2692 2190 i
2730 2130 2921 2190 problemi

1937 2174 2071 2234 erotici
2096 2177 2110 2237 e
2144 2177 2308 2237 sessuali
2328 2177 2341 2237 è
2366 2178 2467 2238 stato
2501 2177 2529 2237 la
2563 2179 2843 2239 caratteristica
2882 2180 2919 2240 di

1938 2226 2055 2286 tempi
2080 2225 2109 2285 in
2144 2226 2207 2286 cui
2232 2228 2262 2288 la
2301 2228 2448 2288 politica
2492 2228 2550 2288 era
2596 2228 2737 2288 morta.
2767 2229 2806 2289 Il
2836 2227 2913 2287 pro¬

1938 2276 2046 2336 feaoor
2090 2276 2301 2336 Bernbardi,
2331 2276 2483 2336 invece,
2518 2276 2649 2336 scritto
2704 2276 2767 2336 nel
2807 2279 2915 2339 1912,

1939 2324 2004 2384 alla
2040 2327 2161 2387 vigilia
2197 2327 2292 2387 della
2323 2327 2479 2387 guerra,
2495 2327 2570 2387 fece
2596 2327 2742 2387 rumore
2773 2327 2904 2387 perché

1937 2371 1960 2431 in
1998 2371 2077 2431 esso
2110 2374 2152 2434 un
2190 2375 2330 2435 medico
2368 2377 2503 2437 ebreo,
2517 2376 2798 2436 nell'interesse
2836 2377 2915 2437 del¬

1940 2422 2162 2482 l’ammalato
2194 2425 2318 2485 ignaro
2349 2425 2442 2485 della
2469 2425 2670 2485 probabile
2697 2425 2785 2485 fine,
2801 2426 2914 2486 impe¬

1937 2469 2032 2529 disce
2078 2470 2091 2530 a
2137 2473 2177 2533 un
2219 2476 2341 2536 prete,
2370 2476 2555 2536 chiamato
2597 2473 2637 2533 da
2679 2473 2742 2533 una
2788 2476 2919 2536 suora,

1938 2521 1975 2581 di
1989 2521 2199 2581 accostarsi
2218 2524 2283 2584 per
2307 2524 2499 2584 impartire
2528 2523 2714 2583 l’estrema
2743 2524 2920 2584 unzione.

1988 2568 2088 2628 Esito
2122 2571 2165 2631 un
2200 2572 2290 2632 poco
2329 2571 2343 2631 a
2373 2572 2593 2632 rispondere
2627 2571 2670 2631 al
2694 2574 2838 2634 quesito
2872 2575 2905 2635 se

1943 2620 1999 2680 nel
2030 2619 2210 2679 Professor
2241 2622 2446 2682 Bernbardi,
2462 2619 2477 2679 e
2509 2621 2534 2681 in
2565 2622 2657 2682 altri
2673 2622 2755 2682 suoi
2776 2622 2915 2682 lavori,

1936 2668 2148 2728 Schnitzler
2178 2670 2286 2730 abbia
2321 2670 2468 2730 sempre
2503 2671 2784 2731 benignamente
2819 2672 2916 2732 trat¬

1938 2718 2011 2778 tato
2046 2718 2076 2778 la
2111 2718 2234 2778 classe
2264 2719 2406 2779 media,
2432 2721 2530 2781 dalla
2565 2721 2673 2781 quale
2713 2721 2766 2781 lui
2792 2721 2910 2781 stesso

1943 2765 2097 2825 veniva:
2113 2768 2138 2828 il
2159 2768 2288 2828 dottor
2315 2768 2500 2828 Fridolin,
2516 2768 2609 2828 della
2645 2769 2918 2829 Traumnocelle,

1938 2816 2067 2876 marito
2101 2817 2211 2877 quasi
2235 2819 2364 2879 ottimo
2398 2819 2570 2879 travolto
2609 2819 2642 2879 in
2676 2819 2906 2879 fantastiche

1937 2864 2163 2924 avventure,
2200 2867 2313 2927 lascia
2359 2867 2527 2927 davvero
2577 2868 2794 2928 sospettare
2840 2870 2903 2930 che

1938 2915 2143 2975 Schnitzler
2179 2915 2284 2975 abbia
2320 2918 2450 2978 voluto
2481 2915 2687 2975 attribuire
2718 2918 2757 2978 ai
2778 2918 2913 2978 medici

1938 2963 2002 3023 una
2036 2965 2173 3025 doppia
2213 2965 2370 3025 natura,
2395 2965 2434 3025 di
2464 2966 2527 3026 cui
2552 2965 2586 3025 la
2622 2968 2734 3028 prima
2774 2968 2906 3028 basata

1934 3013 1990 3073 sul
2022 3013 2130 3073 senso
2172 3013 2239 3073 del
2276 3014 2437 3074 dovere,
2463 3016 2587 3076 l’altra
2629 3016 2857 3076 sull'istinto
2894 3017 2903 3077 a

1937 3061 2067 3121 godere
2105 3064 2142 3124 ed
2179 3064 2193 3124 a
2231 3064 2351 3124 vivere
2384 3064 2416 3124 in
2454 3064 2617 3124 maniera
2655 3067 2915 3127 egocentrica,

1931 3112 1960 3172 se
1994 3112 2061 3172 non
2101 3115 2298 3175 egoistica,
2323 3115 2491 3175 appunto
2535 3113 2675 3173 perché
2714 3115 2747 3175 la
2782 3115 2859 3175 vita
2893 3115 2907 3175 e

1931 3159 2070 3219 l'uomo
2104 3161 2170 3221 non
2209 3162 2320 3222 sono,
2344 3163 2406 3223 per
2440 3162 2468 3222 il
2502 3162 2665 3222 medico,
2690 3165 2852 3225 misteri.
2877 3162 2891 3222 E

1930 3209 2137 3269 Schnitzler
2178 3211 2360 3271 letterato
2407 3210 2442 3270 si
2478 3212 2691 3272 rispecchia
2737 3213 2777 3273 ad
2824 3214 2914 3274 ogni

1931 3258 2069 3318 istante
2104 3258 2128 3318 in
2163 3261 2374 3321 Schnitzler
2400 3261 2571 3321 medico:
2587 3261 2616 3321 la
2646 3261 2794 3321 duplice
2819 3262 2911 3322 qua¬

1936 3307 1993 3367 lità
2037 3309 2080 3369 ha
2118 3309 2300 3369 conferito
2334 3309 2372 3369 al
2407 3311 2473 3371 suo
2508 3309 2607 3369 abito
2642 3310 2805 3370 mentale
2839 3312 2905 3372 una

1933 3356 2011 3416 cosi
2037 3359 2198 3419 spiccata
2233 3359 2420 3419 impronta
2455 3358 2518 3418 che
2558 3359 2705 3419 Arthur
2735 3360 2906 3420 Schnitz¬

1933 3406 1982 3466 ler
2027 3407 2056 3467 il
2091 3407 2223 3467 quale,
2258 3407 2322 3467 nel
2357 3410 2608 3470 testamento,
2643 3410 2830 3470 domanda
2875 3410 2913 3470 di

1933 3455 2028 3515 esser
2065 3455 2174 3515 ferito
2211 3458 2247 3518 al
2274 3458 2383 3518 cuore
2420 3458 2515 3518 dopo
2543 3458 2570 3518 la
2602 3458 2738 3518 morte,
2757 3458 2902 3518 rievoca

1939 3506 1959 3566 la
1997 3506 2113 3566 figura
2151 3506 2214 3566 del
2241 3506 2368 3566 dottor
2410 3506 2595 3566 Fridolin,
2617 3506 2717 3566 nella
2765 3509 2908 3569 Traum¬

1932 3553 2071 3613 nocelle,
2095 3556 2132 3616 al
2161 3556 2333 3616 cospetto
2376 3554 2441 3614 del
2470 3556 2656 3616 cadavere
2695 3556 2760 3616 del
2788 3559 2909 3619 consi¬

1937 3604 2071 3664 gliere:
2129 3604 2263 3664 ....Che
2307 3604 2374 3664 non
2418 3607 2523 3667 senta
2567 3607 2701 3667 tutto?
2730 3607 2917 3667 pensava.

1932 3652 2010 3712 Che
2046 3652 2095 3712 sia
2130 3654 2247 3714 morto
2283 3655 2450 3715 soltanto
2486 3656 2514 3716 in
2550 3655 2796 3715 apparenza?
2822 3658 2905 3718 Non

1928 3703 1937 3763 è
1969 3703 2073 3763 forse
2105 3703 2282 3763 possibile
2324 3703 2391 3763 che
2423 3706 2522 3766 tutti
2543 3706 2600 3766 gli
2627 3706 2788 3766 uomini,
2809 3706 2902 3766 nelle

1933 3752 2043 3812 prime
2086 3750 2148 3810 ore
2187 3752 2282 3812 dopo
2316 3753 2344 3813 il
2374 3753 2574 3813 trapasso,
2598 3753 2698 3813 siano
2732 3756 2899 3816 soltanto

1929 3799 2263 3859 apparentemente
2297 3801 2505 3861 morti?....

1986 3851 2072 3911 Egli
2089 3849 2229 3909 temeva
2257 3849 2294 3909 di
2316 3850 2391 3910 fare
2414 3852 2451 3912 di
2468 3852 2629 3912 persona
2657 3853 2894 3913 l’esperienza

1932 3900 1995 3960 che
2027 3900 2218 3960 nemmeno
2250 3899 2281 3959 la
2318 3902 2436 3962 morte
2468 3900 2481 3960 è
2518 3901 2586 3961 una
2651 3902 2773 3962 realtà
2801 3901 2905 3961 asso¬

1931 3947 2132 4007 lutamente
2175 3949 2275 4009 reale
2295 3951 2328 4011 „,
2352 3950 2433 4010 cosi
2467 3950 2567 4010 come
2601 3950 2668 4010 non
2702 3952 2754 4012 c'è
2783 3951 2893 4011 sogno

1964 3998 2028 4058 che
2063 3998 2107 4058 sia
2142 3998 2255 4058 sogno
2290 3998 2457 4058 soltanto
2478 4001 2511 4061 „.

2448 4060 2566 4120 ITALO
2598 4061 2872 4121 ZINGARELLI.
