<?xml version="1.0" encoding="UTF-8" standalone="yes"?>
<PcGts xmlns="http://schema.primaresearch.org/PAGE/gts/pagecontent/2013-07-15" xmlns:xsi="http://www.w3.org/2001/XMLSchema-instance" xsi:schemaLocation="http://schema.primaresearch.org/PAGE/gts/pagecontent/2013-07-15 http://schema.primaresearch.org/PAGE/gts/pagecontent/2013-07-15/pagecontent.xsd">
    <Metadata>
        <Creator>prov=READ-COOP:name=PyLaia@TranskribusPlatform:version=2.12.1:model_id=39995:lm=none:date=09_04_2024_22:49</Creator>
        <Created>2019-10-07T20:38:07.297+02:00</Created>
        <LastChange>2024-04-09T22:49:42.804+02:00</LastChange>
        <TranskribusMetadata docId="224459" pageId="9581100" pageNr="188" tsid="157629925" status="IN_PROGRESS" userId="64420" imgUrl="https://files.transkribus.eu/Get?id=XZFQTSNPFWEMYNUOEGDQYKTU&amp;fileType=view" xmlUrl="https://files.transkribus.eu/Get?id=ZZGKVJDTRWCRYDUBJCJFNLOG" imageId="6208858"/>
    </Metadata>
    <Page imageFilename="224459_0188.jpeg" imageWidth="3392" imageHeight="4320">
        <ReadingOrder>
            <OrderedGroup id="ro_1712938081685" caption="Regions reading order">
                <RegionRefIndexed index="0" regionRef="tr_1"/>
                <RegionRefIndexed index="1" regionRef="tr_2"/>
                <RegionRefIndexed index="2" regionRef="tr_3"/>
            </OrderedGroup>
        </ReadingOrder>
        <TextRegion orientation="0.0" id="tr_1" custom="readingOrder {index:0;}">
            <Coords points="235,207 235,376 1343,376 1343,207"/>
            <TextLine id="tr_1_tl_1" custom="readingOrder {index:0;}">
                <Coords points="227,324 1339,333 1310,252 998,262 955,299 904,259 671,243 226,254"/>
                <Baseline points="235,307 290,311 345,314 401,314 456,310 512,314 567,316 622,320 678,319 733,322 789,324 844,324 899,323 955,319 1010,326 1066,320 1121,316 1176,316 1232,316 1287,316 1343,319"/>
                <Word id="tr_1_tl_1_w1" custom="readingOrder {index:0;}">
                    <Coords points="234,271 234,331 347,331 347,271"/>
                    <TextEquiv>
                        <Unicode>12.</Unicode>
                    </TextEquiv>
                </Word>
                <Word id="tr_1_tl_1_w2" custom="readingOrder {index:1;}">
                    <Coords points="405,279 405,339 900,339 900,279"/>
                    <TextEquiv>
                        <Unicode>Schnitzler</Unicode>
                    </TextEquiv>
                </Word>
                <Word id="tr_1_tl_1_w3" custom="readingOrder {index:2;}">
                    <Coords points="967,282 967,342 1004,342 1004,282"/>
                    <TextEquiv>
                        <Unicode>s</Unicode>
                    </TextEquiv>
                </Word>
                <Word id="tr_1_tl_1_w4" custom="readingOrder {index:3;}">
                    <Coords points="1071,276 1071,336 1299,336 1299,276"/>
                    <TextEquiv>
                        <Unicode>Death</Unicode>
                    </TextEquiv>
                </Word>
                <TextEquiv>
                    <Unicode>12. Schnitzler s Death</Unicode>
                </TextEquiv>
            </TextLine>
            <TextEquiv>
                <Unicode></Unicode>
            </TextEquiv>
        </TextRegion>
        <TextRegion orientation="0.0" id="tr_2" custom="readingOrder {index:1;}">
            <Coords points="1525,213 1525,369 1943,369 1943,213"/>
            <TextLine id="tr_2_tl_1" custom="readingOrder {index:0;}">
                <Coords points="1518,331 1652,334 1715,313 1799,337 1939,334 1939,274 1888,252 1848,269 1788,254 1724,290 1604,251 1518,256"/>
                <Baseline points="1525,316 1551,316 1577,316 1603,316 1629,316 1655,316 1681,316 1707,316 1734,316 1760,316 1786,317 1812,319 1838,317 1864,315 1890,314 1916,313 1943,313"/>
                <Word id="tr_2_tl_1_w1" custom="readingOrder {index:0;}">
                    <Coords points="1523,276 1523,336 1647,336 1647,276"/>
                    <TextEquiv>
                        <Unicode>box</Unicode>
                    </TextEquiv>
                </Word>
                <Word id="tr_2_tl_1_w2" custom="readingOrder {index:1;}">
                    <Coords points="1728,278 1728,338 1907,338 1907,278"/>
                    <TextEquiv>
                        <Unicode>42/9</Unicode>
                    </TextEquiv>
                </Word>
                <TextEquiv>
                    <Unicode>box 42/9</Unicode>
                </TextEquiv>
            </TextLine>
            <TextEquiv>
                <Unicode></Unicode>
            </TextEquiv>
        </TextRegion>
        <TextRegion orientation="0.0" id="tr_3" custom="readingOrder {index:2;}">
            <Coords points="2119,166 2119,4065 3122,4065 3122,166"/>
            <TextLine id="tr_3_tl_1" custom="readingOrder {index:0;}">
                <Coords points="2289,201 2953,220 2987,204 2986,151 2889,134 2764,175 2716,146 2383,140 2339,176 2287,169"/>
                <Baseline points="2295,188 2329,188 2364,188 2399,188 2434,188 2469,188 2503,188 2538,188 2573,188 2608,188 2643,190 2677,191 2712,192 2747,194 2782,191 2817,191 2851,191 2886,192 2921,194 2956,194 2991,197"/>
                <Word id="tr_3_tl_1_w1" custom="readingOrder {index:0;}">
                    <Coords points="2293,148 2293,208 2538,208 2538,148"/>
                    <TextEquiv>
                        <Unicode>Theater</Unicode>
                    </TextEquiv>
                </Word>
                <Word id="tr_3_tl_1_w2" custom="readingOrder {index:1;}">
                    <Coords points="2590,150 2590,210 2699,210 2699,150"/>
                    <TextEquiv>
                        <Unicode>und</Unicode>
                    </TextEquiv>
                </Word>
                <Word id="tr_3_tl_1_w3" custom="readingOrder {index:2;}">
                    <Coords points="2751,151 2751,211 2970,211 2970,151"/>
                    <TextEquiv>
                        <Unicode>Kunst.</Unicode>
                    </TextEquiv>
                </Word>
                <TextEquiv>
                    <Unicode>Theater und Kunst.</Unicode>
                </TextEquiv>
            </TextLine>
            <TextLine id="tr_3_tl_2" custom="readingOrder {index:1;}">
                <Coords points="2431,284 2531,297 2594,281 2644,295 2821,286 2821,226 2795,220 2736,237 2674,219 2578,244 2431,222"/>
                <Baseline points="2439,268 2464,270 2490,271 2516,271 2541,271 2567,271 2593,272 2618,274 2644,274 2670,274 2695,274 2721,274 2747,274 2772,274 2798,274 2824,277"/>
                <Word id="tr_3_tl_2_w1" custom="readingOrder {index:0;}">
                    <Coords points="2438,231 2438,291 2556,291 2556,231"/>
                    <TextEquiv>
                        <Unicode>Artur</Unicode>
                    </TextEquiv>
                </Word>
                <Word id="tr_3_tl_2_w2" custom="readingOrder {index:1;}">
                    <Coords points="2586,234 2586,294 2823,294 2823,234"/>
                    <TextEquiv>
                        <Unicode>Schnitzler.</Unicode>
                    </TextEquiv>
                </Word>
                <TextEquiv>
                    <Unicode>Artur Schnitzler.</Unicode>
                </TextEquiv>
            </TextLine>
            <TextLine id="tr_3_tl_3" custom="readingOrder {index:2;}">
                <Coords points="2175,342 3120,352 3068,292 2304,306 2175,279"/>
                <Baseline points="2182,325 2229,325 2276,328 2323,328 2370,329 2417,331 2464,331 2511,331 2558,331 2605,331 2652,332 2699,334 2746,334 2793,334 2840,334 2887,336 2934,337 2981,337 3028,337 3075,337 3122,340"/>
                <Word id="tr_3_tl_3_w1" custom="readingOrder {index:0;}">
                    <Coords points="2174,285 2174,345 2275,345 2275,285"/>
                    <TextEquiv>
                        <Unicode>Vollig</Unicode>
                    </TextEquiv>
                </Word>
                <Word id="tr_3_tl_3_w2" custom="readingOrder {index:1;}">
                    <Coords points="2304,290 2304,350 2506,350 2506,290"/>
                    <TextEquiv>
                        <Unicode>unerwartet</Unicode>
                    </TextEquiv>
                </Word>
                <Word id="tr_3_tl_3_w3" custom="readingOrder {index:2;}">
                    <Coords points="2531,291 2531,351 2564,351 2564,291"/>
                    <TextEquiv>
                        <Unicode>ist</Unicode>
                    </TextEquiv>
                </Word>
                <Word id="tr_3_tl_3_w4" custom="readingOrder {index:3;}">
                    <Coords points="2584,291 2584,351 2617,351 2617,291"/>
                    <TextEquiv>
                        <Unicode>am</Unicode>
                    </TextEquiv>
                </Word>
                <Word id="tr_3_tl_3_w5" custom="readingOrder {index:4;}">
                    <Coords points="2656,294 2656,354 2839,354 2839,294"/>
                    <TextEquiv>
                        <Unicode>Mittwoch,</Unicode>
                    </TextEquiv>
                </Word>
                <Word id="tr_3_tl_3_w6" custom="readingOrder {index:5;}">
                    <Coords points="2859,295 2859,355 2906,355 2906,295"/>
                    <TextEquiv>
                        <Unicode>den</Unicode>
                    </TextEquiv>
                </Word>
                <Word id="tr_3_tl_3_w7" custom="readingOrder {index:6;}">
                    <Coords points="2936,297 2936,357 2988,357 2988,297"/>
                    <TextEquiv>
                        <Unicode>21.</Unicode>
                    </TextEquiv>
                </Word>
                <Word id="tr_3_tl_3_w8" custom="readingOrder {index:7;}">
                    <Coords points="3004,297 3004,357 3032,357 3032,297"/>
                    <TextEquiv>
                        <Unicode>d.</Unicode>
                    </TextEquiv>
                </Word>
                <Word id="tr_3_tl_3_w9" custom="readingOrder {index:8;}">
                    <Coords points="3047,297 3047,357 3109,357 3109,297"/>
                    <TextEquiv>
                        <Unicode>M.,</Unicode>
                    </TextEquiv>
                </Word>
                <TextEquiv>
                    <Unicode>Vollig unerwartet ist am Mittwoch, den 21. d. M.,</Unicode>
                </TextEquiv>
            </TextLine>
            <TextLine id="tr_3_tl_4" custom="readingOrder {index:3;}">
                <Coords points="2139,381 3109,401 3108,355 3040,340 2138,331"/>
                <Baseline points="2146,370 2194,373 2242,373 2291,376 2339,376 2387,376 2436,375 2484,375 2532,376 2581,378 2629,379 2677,379 2726,382 2774,382 2822,382 2871,381 2919,380 2967,382 3016,383 3064,385 3113,385"/>
                <Word id="tr_3_tl_4_w1" custom="readingOrder {index:0;}">
                    <Coords points="2137,332 2137,392 2235,392 2235,332"/>
                    <TextEquiv>
                        <Unicode>Artur</Unicode>
                    </TextEquiv>
                </Word>
                <Word id="tr_3_tl_4_w2" custom="readingOrder {index:1;}">
                    <Coords points="2263,336 2263,396 2437,396 2437,336"/>
                    <TextEquiv>
                        <Unicode>Schnitzler</Unicode>
                    </TextEquiv>
                </Word>
                <Word id="tr_3_tl_4_w3" custom="readingOrder {index:2;}">
                    <Coords points="2470,337 2470,397 2671,397 2671,337"/>
                    <TextEquiv>
                        <Unicode>verstorben.</Unicode>
                    </TextEquiv>
                </Word>
                <Word id="tr_3_tl_4_w4" custom="readingOrder {index:3;}">
                    <Coords points="2719,342 2719,402 2798,402 2798,342"/>
                    <TextEquiv>
                        <Unicode>Noch</Unicode>
                    </TextEquiv>
                </Word>
                <Word id="tr_3_tl_4_w5" custom="readingOrder {index:4;}">
                    <Coords points="2836,341 2836,401 2873,401 2873,341"/>
                    <TextEquiv>
                        <Unicode>am</Unicode>
                    </TextEquiv>
                </Word>
                <Word id="tr_3_tl_4_w6" custom="readingOrder {index:5;}">
                    <Coords points="2921,342 2921,402 3103,402 3103,342"/>
                    <TextEquiv>
                        <Unicode>Vormittag</Unicode>
                    </TextEquiv>
                </Word>
                <TextEquiv>
                    <Unicode>Artur Schnitzler verstorben. Noch am Vormittag</Unicode>
                </TextEquiv>
            </TextLine>
            <TextLine id="tr_3_tl_5" custom="readingOrder {index:4;}">
                <Coords points="2132,434 3119,437 3119,408 3019,391 2835,421 2723,388 2132,396"/>
                <Baseline points="2140,417 2189,420 2238,421 2287,423 2336,423 2385,423 2434,423 2483,423 2532,425 2581,426 2631,426 2680,426 2729,426 2778,430 2827,431 2876,430 2925,430 2974,429 3023,431 3072,432 3122,432"/>
                <Word id="tr_3_tl_5_w1" custom="readingOrder {index:0;}">
                    <Coords points="2130,380 2130,440 2316,440 2316,380"/>
                    <TextEquiv>
                        <Unicode>unternahm</Unicode>
                    </TextEquiv>
                </Word>
                <Word id="tr_3_tl_5_w2" custom="readingOrder {index:1;}">
                    <Coords points="2361,383 2361,443 2391,443 2391,383"/>
                    <TextEquiv>
                        <Unicode>er</Unicode>
                    </TextEquiv>
                </Word>
                <Word id="tr_3_tl_5_w3" custom="readingOrder {index:2;}">
                    <Coords points="2445,383 2445,443 2533,443 2533,383"/>
                    <TextEquiv>
                        <Unicode>einen</Unicode>
                    </TextEquiv>
                </Word>
                <Word id="tr_3_tl_5_w4" custom="readingOrder {index:3;}">
                    <Coords points="2569,386 2569,446 2817,446 2817,386"/>
                    <TextEquiv>
                        <Unicode>Spaziergang,</Unicode>
                    </TextEquiv>
                </Word>
                <Word id="tr_3_tl_5_w5" custom="readingOrder {index:4;}">
                    <Coords points="2862,390 2862,450 2924,450 2924,390"/>
                    <TextEquiv>
                        <Unicode>von</Unicode>
                    </TextEquiv>
                </Word>
                <Word id="tr_3_tl_5_w6" custom="readingOrder {index:5;}">
                    <Coords points="2982,390 2982,450 3035,450 3035,390"/>
                    <TextEquiv>
                        <Unicode>dem</Unicode>
                    </TextEquiv>
                </Word>
                <Word id="tr_3_tl_5_w7" custom="readingOrder {index:6;}">
                    <Coords points="3079,392 3079,452 3110,452 3110,392"/>
                    <TextEquiv>
                        <Unicode>er</Unicode>
                    </TextEquiv>
                </Word>
                <TextEquiv>
                    <Unicode>unternahm er einen Spaziergang, von dem er</Unicode>
                </TextEquiv>
            </TextLine>
            <TextLine id="tr_3_tl_6" custom="readingOrder {index:5;}">
                <Coords points="2129,484 3115,489 3115,449 3062,437 2129,448"/>
                <Baseline points="2137,477 2186,471 2235,471 2284,471 2333,471 2382,471 2431,471 2480,473 2529,474 2578,474 2628,474 2677,474 2726,477 2775,477 2824,477 2873,477 2922,477 2971,477 3020,477 3069,477 3119,480"/>
                <Word id="tr_3_tl_6_w1" custom="readingOrder {index:0;}">
                    <Coords points="2133,432 2133,492 2222,492 2222,432"/>
                    <TextEquiv>
                        <Unicode>gegen</Unicode>
                    </TextEquiv>
                </Word>
                <Word id="tr_3_tl_6_w2" custom="readingOrder {index:1;}">
                    <Coords points="2257,431 2257,491 2291,491 2291,431"/>
                    <TextEquiv>
                        <Unicode>11</Unicode>
                    </TextEquiv>
                </Word>
                <Word id="tr_3_tl_6_w3" custom="readingOrder {index:2;}">
                    <Coords points="2322,431 2322,491 2385,491 2385,431"/>
                    <TextEquiv>
                        <Unicode>Uhr</Unicode>
                    </TextEquiv>
                </Word>
                <Word id="tr_3_tl_6_w4" custom="readingOrder {index:3;}">
                    <Coords points="2410,431 2410,491 2480,491 2480,431"/>
                    <TextEquiv>
                        <Unicode>nach</Unicode>
                    </TextEquiv>
                </Word>
                <Word id="tr_3_tl_6_w5" custom="readingOrder {index:4;}">
                    <Coords points="2505,434 2505,494 2608,494 2608,434"/>
                    <TextEquiv>
                        <Unicode>Hause</Unicode>
                    </TextEquiv>
                </Word>
                <Word id="tr_3_tl_6_w6" custom="readingOrder {index:5;}">
                    <Coords points="2634,434 2634,494 2663,494 2663,434"/>
                    <TextEquiv>
                        <Unicode>in</Unicode>
                    </TextEquiv>
                </Word>
                <Word id="tr_3_tl_6_w7" custom="readingOrder {index:6;}">
                    <Coords points="2693,437 2693,497 2776,497 2776,437"/>
                    <TextEquiv>
                        <Unicode>seine</Unicode>
                    </TextEquiv>
                </Word>
                <Word id="tr_3_tl_6_w8" custom="readingOrder {index:7;}">
                    <Coords points="2802,437 2802,497 2995,497 2995,437"/>
                    <TextEquiv>
                        <Unicode>Währinger</Unicode>
                    </TextEquiv>
                </Word>
                <Word id="tr_3_tl_6_w9" custom="readingOrder {index:8;}">
                    <Coords points="3025,437 3025,497 3108,497 3108,437"/>
                    <TextEquiv>
                        <Unicode>Villa</Unicode>
                    </TextEquiv>
                </Word>
                <TextEquiv>
                    <Unicode>gegen 11 Uhr nach Hause in seine Währinger Villa</Unicode>
                </TextEquiv>
            </TextLine>
            <TextLine id="tr_3_tl_7" custom="readingOrder {index:6;}">
                <Coords points="2132,531 3119,535 3086,485 2132,485"/>
                <Baseline points="2140,522 2189,519 2238,517 2287,519 2336,519 2385,519 2434,521 2483,522 2532,520 2581,522 2631,525 2680,525 2729,525 2778,524 2827,523 2876,525 2925,527 2974,528 3023,528 3072,526 3122,525"/>
                <Word id="tr_3_tl_7_w1" custom="readingOrder {index:0;}">
                    <Coords points="2132,477 2132,537 2358,537 2358,477"/>
                    <TextEquiv>
                        <Unicode>zurückkehrte.</Unicode>
                    </TextEquiv>
                </Word>
                <Word id="tr_3_tl_7_w2" custom="readingOrder {index:1;}">
                    <Coords points="2384,480 2384,540 2439,540 2439,480"/>
                    <TextEquiv>
                        <Unicode>Als</Unicode>
                    </TextEquiv>
                </Word>
                <Word id="tr_3_tl_7_w3" custom="readingOrder {index:2;}">
                    <Coords points="2470,480 2470,540 2561,540 2561,480"/>
                    <TextEquiv>
                        <Unicode>gegen</Unicode>
                    </TextEquiv>
                </Word>
                <Word id="tr_3_tl_7_w4" custom="readingOrder {index:3;}">
                    <Coords points="2597,485 2597,545 2672,545 2672,485"/>
                    <TextEquiv>
                        <Unicode>¼12</Unicode>
                    </TextEquiv>
                </Word>
                <Word id="tr_3_tl_7_w5" custom="readingOrder {index:4;}">
                    <Coords points="2703,484 2703,544 2768,544 2768,484"/>
                    <TextEquiv>
                        <Unicode>Uhr</Unicode>
                    </TextEquiv>
                </Word>
                <Word id="tr_3_tl_7_w6" custom="readingOrder {index:5;}">
                    <Coords points="2799,483 2799,543 2880,543 2880,483"/>
                    <TextEquiv>
                        <Unicode>seine</Unicode>
                    </TextEquiv>
                </Word>
                <Word id="tr_3_tl_7_w7" custom="readingOrder {index:6;}">
                    <Coords points="2911,488 2911,548 3097,548 3097,488"/>
                    <TextEquiv>
                        <Unicode>Sekretärin</Unicode>
                    </TextEquiv>
                </Word>
                <TextEquiv>
                    <Unicode>zurückkehrte. Als gegen ¼12 Uhr seine Sekretärin</Unicode>
                </TextEquiv>
            </TextLine>
            <TextLine id="tr_3_tl_8" custom="readingOrder {index:7;}">
                <Coords points="2139,574 3115,585 3101,535 2139,532"/>
                <Baseline points="2146,561 2194,567 2243,564 2291,567 2340,566 2389,565 2437,567 2486,567 2535,569 2583,570 2632,570 2681,573 2729,573 2778,573 2827,572 2875,571 2924,573 2973,574 3021,574 3070,575 3119,573"/>
                <Word id="tr_3_tl_8_w1" custom="readingOrder {index:0;}">
                    <Coords points="2133,522 2133,582 2184,582 2184,522"/>
                    <TextEquiv>
                        <Unicode>das</Unicode>
                    </TextEquiv>
                </Word>
                <Word id="tr_3_tl_8_w2" custom="readingOrder {index:1;}">
                    <Coords points="2213,526 2213,586 2353,586 2353,526"/>
                    <TextEquiv>
                        <Unicode>Zimmer</Unicode>
                    </TextEquiv>
                </Word>
                <Word id="tr_3_tl_8_w3" custom="readingOrder {index:2;}">
                    <Coords points="2377,527 2377,587 2499,587 2499,527"/>
                    <TextEquiv>
                        <Unicode>betrat,</Unicode>
                    </TextEquiv>
                </Word>
                <Word id="tr_3_tl_8_w4" custom="readingOrder {index:3;}">
                    <Coords points="2518,529 2518,589 2588,589 2588,529"/>
                    <TextEquiv>
                        <Unicode>fand</Unicode>
                    </TextEquiv>
                </Word>
                <Word id="tr_3_tl_8_w5" custom="readingOrder {index:4;}">
                    <Coords points="2617,530 2617,590 2649,590 2649,530"/>
                    <TextEquiv>
                        <Unicode>sie</Unicode>
                    </TextEquiv>
                </Word>
                <Word id="tr_3_tl_8_w6" custom="readingOrder {index:5;}">
                    <Coords points="2678,533 2678,593 2724,593 2724,533"/>
                    <TextEquiv>
                        <Unicode>ihn</Unicode>
                    </TextEquiv>
                </Word>
                <Word id="tr_3_tl_8_w7" custom="readingOrder {index:6;}">
                    <Coords points="2753,531 2753,591 2936,591 2936,531"/>
                    <TextEquiv>
                        <Unicode>bewußtlos</Unicode>
                    </TextEquiv>
                </Word>
                <Word id="tr_3_tl_8_w8" custom="readingOrder {index:7;}">
                    <Coords points="2965,534 2965,594 3020,594 3020,534"/>
                    <TextEquiv>
                        <Unicode>auf</Unicode>
                    </TextEquiv>
                </Word>
                <Word id="tr_3_tl_8_w9" custom="readingOrder {index:8;}">
                    <Coords points="3040,534 3040,594 3091,594 3091,534"/>
                    <TextEquiv>
                        <Unicode>dem</Unicode>
                    </TextEquiv>
                </Word>
                <TextEquiv>
                    <Unicode>das Zimmer betrat, fand sie ihn bewußtlos auf dem</Unicode>
                </TextEquiv>
            </TextLine>
            <TextLine id="tr_3_tl_9" custom="readingOrder {index:8;}">
                <Coords points="2142,622 2975,646 3115,631 3115,596 2571,577 2433,604 2140,571"/>
                <Baseline points="2149,612 2197,612 2246,612 2294,615 2343,615 2391,615 2440,615 2488,615 2537,615 2585,616 2634,617 2682,620 2731,620 2779,623 2828,623 2876,623 2925,623 2973,623 3022,623 3070,621 3119,620"/>
                <Word id="tr_3_tl_9_w1" custom="readingOrder {index:0;}">
                    <Coords points="2139,572 2139,632 2238,632 2238,572"/>
                    <TextEquiv>
                        <Unicode>Boden</Unicode>
                    </TextEquiv>
                </Word>
                <Word id="tr_3_tl_9_w2" custom="readingOrder {index:1;}">
                    <Coords points="2278,575 2278,635 2421,635 2421,575"/>
                    <TextEquiv>
                        <Unicode>liegend.</Unicode>
                    </TextEquiv>
                </Word>
                <Word id="tr_3_tl_9_w3" custom="readingOrder {index:2;}">
                    <Coords points="2466,575 2466,635 2529,635 2529,575"/>
                    <TextEquiv>
                        <Unicode>Die</Unicode>
                    </TextEquiv>
                </Word>
                <Word id="tr_3_tl_9_w4" custom="readingOrder {index:3;}">
                    <Coords points="2560,579 2560,639 2797,639 2797,579"/>
                    <TextEquiv>
                        <Unicode>Bemühungen</Unicode>
                    </TextEquiv>
                </Word>
                <Word id="tr_3_tl_9_w5" custom="readingOrder {index:4;}">
                    <Coords points="2857,583 2857,643 3108,643 3108,583"/>
                    <TextEquiv>
                        <Unicode>herbeigeholter</Unicode>
                    </TextEquiv>
                </Word>
                <TextEquiv>
                    <Unicode>Boden liegend. Die Bemühungen herbeigeholter</Unicode>
                </TextEquiv>
            </TextLine>
            <TextLine id="tr_3_tl_10" custom="readingOrder {index:9;}">
                <Coords points="2132,672 3109,681 3109,636 2132,622"/>
                <Baseline points="2140,656 2188,662 2237,662 2285,663 2334,664 2383,662 2431,662 2480,662 2529,664 2577,665 2626,668 2675,665 2723,668 2772,668 2821,667 2869,666 2918,668 2967,668 3015,670 3064,671 3113,668"/>
                <Word id="tr_3_tl_10_w1" custom="readingOrder {index:0;}">
                    <Coords points="2131,620 2131,680 2224,680 2224,620"/>
                    <TextEquiv>
                        <Unicode>Arzte</Unicode>
                    </TextEquiv>
                </Word>
                <Word id="tr_3_tl_10_w2" custom="readingOrder {index:1;}">
                    <Coords points="2259,623 2259,683 2362,683 2362,623"/>
                    <TextEquiv>
                        <Unicode>waren</Unicode>
                    </TextEquiv>
                </Word>
                <Word id="tr_3_tl_10_w3" custom="readingOrder {index:2;}">
                    <Coords points="2408,622 2408,682 2486,682 2486,622"/>
                    <TextEquiv>
                        <Unicode>ohne</Unicode>
                    </TextEquiv>
                </Word>
                <Word id="tr_3_tl_10_w4" custom="readingOrder {index:3;}">
                    <Coords points="2521,625 2521,685 2653,685 2653,625"/>
                    <TextEquiv>
                        <Unicode>Erfolg;</Unicode>
                    </TextEquiv>
                </Word>
                <Word id="tr_3_tl_10_w5" custom="readingOrder {index:4;}">
                    <Coords points="2704,628 2704,688 2743,688 2743,628"/>
                    <TextEquiv>
                        <Unicode>um</Unicode>
                    </TextEquiv>
                </Word>
                <Word id="tr_3_tl_10_w6" custom="readingOrder {index:5;}">
                    <Coords points="2792,626 2792,686 2851,686 2851,626"/>
                    <TextEquiv>
                        <Unicode>¼7</Unicode>
                    </TextEquiv>
                </Word>
                <Word id="tr_3_tl_10_w7" custom="readingOrder {index:6;}">
                    <Coords points="2886,628 2886,688 2950,688 2950,628"/>
                    <TextEquiv>
                        <Unicode>Uhr</Unicode>
                    </TextEquiv>
                </Word>
                <Word id="tr_3_tl_10_w8" custom="readingOrder {index:7;}">
                    <Coords points="2985,630 2985,690 3103,690 3103,630"/>
                    <TextEquiv>
                        <Unicode>abends</Unicode>
                    </TextEquiv>
                </Word>
                <TextEquiv>
                    <Unicode>Arzte waren ohne Erfolg; um ¼7 Uhr abends</Unicode>
                </TextEquiv>
            </TextLine>
            <TextLine id="tr_3_tl_11" custom="readingOrder {index:10;}">
                <Coords points="2132,721 3115,732 3091,676 2132,672"/>
                <Baseline points="2140,710 2191,710 2243,710 2294,710 2346,712 2397,713 2449,713 2500,713 2552,711 2603,713 2655,714 2706,716 2758,716 2809,716 2861,716 2912,717 2964,719 3015,719 3067,717 3119,719"/>
                <Word id="tr_3_tl_11_w1" custom="readingOrder {index:0;}">
                    <Coords points="2131,670 2131,730 2283,730 2283,670"/>
                    <TextEquiv>
                        <Unicode>verschied</Unicode>
                    </TextEquiv>
                </Word>
                <Word id="tr_3_tl_11_w2" custom="readingOrder {index:1;}">
                    <Coords points="2318,671 2318,731 2371,731 2371,671"/>
                    <TextEquiv>
                        <Unicode>der</Unicode>
                    </TextEquiv>
                </Word>
                <Word id="tr_3_tl_11_w3" custom="readingOrder {index:2;}">
                    <Coords points="2402,673 2402,733 2494,733 2494,673"/>
                    <TextEquiv>
                        <Unicode>große</Unicode>
                    </TextEquiv>
                </Word>
                <Word id="tr_3_tl_11_w4" custom="readingOrder {index:3;}">
                    <Coords points="2529,672 2529,732 2671,732 2671,672"/>
                    <TextEquiv>
                        <Unicode>Dichter,</Unicode>
                    </TextEquiv>
                </Word>
                <Word id="tr_3_tl_11_w5" custom="readingOrder {index:4;}">
                    <Coords points="2696,676 2696,736 2774,736 2774,676"/>
                    <TextEquiv>
                        <Unicode>ohne</Unicode>
                    </TextEquiv>
                </Word>
                <Word id="tr_3_tl_11_w6" custom="readingOrder {index:5;}">
                    <Coords points="2809,676 2809,736 2868,736 2868,676"/>
                    <TextEquiv>
                        <Unicode>das</Unicode>
                    </TextEquiv>
                </Word>
                <Word id="tr_3_tl_11_w7" custom="readingOrder {index:6;}">
                    <Coords points="2898,679 2898,739 3099,739 3099,679"/>
                    <TextEquiv>
                        <Unicode>Bewußtsein</Unicode>
                    </TextEquiv>
                </Word>
                <TextEquiv>
                    <Unicode>verschied der große Dichter, ohne das Bewußtsein</Unicode>
                </TextEquiv>
            </TextLine>
            <TextLine id="tr_3_tl_12" custom="readingOrder {index:11;}">
                <Coords points="2132,768 3109,779 3109,739 3065,726 2132,729"/>
                <Baseline points="2140,755 2188,758 2237,758 2285,759 2334,761 2383,761 2431,761 2480,761 2529,761 2577,761 2626,764 2675,764 2723,764 2772,764 2821,764 2869,764 2918,765 2967,767 3015,767 3064,765 3113,761"/>
                <Word id="tr_3_tl_12_w1" custom="readingOrder {index:0;}">
                    <Coords points="2136,718 2136,778 2248,778 2248,718"/>
                    <TextEquiv>
                        <Unicode>wieder</Unicode>
                    </TextEquiv>
                </Word>
                <Word id="tr_3_tl_12_w2" custom="readingOrder {index:1;}">
                    <Coords points="2278,721 2278,781 2411,781 2411,721"/>
                    <TextEquiv>
                        <Unicode>erlangt</Unicode>
                    </TextEquiv>
                </Word>
                <Word id="tr_3_tl_12_w3" custom="readingOrder {index:2;}">
                    <Coords points="2436,721 2436,781 2464,781 2464,721"/>
                    <TextEquiv>
                        <Unicode>zu</Unicode>
                    </TextEquiv>
                </Word>
                <Word id="tr_3_tl_12_w4" custom="readingOrder {index:3;}">
                    <Coords points="2499,721 2499,781 2616,781 2616,721"/>
                    <TextEquiv>
                        <Unicode>haben.</Unicode>
                    </TextEquiv>
                </Word>
                <Word id="tr_3_tl_12_w5" custom="readingOrder {index:4;}">
                    <Coords points="2637,724 2637,784 2700,784 2700,724"/>
                    <TextEquiv>
                        <Unicode>Der</Unicode>
                    </TextEquiv>
                </Word>
                <Word id="tr_3_tl_12_w6" custom="readingOrder {index:5;}">
                    <Coords points="2735,724 2735,784 2798,784 2798,724"/>
                    <TextEquiv>
                        <Unicode>Tod</Unicode>
                    </TextEquiv>
                </Word>
                <Word id="tr_3_tl_12_w7" custom="readingOrder {index:6;}">
                    <Coords points="2828,724 2828,784 2936,784 2936,724"/>
                    <TextEquiv>
                        <Unicode>dürfte</Unicode>
                    </TextEquiv>
                </Word>
                <Word id="tr_3_tl_12_w8" custom="readingOrder {index:7;}">
                    <Coords points="2966,727 2966,787 3019,787 3019,727"/>
                    <TextEquiv>
                        <Unicode>auf</Unicode>
                    </TextEquiv>
                </Word>
                <Word id="tr_3_tl_12_w9" custom="readingOrder {index:8;}">
                    <Coords points="3044,724 3044,784 3107,784 3107,724"/>
                    <TextEquiv>
                        <Unicode>Ge¬</Unicode>
                    </TextEquiv>
                </Word>
                <TextEquiv>
                    <Unicode>wieder erlangt zu haben. Der Tod dürfte auf Ge¬</Unicode>
                </TextEquiv>
            </TextLine>
            <TextLine id="tr_3_tl_13" custom="readingOrder {index:12;}">
                <Coords points="2129,825 2501,835 2628,817 2731,835 2718,769 2592,785 2328,767 2298,785 2129,764"/>
                <Baseline points="2137,806 2166,806 2196,807 2226,809 2256,809 2286,809 2316,809 2345,809 2375,809 2405,809 2435,809 2465,809 2495,809 2525,809 2554,809 2584,809 2614,809 2644,810 2674,812 2704,812 2734,812"/>
                <Word id="tr_3_tl_13_w1" custom="readingOrder {index:0;}">
                    <Coords points="2135,768 2135,828 2307,828 2307,768"/>
                    <TextEquiv>
                        <Unicode>hirnschlag</Unicode>
                    </TextEquiv>
                </Word>
                <Word id="tr_3_tl_13_w2" custom="readingOrder {index:1;}">
                    <Coords points="2340,769 2340,829 2599,829 2599,769"/>
                    <TextEquiv>
                        <Unicode>zurückzuführen</Unicode>
                    </TextEquiv>
                </Word>
                <Word id="tr_3_tl_13_w3" custom="readingOrder {index:2;}">
                    <Coords points="2638,772 2638,832 2718,832 2718,772"/>
                    <TextEquiv>
                        <Unicode>sein.</Unicode>
                    </TextEquiv>
                </Word>
                <TextEquiv>
                    <Unicode>hirnschlag zurückzuführen sein.</Unicode>
                </TextEquiv>
            </TextLine>
            <TextLine id="tr_3_tl_14" custom="readingOrder {index:13;}">
                <Coords points="2171,864 3116,893 3115,829 2171,826"/>
                <Baseline points="2179,859 2226,859 2273,862 2320,862 2367,865 2414,865 2461,864 2508,863 2555,865 2602,865 2649,865 2696,867 2743,868 2790,868 2837,868 2884,868 2931,868 2978,868 3025,871 3072,871 3119,871"/>
                <Word id="tr_3_tl_14_w1" custom="readingOrder {index:0;}">
                    <Coords points="2176,819 2176,879 2276,879 2276,819"/>
                    <TextEquiv>
                        <Unicode>Artur</Unicode>
                    </TextEquiv>
                </Word>
                <Word id="tr_3_tl_14_w2" custom="readingOrder {index:1;}">
                    <Coords points="2307,825 2307,885 2478,885 2478,825"/>
                    <TextEquiv>
                        <Unicode>Schnitzler</Unicode>
                    </TextEquiv>
                </Word>
                <Word id="tr_3_tl_14_w3" custom="readingOrder {index:2;}">
                    <Coords points="2524,825 2524,885 2634,885 2634,825"/>
                    <TextEquiv>
                        <Unicode>wurde</Unicode>
                    </TextEquiv>
                </Word>
                <Word id="tr_3_tl_14_w4" custom="readingOrder {index:3;}">
                    <Coords points="2681,827 2681,887 2720,887 2720,827"/>
                    <TextEquiv>
                        <Unicode>am</Unicode>
                    </TextEquiv>
                </Word>
                <Word id="tr_3_tl_14_w5" custom="readingOrder {index:4;}">
                    <Coords points="2766,828 2766,888 2816,888 2816,828"/>
                    <TextEquiv>
                        <Unicode>15.</Unicode>
                    </TextEquiv>
                </Word>
                <Word id="tr_3_tl_14_w6" custom="readingOrder {index:5;}">
                    <Coords points="2842,828 2842,888 2917,888 2917,828"/>
                    <TextEquiv>
                        <Unicode>Mai</Unicode>
                    </TextEquiv>
                </Word>
                <Word id="tr_3_tl_14_w7" custom="readingOrder {index:6;}">
                    <Coords points="2943,828 2943,888 3018,888 3018,828"/>
                    <TextEquiv>
                        <Unicode>1862</Unicode>
                    </TextEquiv>
                </Word>
                <Word id="tr_3_tl_14_w8" custom="readingOrder {index:7;}">
                    <Coords points="3069,831 3069,891 3099,891 3099,831"/>
                    <TextEquiv>
                        <Unicode>in</Unicode>
                    </TextEquiv>
                </Word>
                <TextEquiv>
                    <Unicode>Artur Schnitzler wurde am 15. Mai 1862 in</Unicode>
                </TextEquiv>
            </TextLine>
            <TextLine id="tr_3_tl_15" custom="readingOrder {index:14;}">
                <Coords points="2132,915 3119,929 3065,879 2132,876"/>
                <Baseline points="2140,910 2189,910 2238,911 2287,912 2336,911 2385,913 2434,913 2483,911 2532,912 2581,913 2631,916 2680,913 2729,913 2778,916 2827,916 2876,916 2925,916 2974,918 3023,919 3072,917 3122,919"/>
                <Word id="tr_3_tl_15_w1" custom="readingOrder {index:0;}">
                    <Coords points="2136,870 2136,930 2217,930 2217,870"/>
                    <TextEquiv>
                        <Unicode>Wien</Unicode>
                    </TextEquiv>
                </Word>
                <Word id="tr_3_tl_15_w2" custom="readingOrder {index:1;}">
                    <Coords points="2251,871 2251,931 2298,931 2298,871"/>
                    <TextEquiv>
                        <Unicode>als</Unicode>
                    </TextEquiv>
                </Word>
                <Word id="tr_3_tl_15_w3" custom="readingOrder {index:2;}">
                    <Coords points="2327,872 2327,932 2413,932 2413,872"/>
                    <TextEquiv>
                        <Unicode>Sohn</Unicode>
                    </TextEquiv>
                </Word>
                <Word id="tr_3_tl_15_w4" custom="readingOrder {index:3;}">
                    <Coords points="2447,871 2447,931 2499,931 2499,871"/>
                    <TextEquiv>
                        <Unicode>des</Unicode>
                    </TextEquiv>
                </Word>
                <Word id="tr_3_tl_15_w5" custom="readingOrder {index:4;}">
                    <Coords points="2529,875 2529,935 2739,935 2739,875"/>
                    <TextEquiv>
                        <Unicode>bedeutenden</Unicode>
                    </TextEquiv>
                </Word>
                <Word id="tr_3_tl_15_w6" custom="readingOrder {index:5;}">
                    <Coords points="2778,876 2778,936 3017,936 3017,876"/>
                    <TextEquiv>
                        <Unicode>Laryngologen</Unicode>
                    </TextEquiv>
                </Word>
                <Word id="tr_3_tl_15_w7" custom="readingOrder {index:6;}">
                    <Coords points="3051,877 3051,937 3113,937 3113,877"/>
                    <TextEquiv>
                        <Unicode>Dr.</Unicode>
                    </TextEquiv>
                </Word>
                <TextEquiv>
                    <Unicode>Wien als Sohn des bedeutenden Laryngologen Dr.</Unicode>
                </TextEquiv>
            </TextLine>
            <TextLine id="tr_3_tl_16" custom="readingOrder {index:15;}">
                <Coords points="2135,972 3111,973 3109,933 3062,930 2133,919"/>
                <Baseline points="2143,961 2191,961 2240,961 2288,959 2337,961 2385,961 2434,961 2482,961 2531,961 2579,961 2628,963 2676,961 2725,964 2773,961 2822,964 2870,964 2919,964 2967,965 3016,966 3064,964 3113,964"/>
                <Word id="tr_3_tl_16_w1" custom="readingOrder {index:0;}">
                    <Coords points="2133,921 2133,981 2259,981 2259,921"/>
                    <TextEquiv>
                        <Unicode>Johann</Unicode>
                    </TextEquiv>
                </Word>
                <Word id="tr_3_tl_16_w2" custom="readingOrder {index:1;}">
                    <Coords points="2297,921 2297,981 2465,981 2465,921"/>
                    <TextEquiv>
                        <Unicode>Schnitzler</Unicode>
                    </TextEquiv>
                </Word>
                <Word id="tr_3_tl_16_w3" custom="readingOrder {index:2;}">
                    <Coords points="2492,921 2492,981 2645,981 2645,921"/>
                    <TextEquiv>
                        <Unicode>geboren.</Unicode>
                    </TextEquiv>
                </Word>
                <Word id="tr_3_tl_16_w4" custom="readingOrder {index:3;}">
                    <Coords points="2672,922 2672,982 2745,982 2745,922"/>
                    <TextEquiv>
                        <Unicode>Nach</Unicode>
                    </TextEquiv>
                </Word>
                <Word id="tr_3_tl_16_w5" custom="readingOrder {index:4;}">
                    <Coords points="2783,924 2783,984 3020,984 3020,924"/>
                    <TextEquiv>
                        <Unicode>Absolvierung</Unicode>
                    </TextEquiv>
                </Word>
                <Word id="tr_3_tl_16_w6" custom="readingOrder {index:5;}">
                    <Coords points="3052,924 3052,984 3099,984 3099,924"/>
                    <TextEquiv>
                        <Unicode>des</Unicode>
                    </TextEquiv>
                </Word>
                <TextEquiv>
                    <Unicode>Johann Schnitzler geboren. Nach Absolvierung des</Unicode>
                </TextEquiv>
            </TextLine>
            <TextLine id="tr_3_tl_17" custom="readingOrder {index:16;}">
                <Coords points="2129,1013 3115,1027 3115,977 3071,973 2129,969"/>
                <Baseline points="2137,1006 2186,1009 2235,1009 2284,1009 2333,1009 2382,1009 2431,1009 2480,1009 2529,1009 2578,1009 2628,1009 2677,1012 2726,1009 2775,1011 2824,1010 2873,1012 2922,1012 2971,1012 3020,1014 3069,1015 3119,1015"/>
                <Word id="tr_3_tl_17_w1" custom="readingOrder {index:0;}">
                    <Coords points="2129,969 2129,1029 2364,1029 2364,969"/>
                    <TextEquiv>
                        <Unicode>Gymnasiums</Unicode>
                    </TextEquiv>
                </Word>
                <Word id="tr_3_tl_17_w2" custom="readingOrder {index:1;}">
                    <Coords points="2395,969 2395,1029 2545,1029 2545,969"/>
                    <TextEquiv>
                        <Unicode>studierte</Unicode>
                    </TextEquiv>
                </Word>
                <Word id="tr_3_tl_17_w3" custom="readingOrder {index:2;}">
                    <Coords points="2571,969 2571,1029 2605,1029 2605,969"/>
                    <TextEquiv>
                        <Unicode>er</Unicode>
                    </TextEquiv>
                </Word>
                <Word id="tr_3_tl_17_w4" custom="readingOrder {index:3;}">
                    <Coords points="2636,969 2636,1029 2802,1029 2802,969"/>
                    <TextEquiv>
                        <Unicode>Medizin,</Unicode>
                    </TextEquiv>
                </Word>
                <Word id="tr_3_tl_17_w5" custom="readingOrder {index:4;}">
                    <Coords points="2822,971 2822,1031 2907,1031 2907,971"/>
                    <TextEquiv>
                        <Unicode>wozu</Unicode>
                    </TextEquiv>
                </Word>
                <Word id="tr_3_tl_17_w6" custom="readingOrder {index:5;}">
                    <Coords points="2943,972 2943,1032 2988,1032 2988,972"/>
                    <TextEquiv>
                        <Unicode>ihn</Unicode>
                    </TextEquiv>
                </Word>
                <Word id="tr_3_tl_17_w7" custom="readingOrder {index:6;}">
                    <Coords points="3028,974 3028,1034 3108,1034 3108,974"/>
                    <TextEquiv>
                        <Unicode>nicht</Unicode>
                    </TextEquiv>
                </Word>
                <TextEquiv>
                    <Unicode>Gymnasiums studierte er Medizin, wozu ihn nicht</Unicode>
                </TextEquiv>
            </TextLine>
            <TextLine id="tr_3_tl_18" custom="readingOrder {index:17;}">
                <Coords points="2132,1067 3115,1070 3115,1027 3043,1020 2132,1018"/>
                <Baseline points="2140,1056 2191,1056 2243,1056 2294,1055 2346,1053 2397,1055 2449,1056 2500,1056 2552,1056 2603,1056 2655,1056 2706,1058 2758,1059 2809,1059 2861,1059 2912,1059 2964,1059 3015,1059 3067,1059 3119,1056"/>
                <Word id="tr_3_tl_18_w1" custom="readingOrder {index:0;}">
                    <Coords points="2132,1016 2132,1076 2197,1076 2197,1016"/>
                    <TextEquiv>
                        <Unicode>bloß</Unicode>
                    </TextEquiv>
                </Word>
                <Word id="tr_3_tl_18_w2" custom="readingOrder {index:1;}">
                    <Coords points="2227,1015 2227,1075 2283,1075 2283,1015"/>
                    <TextEquiv>
                        <Unicode>das</Unicode>
                    </TextEquiv>
                </Word>
                <Word id="tr_3_tl_18_w3" custom="readingOrder {index:2;}">
                    <Coords points="2314,1014 2314,1074 2455,1074 2455,1014"/>
                    <TextEquiv>
                        <Unicode>Beispiel</Unicode>
                    </TextEquiv>
                </Word>
                <Word id="tr_3_tl_18_w4" custom="readingOrder {index:3;}">
                    <Coords points="2476,1016 2476,1076 2577,1076 2577,1016"/>
                    <TextEquiv>
                        <Unicode>seines</Unicode>
                    </TextEquiv>
                </Word>
                <Word id="tr_3_tl_18_w5" custom="readingOrder {index:4;}">
                    <Coords points="2608,1016 2608,1076 2744,1076 2744,1016"/>
                    <TextEquiv>
                        <Unicode>Vaters,</Unicode>
                    </TextEquiv>
                </Word>
                <Word id="tr_3_tl_18_w6" custom="readingOrder {index:5;}">
                    <Coords points="2765,1019 2765,1079 2901,1079 2901,1019"/>
                    <TextEquiv>
                        <Unicode>sondern</Unicode>
                    </TextEquiv>
                </Word>
                <Word id="tr_3_tl_18_w7" custom="readingOrder {index:6;}">
                    <Coords points="2932,1019 2932,1079 2987,1079 2987,1019"/>
                    <TextEquiv>
                        <Unicode>vor</Unicode>
                    </TextEquiv>
                </Word>
                <Word id="tr_3_tl_18_w8" custom="readingOrder {index:7;}">
                    <Coords points="3013,1019 3013,1079 3093,1079 3093,1019"/>
                    <TextEquiv>
                        <Unicode>allem</Unicode>
                    </TextEquiv>
                </Word>
                <TextEquiv>
                    <Unicode>bloß das Beispiel seines Vaters, sondern vor allem</Unicode>
                </TextEquiv>
            </TextLine>
            <TextLine id="tr_3_tl_19" custom="readingOrder {index:18;}">
                <Coords points="2132,1116 3109,1117 3083,1069 2132,1073"/>
                <Baseline points="2140,1101 2188,1104 2237,1104 2285,1104 2334,1104 2383,1104 2431,1104 2480,1104 2529,1106 2577,1105 2626,1104 2675,1104 2723,1104 2772,1104 2821,1105 2869,1107 2918,1107 2967,1107 3015,1109 3064,1108 3113,1107"/>
                <Word id="tr_3_tl_19_w1" custom="readingOrder {index:0;}">
                    <Coords points="2132,1062 2132,1122 2191,1122 2191,1062"/>
                    <TextEquiv>
                        <Unicode>sein</Unicode>
                    </TextEquiv>
                </Word>
                <Word id="tr_3_tl_19_w2" custom="readingOrder {index:1;}">
                    <Coords points="2227,1064 2227,1124 2307,1124 2307,1064"/>
                    <TextEquiv>
                        <Unicode>schon</Unicode>
                    </TextEquiv>
                </Word>
                <Word id="tr_3_tl_19_w3" custom="readingOrder {index:2;}">
                    <Coords points="2342,1064 2342,1124 2468,1124 2468,1064"/>
                    <TextEquiv>
                        <Unicode>damals</Unicode>
                    </TextEquiv>
                </Word>
                <Word id="tr_3_tl_19_w4" custom="readingOrder {index:3;}">
                    <Coords points="2519,1064 2519,1124 2795,1124 2795,1064"/>
                    <TextEquiv>
                        <Unicode>außerordentlich</Unicode>
                    </TextEquiv>
                </Word>
                <Word id="tr_3_tl_19_w5" custom="readingOrder {index:4;}">
                    <Coords points="2826,1067 2826,1127 2916,1127 2916,1067"/>
                    <TextEquiv>
                        <Unicode>reges</Unicode>
                    </TextEquiv>
                </Word>
                <Word id="tr_3_tl_19_w6" custom="readingOrder {index:5;}">
                    <Coords points="2947,1068 2947,1128 3107,1128 3107,1068"/>
                    <TextEquiv>
                        <Unicode>Interesse</Unicode>
                    </TextEquiv>
                </Word>
                <TextEquiv>
                    <Unicode>sein schon damals außerordentlich reges Interesse</Unicode>
                </TextEquiv>
            </TextLine>
            <TextLine id="tr_3_tl_20" custom="readingOrder {index:19;}">
                <Coords points="2132,1159 3109,1177 3097,1116 2132,1127"/>
                <Baseline points="2140,1149 2188,1149 2237,1152 2285,1152 2334,1152 2383,1151 2431,1150 2480,1152 2529,1152 2577,1152 2626,1155 2675,1152 2723,1152 2772,1155 2821,1155 2869,1155 2918,1155 2967,1155 3015,1155 3064,1155 3113,1155"/>
                <Word id="tr_3_tl_20_w1" custom="readingOrder {index:0;}">
                    <Coords points="2131,1109 2131,1169 2165,1169 2165,1109"/>
                    <TextEquiv>
                        <Unicode>am</Unicode>
                    </TextEquiv>
                </Word>
                <Word id="tr_3_tl_20_w2" custom="readingOrder {index:1;}">
                    <Coords points="2210,1112 2210,1172 2376,1172 2376,1112"/>
                    <TextEquiv>
                        <Unicode>Menschen</Unicode>
                    </TextEquiv>
                </Word>
                <Word id="tr_3_tl_20_w3" custom="readingOrder {index:2;}">
                    <Coords points="2431,1112 2431,1172 2553,1172 2553,1112"/>
                    <TextEquiv>
                        <Unicode>bewog.</Unicode>
                    </TextEquiv>
                </Word>
                <Word id="tr_3_tl_20_w4" custom="readingOrder {index:3;}">
                    <Coords points="2598,1114 2598,1174 2676,1174 2676,1114"/>
                    <TextEquiv>
                        <Unicode>1885</Unicode>
                    </TextEquiv>
                </Word>
                <Word id="tr_3_tl_20_w5" custom="readingOrder {index:4;}">
                    <Coords points="2710,1115 2710,1175 2931,1175 2931,1115"/>
                    <TextEquiv>
                        <Unicode>promovierte</Unicode>
                    </TextEquiv>
                </Word>
                <Word id="tr_3_tl_20_w6" custom="readingOrder {index:5;}">
                    <Coords points="2980,1115 2980,1175 3014,1175 3014,1115"/>
                    <TextEquiv>
                        <Unicode>er</Unicode>
                    </TextEquiv>
                </Word>
                <Word id="tr_3_tl_20_w7" custom="readingOrder {index:6;}">
                    <Coords points="3044,1115 3044,1175 3103,1175 3103,1115"/>
                    <TextEquiv>
                        <Unicode>und</Unicode>
                    </TextEquiv>
                </Word>
                <TextEquiv>
                    <Unicode>am Menschen bewog. 1885 promovierte er und</Unicode>
                </TextEquiv>
            </TextLine>
            <TextLine id="tr_3_tl_21" custom="readingOrder {index:20;}">
                <Coords points="2132,1214 3109,1217 3109,1178 3032,1163 2132,1171"/>
                <Baseline points="2140,1197 2188,1200 2237,1200 2285,1201 2334,1202 2383,1200 2431,1200 2480,1200 2529,1200 2577,1200 2626,1200 2675,1200 2723,1203 2772,1203 2821,1203 2869,1203 2918,1202 2967,1201 3015,1205 3064,1204 3113,1203"/>
                <Word id="tr_3_tl_21_w1" custom="readingOrder {index:0;}">
                    <Coords points="2136,1160 2136,1220 2258,1220 2258,1160"/>
                    <TextEquiv>
                        <Unicode>wurde,</Unicode>
                    </TextEquiv>
                </Word>
                <Word id="tr_3_tl_21_w2" custom="readingOrder {index:1;}">
                    <Coords points="2283,1161 2283,1221 2415,1221 2415,1161"/>
                    <TextEquiv>
                        <Unicode>nachdem</Unicode>
                    </TextEquiv>
                </Word>
                <Word id="tr_3_tl_21_w3" custom="readingOrder {index:2;}">
                    <Coords points="2460,1160 2460,1220 2494,1220 2494,1160"/>
                    <TextEquiv>
                        <Unicode>er</Unicode>
                    </TextEquiv>
                </Word>
                <Word id="tr_3_tl_21_w4" custom="readingOrder {index:3;}">
                    <Coords points="2524,1160 2524,1220 2611,1220 2611,1160"/>
                    <TextEquiv>
                        <Unicode>durch</Unicode>
                    </TextEquiv>
                </Word>
                <Word id="tr_3_tl_21_w5" custom="readingOrder {index:4;}">
                    <Coords points="2652,1160 2652,1220 2720,1220 2720,1160"/>
                    <TextEquiv>
                        <Unicode>drei</Unicode>
                    </TextEquiv>
                </Word>
                <Word id="tr_3_tl_21_w6" custom="readingOrder {index:5;}">
                    <Coords points="2750,1163 2750,1223 2852,1223 2852,1163"/>
                    <TextEquiv>
                        <Unicode>Jahre</Unicode>
                    </TextEquiv>
                </Word>
                <Word id="tr_3_tl_21_w7" custom="readingOrder {index:6;}">
                    <Coords points="2883,1162 2883,1222 2921,1222 2921,1162"/>
                    <TextEquiv>
                        <Unicode>an</Unicode>
                    </TextEquiv>
                </Word>
                <Word id="tr_3_tl_21_w8" custom="readingOrder {index:7;}">
                    <Coords points="2961,1164 2961,1224 3098,1224 3098,1164"/>
                    <TextEquiv>
                        <Unicode>Kliniken</Unicode>
                    </TextEquiv>
                </Word>
                <TextEquiv>
                    <Unicode>wurde, nachdem er durch drei Jahre an Kliniken</Unicode>
                </TextEquiv>
            </TextLine>
            <TextLine id="tr_3_tl_22" custom="readingOrder {index:21;}">
                <Coords points="2132,1261 3119,1266 3119,1216 3083,1212 2132,1214"/>
                <Baseline points="2140,1247 2189,1247 2238,1247 2287,1248 2336,1249 2385,1247 2434,1247 2483,1247 2532,1249 2581,1247 2631,1247 2680,1247 2729,1250 2778,1249 2827,1248 2876,1250 2925,1248 2974,1249 3023,1250 3072,1250 3122,1253"/>
                <Word id="tr_3_tl_22_w1" custom="readingOrder {index:0;}">
                    <Coords points="2132,1207 2132,1267 2322,1267 2322,1207"/>
                    <TextEquiv>
                        <Unicode>praktiziert</Unicode>
                    </TextEquiv>
                </Word>
                <Word id="tr_3_tl_22_w2" custom="readingOrder {index:1;}">
                    <Coords points="2370,1207 2370,1267 2471,1267 2471,1207"/>
                    <TextEquiv>
                        <Unicode>hatte,</Unicode>
                    </TextEquiv>
                </Word>
                <Word id="tr_3_tl_22_w3" custom="readingOrder {index:2;}">
                    <Coords points="2513,1207 2513,1267 2640,1267 2640,1207"/>
                    <TextEquiv>
                        <Unicode>Assisten</Unicode>
                    </TextEquiv>
                </Word>
                <Word id="tr_3_tl_22_w4" custom="readingOrder {index:3;}">
                    <Coords points="2694,1209 2694,1269 2799,1269 2799,1209"/>
                    <TextEquiv>
                        <Unicode>seines</Unicode>
                    </TextEquiv>
                </Word>
                <Word id="tr_3_tl_22_w5" custom="readingOrder {index:4;}">
                    <Coords points="2832,1209 2832,1269 2952,1269 2952,1209"/>
                    <TextEquiv>
                        <Unicode>Vaters</Unicode>
                    </TextEquiv>
                </Word>
                <Word id="tr_3_tl_22_w6" custom="readingOrder {index:5;}">
                    <Coords points="2985,1209 2985,1269 3016,1269 3016,1209"/>
                    <TextEquiv>
                        <Unicode>an</Unicode>
                    </TextEquiv>
                </Word>
                <Word id="tr_3_tl_22_w7" custom="readingOrder {index:6;}">
                    <Coords points="3054,1210 3054,1270 3106,1270 3106,1210"/>
                    <TextEquiv>
                        <Unicode>der</Unicode>
                    </TextEquiv>
                </Word>
                <TextEquiv>
                    <Unicode>praktiziert hatte, Assisten seines Vaters an der</Unicode>
                </TextEquiv>
            </TextLine>
            <TextLine id="tr_3_tl_23" custom="readingOrder {index:22;}">
                <Coords points="2132,1306 3115,1320 3115,1273 3036,1260 2132,1260"/>
                <Baseline points="2140,1295 2191,1292 2243,1295 2294,1295 2346,1295 2397,1295 2449,1295 2500,1295 2552,1296 2603,1298 2655,1298 2706,1298 2758,1298 2809,1298 2861,1298 2912,1298 2964,1299 3015,1301 3067,1301 3119,1301"/>
                <Word id="tr_3_tl_23_w1" custom="readingOrder {index:0;}">
                    <Coords points="2132,1252 2132,1312 2258,1312 2258,1252"/>
                    <TextEquiv>
                        <Unicode>Wiener</Unicode>
                    </TextEquiv>
                </Word>
                <Word id="tr_3_tl_23_w2" custom="readingOrder {index:1;}">
                    <Coords points="2291,1255 2291,1315 2508,1315 2508,1255"/>
                    <TextEquiv>
                        <Unicode>Allgemeinen</Unicode>
                    </TextEquiv>
                </Word>
                <Word id="tr_3_tl_23_w3" custom="readingOrder {index:2;}">
                    <Coords points="2540,1258 2540,1318 2731,1318 2731,1258"/>
                    <TextEquiv>
                        <Unicode>Poliklinik.</Unicode>
                    </TextEquiv>
                </Word>
                <Word id="tr_3_tl_23_w4" custom="readingOrder {index:3;}">
                    <Coords points="2753,1258 2753,1318 2789,1318 2789,1258"/>
                    <TextEquiv>
                        <Unicode>In</Unicode>
                    </TextEquiv>
                </Word>
                <Word id="tr_3_tl_23_w5" custom="readingOrder {index:4;}">
                    <Coords points="2827,1258 2827,1318 2922,1318 2922,1258"/>
                    <TextEquiv>
                        <Unicode>dieser</Unicode>
                    </TextEquiv>
                </Word>
                <Word id="tr_3_tl_23_w6" custom="readingOrder {index:5;}">
                    <Coords points="2954,1261 2954,1321 3107,1321 3107,1261"/>
                    <TextEquiv>
                        <Unicode>Stellung</Unicode>
                    </TextEquiv>
                </Word>
                <TextEquiv>
                    <Unicode>Wiener Allgemeinen Poliklinik. In dieser Stellung</Unicode>
                </TextEquiv>
            </TextLine>
            <TextLine id="tr_3_tl_24" custom="readingOrder {index:23;}">
                <Coords points="2127,1357 3112,1359 3061,1306 2127,1311"/>
                <Baseline points="2134,1343 2183,1343 2232,1345 2281,1343 2330,1343 2379,1343 2428,1345 2477,1346 2526,1344 2575,1346 2625,1349 2674,1349 2723,1346 2772,1348 2821,1346 2870,1346 2919,1346 2968,1348 3017,1347 3066,1346 3116,1346"/>
                <Word id="tr_3_tl_24_w1" custom="readingOrder {index:0;}">
                    <Coords points="2132,1303 2132,1363 2269,1363 2269,1303"/>
                    <TextEquiv>
                        <Unicode>verblieb</Unicode>
                    </TextEquiv>
                </Word>
                <Word id="tr_3_tl_24_w2" custom="readingOrder {index:1;}">
                    <Coords points="2301,1303 2301,1363 2327,1363 2327,1303"/>
                    <TextEquiv>
                        <Unicode>er</Unicode>
                    </TextEquiv>
                </Word>
                <Word id="tr_3_tl_24_w3" custom="readingOrder {index:2;}">
                    <Coords points="2354,1303 2354,1363 2401,1363 2401,1303"/>
                    <TextEquiv>
                        <Unicode>bis</Unicode>
                    </TextEquiv>
                </Word>
                <Word id="tr_3_tl_24_w4" custom="readingOrder {index:3;}">
                    <Coords points="2428,1305 2428,1365 2528,1365 2528,1305"/>
                    <TextEquiv>
                        <Unicode>1893,</Unicode>
                    </TextEquiv>
                </Word>
                <Word id="tr_3_tl_24_w5" custom="readingOrder {index:4;}">
                    <Coords points="2544,1305 2544,1365 2591,1365 2591,1305"/>
                    <TextEquiv>
                        <Unicode>tat</Unicode>
                    </TextEquiv>
                </Word>
                <Word id="tr_3_tl_24_w6" custom="readingOrder {index:5;}">
                    <Coords points="2619,1309 2619,1369 2719,1369 2719,1309"/>
                    <TextEquiv>
                        <Unicode>später</Unicode>
                    </TextEquiv>
                </Word>
                <Word id="tr_3_tl_24_w7" custom="readingOrder {index:6;}">
                    <Coords points="2746,1306 2746,1366 2856,1366 2856,1306"/>
                    <TextEquiv>
                        <Unicode>Dienst</Unicode>
                    </TextEquiv>
                </Word>
                <Word id="tr_3_tl_24_w8" custom="readingOrder {index:7;}">
                    <Coords points="2883,1306 2883,1366 2930,1366 2930,1306"/>
                    <TextEquiv>
                        <Unicode>als</Unicode>
                    </TextEquiv>
                </Word>
                <Word id="tr_3_tl_24_w9" custom="readingOrder {index:8;}">
                    <Coords points="2957,1306 2957,1366 3110,1366 3110,1306"/>
                    <TextEquiv>
                        <Unicode>Militär¬</Unicode>
                    </TextEquiv>
                </Word>
                <TextEquiv>
                    <Unicode>verblieb er bis 1893, tat später Dienst als Militär¬</Unicode>
                </TextEquiv>
            </TextLine>
            <TextLine id="tr_3_tl_25" custom="readingOrder {index:24;}">
                <Coords points="2124,1400 3115,1415 3114,1356 2122,1354"/>
                <Baseline points="2131,1391 2180,1394 2229,1392 2279,1394 2328,1393 2378,1393 2427,1394 2476,1394 2526,1394 2575,1394 2625,1394 2674,1394 2723,1394 2773,1394 2822,1394 2872,1394 2921,1396 2970,1397 3020,1394 3069,1394 3119,1394"/>
                <Word id="tr_3_tl_25_w1" custom="readingOrder {index:0;}">
                    <Coords points="2127,1353 2127,1413 2214,1413 2214,1353"/>
                    <TextEquiv>
                        <Unicode>arzt,</Unicode>
                    </TextEquiv>
                </Word>
                <Word id="tr_3_tl_25_w2" custom="readingOrder {index:1;}">
                    <Coords points="2236,1353 2236,1413 2380,1413 2380,1353"/>
                    <TextEquiv>
                        <Unicode>widmete</Unicode>
                    </TextEquiv>
                </Word>
                <Word id="tr_3_tl_25_w3" custom="readingOrder {index:2;}">
                    <Coords points="2408,1354 2408,1414 2453,1414 2453,1354"/>
                    <TextEquiv>
                        <Unicode>sich</Unicode>
                    </TextEquiv>
                </Word>
                <Word id="tr_3_tl_25_w4" custom="readingOrder {index:3;}">
                    <Coords points="2485,1354 2485,1414 2558,1414 2558,1354"/>
                    <TextEquiv>
                        <Unicode>aber</Unicode>
                    </TextEquiv>
                </Word>
                <Word id="tr_3_tl_25_w5" custom="readingOrder {index:4;}">
                    <Coords points="2589,1354 2589,1414 2656,1414 2656,1354"/>
                    <TextEquiv>
                        <Unicode>bald</Unicode>
                    </TextEquiv>
                </Word>
                <Word id="tr_3_tl_25_w6" custom="readingOrder {index:5;}">
                    <Coords points="2687,1354 2687,1414 2755,1414 2755,1354"/>
                    <TextEquiv>
                        <Unicode>nach</Unicode>
                    </TextEquiv>
                </Word>
                <Word id="tr_3_tl_25_w7" custom="readingOrder {index:6;}">
                    <Coords points="2786,1354 2786,1414 2838,1414 2838,1354"/>
                    <TextEquiv>
                        <Unicode>dem</Unicode>
                    </TextEquiv>
                </Word>
                <Word id="tr_3_tl_25_w8" custom="readingOrder {index:7;}">
                    <Coords points="2880,1356 2880,1416 3025,1416 3025,1356"/>
                    <TextEquiv>
                        <Unicode>Anbruch</Unicode>
                    </TextEquiv>
                </Word>
                <Word id="tr_3_tl_25_w9" custom="readingOrder {index:8;}">
                    <Coords points="3057,1354 3057,1414 3108,1414 3108,1354"/>
                    <TextEquiv>
                        <Unicode>des</Unicode>
                    </TextEquiv>
                </Word>
                <TextEquiv>
                    <Unicode>arzt, widmete sich aber bald nach dem Anbruch des</Unicode>
                </TextEquiv>
            </TextLine>
            <TextLine id="tr_3_tl_26" custom="readingOrder {index:25;}">
                <Coords points="2127,1447 3109,1456 3090,1406 2127,1411"/>
                <Baseline points="2134,1439 2185,1441 2237,1440 2288,1439 2340,1440 2391,1441 2443,1441 2494,1441 2546,1441 2597,1441 2649,1442 2700,1444 2752,1444 2803,1444 2855,1444 2906,1444 2958,1444 3009,1444 3061,1444 3113,1441"/>
                <Word id="tr_3_tl_26_w1" custom="readingOrder {index:0;}">
                    <Coords points="2127,1400 2127,1460 2224,1460 2224,1400"/>
                    <TextEquiv>
                        <Unicode>neuen</Unicode>
                    </TextEquiv>
                </Word>
                <Word id="tr_3_tl_26_w2" custom="readingOrder {index:1;}">
                    <Coords points="2266,1400 2266,1460 2446,1460 2446,1400"/>
                    <TextEquiv>
                        <Unicode>Säkulums</Unicode>
                    </TextEquiv>
                </Word>
                <Word id="tr_3_tl_26_w3" custom="readingOrder {index:2;}">
                    <Coords points="2498,1401 2498,1461 2596,1461 2596,1401"/>
                    <TextEquiv>
                        <Unicode>völlig</Unicode>
                    </TextEquiv>
                </Word>
                <Word id="tr_3_tl_26_w4" custom="readingOrder {index:3;}">
                    <Coords points="2654,1403 2654,1463 2705,1463 2705,1403"/>
                    <TextEquiv>
                        <Unicode>der</Unicode>
                    </TextEquiv>
                </Word>
                <Word id="tr_3_tl_26_w5" custom="readingOrder {index:4;}">
                    <Coords points="2757,1404 2757,1464 2957,1464 2957,1404"/>
                    <TextEquiv>
                        <Unicode>Dichtkunst.</Unicode>
                    </TextEquiv>
                </Word>
                <Word id="tr_3_tl_26_w6" custom="readingOrder {index:5;}">
                    <Coords points="2999,1404 2999,1464 3102,1464 3102,1404"/>
                    <TextEquiv>
                        <Unicode>Artur</Unicode>
                    </TextEquiv>
                </Word>
                <TextEquiv>
                    <Unicode>neuen Säkulums völlig der Dichtkunst. Artur</Unicode>
                </TextEquiv>
            </TextLine>
            <TextLine id="tr_3_tl_27" custom="readingOrder {index:26;}">
                <Coords points="2132,1501 3109,1508 3101,1454 2132,1457"/>
                <Baseline points="2140,1489 2188,1489 2237,1489 2285,1489 2334,1489 2383,1489 2431,1489 2480,1489 2529,1489 2577,1489 2626,1489 2675,1492 2723,1489 2772,1492 2821,1492 2869,1492 2918,1492 2967,1492 3015,1492 3064,1492 3113,1495"/>
                <Word id="tr_3_tl_27_w1" custom="readingOrder {index:0;}">
                    <Coords points="2127,1449 2127,1509 2313,1509 2313,1449"/>
                    <TextEquiv>
                        <Unicode>Schnitzler,</Unicode>
                    </TextEquiv>
                </Word>
                <Word id="tr_3_tl_27_w2" custom="readingOrder {index:1;}">
                    <Coords points="2334,1449 2334,1509 2386,1509 2386,1449"/>
                    <TextEquiv>
                        <Unicode>der</Unicode>
                    </TextEquiv>
                </Word>
                <Word id="tr_3_tl_27_w3" custom="readingOrder {index:2;}">
                    <Coords points="2417,1449 2417,1509 2614,1509 2614,1449"/>
                    <TextEquiv>
                        <Unicode>verheiratet</Unicode>
                    </TextEquiv>
                </Word>
                <Word id="tr_3_tl_27_w4" custom="readingOrder {index:3;}">
                    <Coords points="2640,1451 2640,1511 2728,1511 2728,1451"/>
                    <TextEquiv>
                        <Unicode>war,</Unicode>
                    </TextEquiv>
                </Word>
                <Word id="tr_3_tl_27_w5" custom="readingOrder {index:4;}">
                    <Coords points="2744,1452 2744,1512 2832,1512 2832,1452"/>
                    <TextEquiv>
                        <Unicode>hatte</Unicode>
                    </TextEquiv>
                </Word>
                <Word id="tr_3_tl_27_w6" custom="readingOrder {index:5;}">
                    <Coords points="2864,1452 2864,1512 2941,1512 2941,1452"/>
                    <TextEquiv>
                        <Unicode>zwei</Unicode>
                    </TextEquiv>
                </Word>
                <Word id="tr_3_tl_27_w7" custom="readingOrder {index:6;}">
                    <Coords points="2967,1452 2967,1512 3107,1512 3107,1452"/>
                    <TextEquiv>
                        <Unicode>Kinder;</Unicode>
                    </TextEquiv>
                </Word>
                <TextEquiv>
                    <Unicode>Schnitzler, der verheiratet war, hatte zwei Kinder;</Unicode>
                </TextEquiv>
            </TextLine>
            <TextLine id="tr_3_tl_28" custom="readingOrder {index:27;}">
                <Coords points="2127,1550 3107,1550 3079,1501 2127,1504"/>
                <Baseline points="2134,1534 2182,1540 2231,1537 2280,1537 2329,1537 2378,1537 2426,1539 2475,1538 2524,1539 2573,1540 2622,1540 2670,1540 2719,1540 2768,1540 2817,1540 2866,1540 2914,1540 2963,1542 3012,1541 3061,1540 3110,1540"/>
                <Word id="tr_3_tl_28_w1" custom="readingOrder {index:0;}">
                    <Coords points="2133,1497 2133,1557 2197,1557 2197,1497"/>
                    <TextEquiv>
                        <Unicode>eine</Unicode>
                    </TextEquiv>
                </Word>
                <Word id="tr_3_tl_28_w2" custom="readingOrder {index:1;}">
                    <Coords points="2225,1497 2225,1557 2370,1557 2370,1497"/>
                    <TextEquiv>
                        <Unicode>Tochter,</Unicode>
                    </TextEquiv>
                </Word>
                <Word id="tr_3_tl_28_w3" custom="readingOrder {index:2;}">
                    <Coords points="2381,1498 2381,1558 2473,1558 2473,1498"/>
                    <TextEquiv>
                        <Unicode>Lilli,</Unicode>
                    </TextEquiv>
                </Word>
                <Word id="tr_3_tl_28_w4" custom="readingOrder {index:3;}">
                    <Coords points="2489,1499 2489,1559 2559,1559 2559,1499"/>
                    <TextEquiv>
                        <Unicode>fand</Unicode>
                    </TextEquiv>
                </Word>
                <Word id="tr_3_tl_28_w5" custom="readingOrder {index:4;}">
                    <Coords points="2581,1500 2581,1560 2656,1560 2656,1500"/>
                    <TextEquiv>
                        <Unicode>1928</Unicode>
                    </TextEquiv>
                </Word>
                <Word id="tr_3_tl_28_w6" custom="readingOrder {index:5;}">
                    <Coords points="2684,1500 2684,1560 2710,1560 2710,1500"/>
                    <TextEquiv>
                        <Unicode>in</Unicode>
                    </TextEquiv>
                </Word>
                <Word id="tr_3_tl_28_w7" custom="readingOrder {index:6;}">
                    <Coords points="2738,1500 2738,1560 2878,1560 2878,1500"/>
                    <TextEquiv>
                        <Unicode>Venedig</Unicode>
                    </TextEquiv>
                </Word>
                <Word id="tr_3_tl_28_w8" custom="readingOrder {index:7;}">
                    <Coords points="2900,1501 2900,1561 2986,1561 2986,1501"/>
                    <TextEquiv>
                        <Unicode>einen</Unicode>
                    </TextEquiv>
                </Word>
                <Word id="tr_3_tl_28_w9" custom="readingOrder {index:8;}">
                    <Coords points="3019,1500 3019,1560 3105,1560 3105,1500"/>
                    <TextEquiv>
                        <Unicode>früh¬</Unicode>
                    </TextEquiv>
                </Word>
                <TextEquiv>
                    <Unicode>eine Tochter, Lilli, fand 1928 in Venedig einen früh¬</Unicode>
                </TextEquiv>
            </TextLine>
            <TextLine id="tr_3_tl_29" custom="readingOrder {index:28;}">
                <Coords points="2132,1608 3109,1601 3109,1546 2132,1558"/>
                <Baseline points="2140,1591 2188,1587 2237,1586 2285,1588 2334,1588 2383,1588 2431,1586 2480,1588 2529,1588 2577,1588 2626,1588 2675,1588 2723,1588 2772,1588 2821,1588 2869,1590 2918,1591 2967,1589 3015,1588 3064,1588 3113,1588"/>
                <Word id="tr_3_tl_29_w1" custom="readingOrder {index:0;}">
                    <Coords points="2132,1546 2132,1606 2256,1606 2256,1546"/>
                    <TextEquiv>
                        <Unicode>zeitigen</Unicode>
                    </TextEquiv>
                </Word>
                <Word id="tr_3_tl_29_w2" custom="readingOrder {index:1;}">
                    <Coords points="2300,1547 2300,1607 2467,1607 2467,1547"/>
                    <TextEquiv>
                        <Unicode>tragischen</Unicode>
                    </TextEquiv>
                </Word>
                <Word id="tr_3_tl_29_w3" custom="readingOrder {index:2;}">
                    <Coords points="2511,1548 2511,1608 2597,1608 2597,1548"/>
                    <TextEquiv>
                        <Unicode>Tod;</Unicode>
                    </TextEquiv>
                </Word>
                <Word id="tr_3_tl_29_w4" custom="readingOrder {index:3;}">
                    <Coords points="2625,1548 2625,1608 2684,1608 2684,1548"/>
                    <TextEquiv>
                        <Unicode>sein</Unicode>
                    </TextEquiv>
                </Word>
                <Word id="tr_3_tl_29_w5" custom="readingOrder {index:4;}">
                    <Coords points="2728,1548 2728,1608 2819,1608 2819,1548"/>
                    <TextEquiv>
                        <Unicode>Sohn</Unicode>
                    </TextEquiv>
                </Word>
                <Word id="tr_3_tl_29_w6" custom="readingOrder {index:5;}">
                    <Coords points="2858,1550 2858,1610 3003,1610 3003,1550"/>
                    <TextEquiv>
                        <Unicode>Heinrich</Unicode>
                    </TextEquiv>
                </Word>
                <Word id="tr_3_tl_29_w7" custom="readingOrder {index:6;}">
                    <Coords points="3037,1548 3037,1608 3106,1608 3106,1548"/>
                    <TextEquiv>
                        <Unicode>lebt</Unicode>
                    </TextEquiv>
                </Word>
                <TextEquiv>
                    <Unicode>zeitigen tragischen Tod; sein Sohn Heinrich lebt</Unicode>
                </TextEquiv>
            </TextLine>
            <TextLine id="tr_3_tl_30" custom="readingOrder {index:29;}">
                <Coords points="2124,1647 3120,1661 3095,1597 2124,1601"/>
                <Baseline points="2131,1633 2180,1636 2230,1635 2279,1634 2329,1636 2378,1634 2428,1635 2477,1636 2527,1636 2576,1636 2626,1639 2676,1636 2725,1636 2775,1637 2824,1639 2874,1639 2923,1637 2973,1638 3022,1639 3072,1639 3122,1642"/>
                <Word id="tr_3_tl_30_w1" custom="readingOrder {index:0;}">
                    <Coords points="2130,1594 2130,1654 2178,1654 2178,1594"/>
                    <TextEquiv>
                        <Unicode>als</Unicode>
                    </TextEquiv>
                </Word>
                <Word id="tr_3_tl_30_w2" custom="readingOrder {index:1;}">
                    <Coords points="2216,1594 2216,1654 2383,1654 2383,1594"/>
                    <TextEquiv>
                        <Unicode>Regisseur</Unicode>
                    </TextEquiv>
                </Word>
                <Word id="tr_3_tl_30_w3" custom="readingOrder {index:2;}">
                    <Coords points="2416,1595 2416,1655 2442,1655 2442,1595"/>
                    <TextEquiv>
                        <Unicode>in</Unicode>
                    </TextEquiv>
                </Word>
                <Word id="tr_3_tl_30_w4" custom="readingOrder {index:3;}">
                    <Coords points="2486,1596 2486,1656 2621,1656 2621,1596"/>
                    <TextEquiv>
                        <Unicode>Berlin.</Unicode>
                    </TextEquiv>
                </Word>
                <Word id="tr_3_tl_30_w5" custom="readingOrder {index:4;}">
                    <Coords points="2670,1596 2670,1656 2734,1656 2734,1596"/>
                    <TextEquiv>
                        <Unicode>Der</Unicode>
                    </TextEquiv>
                </Word>
                <Word id="tr_3_tl_30_w6" custom="readingOrder {index:5;}">
                    <Coords points="2767,1599 2767,1659 2923,1659 2923,1599"/>
                    <TextEquiv>
                        <Unicode>bekannte</Unicode>
                    </TextEquiv>
                </Word>
                <Word id="tr_3_tl_30_w7" custom="readingOrder {index:6;}">
                    <Coords points="2962,1599 2962,1659 3096,1659 3096,1599"/>
                    <TextEquiv>
                        <Unicode>Chirurg</Unicode>
                    </TextEquiv>
                </Word>
                <TextEquiv>
                    <Unicode>als Regisseur in Berlin. Der bekannte Chirurg</Unicode>
                </TextEquiv>
            </TextLine>
            <TextLine id="tr_3_tl_31" custom="readingOrder {index:30;}">
                <Coords points="2135,1690 3111,1694 3109,1655 3059,1648 2133,1645"/>
                <Baseline points="2143,1680 2191,1680 2240,1683 2288,1683 2337,1683 2385,1683 2434,1683 2482,1683 2531,1683 2579,1683 2628,1685 2676,1683 2725,1686 2773,1683 2822,1683 2870,1686 2919,1686 2967,1686 3016,1686 3064,1686 3113,1683"/>
                <Word id="tr_3_tl_31_w1" custom="readingOrder {index:0;}">
                    <Coords points="2134,1641 2134,1701 2295,1701 2295,1641"/>
                    <TextEquiv>
                        <Unicode>Professor</Unicode>
                    </TextEquiv>
                </Word>
                <Word id="tr_3_tl_31_w2" custom="readingOrder {index:1;}">
                    <Coords points="2326,1643 2326,1703 2388,1703 2388,1643"/>
                    <TextEquiv>
                        <Unicode>Dr.</Unicode>
                    </TextEquiv>
                </Word>
                <Word id="tr_3_tl_31_w3" custom="readingOrder {index:2;}">
                    <Coords points="2412,1643 2412,1703 2528,1703 2528,1643"/>
                    <TextEquiv>
                        <Unicode>Julius</Unicode>
                    </TextEquiv>
                </Word>
                <Word id="tr_3_tl_31_w4" custom="readingOrder {index:3;}">
                    <Coords points="2558,1644 2558,1704 2725,1704 2725,1644"/>
                    <TextEquiv>
                        <Unicode>Schnitzler</Unicode>
                    </TextEquiv>
                </Word>
                <Word id="tr_3_tl_31_w5" custom="readingOrder {index:4;}">
                    <Coords points="2755,1643 2755,1703 2789,1703 2789,1643"/>
                    <TextEquiv>
                        <Unicode>ist</Unicode>
                    </TextEquiv>
                </Word>
                <Word id="tr_3_tl_31_w6" custom="readingOrder {index:5;}">
                    <Coords points="2813,1644 2813,1704 2864,1704 2864,1644"/>
                    <TextEquiv>
                        <Unicode>der</Unicode>
                    </TextEquiv>
                </Word>
                <Word id="tr_3_tl_31_w7" custom="readingOrder {index:6;}">
                    <Coords points="2899,1646 2899,1706 3027,1706 3027,1646"/>
                    <TextEquiv>
                        <Unicode>Bruder</Unicode>
                    </TextEquiv>
                </Word>
                <Word id="tr_3_tl_31_w8" custom="readingOrder {index:7;}">
                    <Coords points="3050,1645 3050,1705 3102,1705 3102,1645"/>
                    <TextEquiv>
                        <Unicode>des</Unicode>
                    </TextEquiv>
                </Word>
                <TextEquiv>
                    <Unicode>Professor Dr. Julius Schnitzler ist der Bruder des</Unicode>
                </TextEquiv>
            </TextLine>
            <TextLine id="tr_3_tl_32" custom="readingOrder {index:31;}">
                <Coords points="2124,1747 2156,1744 2167,1751 2189,1737 2201,1745 2278,1740 2297,1747 2312,1741 2311,1702 2254,1708 2224,1694 2214,1700 2206,1694 2165,1698 2140,1688 2122,1690"/>
                <Baseline points="2131,1725 2157,1727 2183,1728 2210,1728 2236,1728 2263,1728 2289,1728 2316,1728"/>
                <Word id="tr_3_tl_32_w1" custom="readingOrder {index:0;}">
                    <Coords points="2127,1688 2127,1748 2299,1748 2299,1688"/>
                    <TextEquiv>
                        <Unicode>Dichters.</Unicode>
                    </TextEquiv>
                </Word>
                <TextEquiv>
                    <Unicode>Dichters.</Unicode>
                </TextEquiv>
            </TextLine>
            <TextLine id="tr_3_tl_33" custom="readingOrder {index:32;}">
                <Coords points="2165,1785 3115,1792 3115,1744 2165,1743"/>
                <Baseline points="2173,1776 2220,1776 2267,1776 2314,1779 2362,1779 2409,1778 2456,1776 2504,1777 2551,1780 2598,1782 2646,1780 2693,1779 2740,1779 2787,1781 2835,1782 2882,1782 2929,1779 2977,1779 3024,1779 3071,1779 3119,1779"/>
                <Word id="tr_3_tl_33_w1" custom="readingOrder {index:0;}">
                    <Coords points="2171,1736 2171,1796 2237,1796 2237,1736"/>
                    <TextEquiv>
                        <Unicode>Der</Unicode>
                    </TextEquiv>
                </Word>
                <Word id="tr_3_tl_33_w2" custom="readingOrder {index:1;}">
                    <Coords points="2259,1738 2259,1798 2486,1798 2486,1738"/>
                    <TextEquiv>
                        <Unicode>Schriftsteller</Unicode>
                    </TextEquiv>
                </Word>
                <Word id="tr_3_tl_33_w3" custom="readingOrder {index:2;}">
                    <Coords points="2514,1740 2514,1800 2619,1800 2619,1740"/>
                    <TextEquiv>
                        <Unicode>Artur</Unicode>
                    </TextEquiv>
                </Word>
                <Word id="tr_3_tl_33_w4" custom="readingOrder {index:3;}">
                    <Coords points="2642,1739 2642,1799 2808,1799 2808,1739"/>
                    <TextEquiv>
                        <Unicode>Schnitzler</Unicode>
                    </TextEquiv>
                </Word>
                <Word id="tr_3_tl_33_w5" custom="readingOrder {index:4;}">
                    <Coords points="2836,1742 2836,1802 2902,1802 2902,1742"/>
                    <TextEquiv>
                        <Unicode>trat</Unicode>
                    </TextEquiv>
                </Word>
                <Word id="tr_3_tl_33_w6" custom="readingOrder {index:5;}">
                    <Coords points="2931,1739 2931,1799 3002,1799 3002,1739"/>
                    <TextEquiv>
                        <Unicode>1886</Unicode>
                    </TextEquiv>
                </Word>
                <Word id="tr_3_tl_33_w7" custom="readingOrder {index:6;}">
                    <Coords points="3035,1739 3035,1799 3084,1799 3084,1739"/>
                    <TextEquiv>
                        <Unicode>zum</Unicode>
                    </TextEquiv>
                </Word>
                <TextEquiv>
                    <Unicode>Der Schriftsteller Artur Schnitzler trat 1886 zum</Unicode>
                </TextEquiv>
            </TextLine>
            <TextLine id="tr_3_tl_34" custom="readingOrder {index:33;}">
                <Coords points="2129,1840 3116,1838 3115,1792 2129,1791"/>
                <Baseline points="2137,1824 2186,1824 2235,1824 2284,1824 2333,1824 2382,1825 2431,1827 2480,1825 2529,1826 2578,1827 2628,1827 2677,1830 2726,1827 2775,1829 2824,1828 2873,1831 2922,1833 2971,1831 3020,1830 3069,1830 3119,1827"/>
                <Word id="tr_3_tl_34_w1" custom="readingOrder {index:0;}">
                    <Coords points="2129,1784 2129,1844 2218,1844 2218,1784"/>
                    <TextEquiv>
                        <Unicode>ersten</Unicode>
                    </TextEquiv>
                </Word>
                <Word id="tr_3_tl_34_w2" custom="readingOrder {index:1;}">
                    <Coords points="2256,1784 2256,1844 2350,1844 2350,1784"/>
                    <TextEquiv>
                        <Unicode>Male</Unicode>
                    </TextEquiv>
                </Word>
                <Word id="tr_3_tl_34_w3" custom="readingOrder {index:2;}">
                    <Coords points="2399,1786 2399,1846 2457,1846 2457,1786"/>
                    <TextEquiv>
                        <Unicode>mit</Unicode>
                    </TextEquiv>
                </Word>
                <Word id="tr_3_tl_34_w4" custom="readingOrder {index:3;}">
                    <Coords points="2505,1787 2505,1847 2679,1847 2679,1787"/>
                    <TextEquiv>
                        <Unicode>Versuchen</Unicode>
                    </TextEquiv>
                </Word>
                <Word id="tr_3_tl_34_w5" custom="readingOrder {index:4;}">
                    <Coords points="2738,1788 2738,1848 2764,1848 2764,1788"/>
                    <TextEquiv>
                        <Unicode>in</Unicode>
                    </TextEquiv>
                </Word>
                <Word id="tr_3_tl_34_w6" custom="readingOrder {index:5;}">
                    <Coords points="2823,1789 2823,1849 2876,1849 2876,1789"/>
                    <TextEquiv>
                        <Unicode>der</Unicode>
                    </TextEquiv>
                </Word>
                <Word id="tr_3_tl_34_w7" custom="readingOrder {index:6;}">
                    <Coords points="2913,1790 2913,1850 3098,1850 3098,1790"/>
                    <TextEquiv>
                        <Unicode>„Deutschen</Unicode>
                    </TextEquiv>
                </Word>
                <TextEquiv>
                    <Unicode>ersten Male mit Versuchen in der „Deutschen</Unicode>
                </TextEquiv>
            </TextLine>
            <TextLine id="tr_3_tl_35" custom="readingOrder {index:34;}">
                <Coords points="2124,1883 3109,1887 3109,1837 2124,1837"/>
                <Baseline points="2131,1871 2180,1871 2229,1874 2278,1874 2327,1873 2376,1871 2425,1871 2474,1871 2523,1871 2572,1874 2622,1874 2671,1877 2720,1877 2769,1877 2818,1877 2867,1877 2916,1879 2965,1878 3014,1879 3063,1878 3113,1874"/>
                <Word id="tr_3_tl_35_w1" custom="readingOrder {index:0;}">
                    <Coords points="2130,1834 2130,1894 2390,1894 2390,1834"/>
                    <TextEquiv>
                        <Unicode>Wochenschrift“</Unicode>
                    </TextEquiv>
                </Word>
                <Word id="tr_3_tl_35_w2" custom="readingOrder {index:1;}">
                    <Coords points="2418,1831 2418,1891 2474,1891 2474,1831"/>
                    <TextEquiv>
                        <Unicode>und</Unicode>
                    </TextEquiv>
                </Word>
                <Word id="tr_3_tl_35_w3" custom="readingOrder {index:2;}">
                    <Coords points="2507,1832 2507,1892 2584,1892 2584,1832"/>
                    <TextEquiv>
                        <Unicode>1889</Unicode>
                    </TextEquiv>
                </Word>
                <Word id="tr_3_tl_35_w4" custom="readingOrder {index:3;}">
                    <Coords points="2613,1834 2613,1894 2640,1894 2640,1834"/>
                    <TextEquiv>
                        <Unicode>in</Unicode>
                    </TextEquiv>
                </Word>
                <Word id="tr_3_tl_35_w5" custom="readingOrder {index:4;}">
                    <Coords points="2674,1837 2674,1897 2729,1897 2729,1837"/>
                    <TextEquiv>
                        <Unicode>der</Unicode>
                    </TextEquiv>
                </Word>
                <Word id="tr_3_tl_35_w6" custom="readingOrder {index:5;}">
                    <Coords points="2751,1837 2751,1897 2934,1897 2934,1837"/>
                    <TextEquiv>
                        <Unicode>Zeitschrift</Unicode>
                    </TextEquiv>
                </Word>
                <Word id="tr_3_tl_35_w7" custom="readingOrder {index:6;}">
                    <Coords points="2957,1838 2957,1898 3023,1898 3023,1838"/>
                    <TextEquiv>
                        <Unicode>„An</Unicode>
                    </TextEquiv>
                </Word>
                <Word id="tr_3_tl_35_w8" custom="readingOrder {index:7;}">
                    <Coords points="3051,1836 3051,1896 3106,1896 3106,1836"/>
                    <TextEquiv>
                        <Unicode>der</Unicode>
                    </TextEquiv>
                </Word>
                <TextEquiv>
                    <Unicode>Wochenschrift“ und 1889 in der Zeitschrift „An der</Unicode>
                </TextEquiv>
            </TextLine>
            <TextLine id="tr_3_tl_36" custom="readingOrder {index:35;}">
                <Coords points="2135,1937 3111,1949 3086,1885 2135,1887"/>
                <Baseline points="2143,1919 2191,1922 2240,1922 2288,1922 2337,1922 2385,1921 2434,1919 2482,1921 2531,1922 2579,1922 2628,1924 2676,1922 2725,1925 2773,1925 2822,1925 2870,1927 2919,1925 2967,1925 3016,1925 3064,1925 3113,1922"/>
                <Word id="tr_3_tl_36_w1" custom="readingOrder {index:0;}">
                    <Coords points="2135,1882 2135,1942 2248,1942 2248,1882"/>
                    <TextEquiv>
                        <Unicode>schönen</Unicode>
                    </TextEquiv>
                </Word>
                <Word id="tr_3_tl_36_w2" custom="readingOrder {index:1;}">
                    <Coords points="2287,1881 2287,1941 2400,1941 2400,1881"/>
                    <TextEquiv>
                        <Unicode>blauen</Unicode>
                    </TextEquiv>
                </Word>
                <Word id="tr_3_tl_36_w3" custom="readingOrder {index:2;}">
                    <Coords points="2433,1881 2433,1941 2572,1941 2572,1881"/>
                    <TextEquiv>
                        <Unicode>Donau"</Unicode>
                    </TextEquiv>
                </Word>
                <Word id="tr_3_tl_36_w4" custom="readingOrder {index:3;}">
                    <Coords points="2606,1883 2606,1943 2660,1943 2660,1883"/>
                    <TextEquiv>
                        <Unicode>vor</Unicode>
                    </TextEquiv>
                </Word>
                <Word id="tr_3_tl_36_w5" custom="readingOrder {index:4;}">
                    <Coords points="2693,1884 2693,1944 2741,1944 2741,1884"/>
                    <TextEquiv>
                        <Unicode>die</Unicode>
                    </TextEquiv>
                </Word>
                <Word id="tr_3_tl_36_w6" custom="readingOrder {index:5;}">
                    <Coords points="2768,1885 2768,1945 3022,1945 3022,1885"/>
                    <TextEquiv>
                        <Unicode>Öffentlichkeit.</Unicode>
                    </TextEquiv>
                </Word>
                <Word id="tr_3_tl_36_w7" custom="readingOrder {index:6;}">
                    <Coords points="3044,1884 3044,1944 3103,1944 3103,1884"/>
                    <TextEquiv>
                        <Unicode>Die</Unicode>
                    </TextEquiv>
                </Word>
                <TextEquiv>
                    <Unicode>schönen blauen Donau" vor die Öffentlichkeit. Die</Unicode>
                </TextEquiv>
            </TextLine>
            <TextLine id="tr_3_tl_37" custom="readingOrder {index:36;}">
                <Coords points="2127,1981 3116,1982 3116,1945 2961,1934 2127,1939"/>
                <Baseline points="2134,1970 2183,1970 2232,1970 2281,1971 2331,1973 2380,1973 2429,1971 2478,1970 2528,1970 2577,1973 2626,1970 2675,1973 2725,1971 2774,1973 2823,1973 2872,1973 2922,1973 2971,1973 3020,1973 3069,1973 3119,1970"/>
                <Word id="tr_3_tl_37_w1" custom="readingOrder {index:0;}">
                    <Coords points="2127,1930 2127,1990 2337,1990 2337,1930"/>
                    <TextEquiv>
                        <Unicode>Dialogreihe</Unicode>
                    </TextEquiv>
                </Word>
                <Word id="tr_3_tl_37_w2" custom="readingOrder {index:1;}">
                    <Coords points="2363,1930 2363,1990 2529,1990 2529,1930"/>
                    <TextEquiv>
                        <Unicode>„Anatol“</Unicode>
                    </TextEquiv>
                </Word>
                <Word id="tr_3_tl_37_w3" custom="readingOrder {index:2;}">
                    <Coords points="2560,1930 2560,1990 2681,1990 2681,1930"/>
                    <TextEquiv>
                        <Unicode>verriet</Unicode>
                    </TextEquiv>
                </Word>
                <Word id="tr_3_tl_37_w4" custom="readingOrder {index:3;}">
                    <Coords points="2712,1932 2712,1992 2827,1992 2827,1932"/>
                    <TextEquiv>
                        <Unicode>bereits</Unicode>
                    </TextEquiv>
                </Word>
                <Word id="tr_3_tl_37_w5" custom="readingOrder {index:4;}">
                    <Coords points="2858,1933 2858,1993 2913,1993 2913,1933"/>
                    <TextEquiv>
                        <Unicode>den</Unicode>
                    </TextEquiv>
                </Word>
                <Word id="tr_3_tl_37_w6" custom="readingOrder {index:5;}">
                    <Coords points="2949,1933 2949,1993 3109,1993 3109,1933"/>
                    <TextEquiv>
                        <Unicode>kommen¬</Unicode>
                    </TextEquiv>
                </Word>
                <TextEquiv>
                    <Unicode>Dialogreihe „Anatol“ verriet bereits den kommen¬</Unicode>
                </TextEquiv>
            </TextLine>
            <TextLine id="tr_3_tl_38" custom="readingOrder {index:37;}">
                <Coords points="2127,2027 3116,2031 3097,1984 2756,2002 2699,1974 2663,2009 2620,1980 2127,1981"/>
                <Baseline points="2134,2018 2183,2018 2232,2018 2281,2018 2331,2019 2380,2021 2429,2019 2478,2018 2528,2018 2577,2021 2626,2021 2675,2021 2725,2021 2774,2021 2823,2021 2872,2022 2922,2022 2971,2023 3020,2022 3069,2021 3119,2018"/>
                <Word id="tr_3_tl_38_w1" custom="readingOrder {index:0;}">
                    <Coords points="2127,1978 2127,2038 2178,2038 2178,1978"/>
                    <TextEquiv>
                        <Unicode>den</Unicode>
                    </TextEquiv>
                </Word>
                <Word id="tr_3_tl_38_w2" custom="readingOrder {index:1;}">
                    <Coords points="2214,1978 2214,2038 2364,2038 2364,1978"/>
                    <TextEquiv>
                        <Unicode>Meister.</Unicode>
                    </TextEquiv>
                </Word>
                <Word id="tr_3_tl_38_w3" custom="readingOrder {index:2;}">
                    <Coords points="2411,1978 2411,2038 2488,2038 2488,1978"/>
                    <TextEquiv>
                        <Unicode>1893</Unicode>
                    </TextEquiv>
                </Word>
                <Word id="tr_3_tl_38_w4" custom="readingOrder {index:3;}">
                    <Coords points="2520,1980 2520,2040 2633,2040 2633,1980"/>
                    <TextEquiv>
                        <Unicode>konnte</Unicode>
                    </TextEquiv>
                </Word>
                <Word id="tr_3_tl_38_w5" custom="readingOrder {index:4;}">
                    <Coords points="2685,1981 2685,2041 2742,2041 2742,1981"/>
                    <TextEquiv>
                        <Unicode>der</Unicode>
                    </TextEquiv>
                </Word>
                <Word id="tr_3_tl_38_w6" custom="readingOrder {index:5;}">
                    <Coords points="2768,1981 2768,2041 2897,2041 2897,1981"/>
                    <TextEquiv>
                        <Unicode>Dichter</Unicode>
                    </TextEquiv>
                </Word>
                <Word id="tr_3_tl_38_w7" custom="readingOrder {index:6;}">
                    <Coords points="2949,1982 2949,2042 3011,2042 3011,1982"/>
                    <TextEquiv>
                        <Unicode>mit</Unicode>
                    </TextEquiv>
                </Word>
                <Word id="tr_3_tl_38_w8" custom="readingOrder {index:7;}">
                    <Coords points="3037,1981 3037,2041 3088,2041 3088,1981"/>
                    <TextEquiv>
                        <Unicode>dem</Unicode>
                    </TextEquiv>
                </Word>
                <TextEquiv>
                    <Unicode>den Meister. 1893 konnte der Dichter mit dem</Unicode>
                </TextEquiv>
            </TextLine>
            <TextLine id="tr_3_tl_39" custom="readingOrder {index:38;}">
                <Coords points="2124,2082 3107,2088 3107,2028 2124,2035"/>
                <Baseline points="2131,2071 2182,2067 2234,2065 2285,2065 2337,2065 2388,2065 2440,2065 2491,2065 2543,2066 2594,2068 2646,2068 2697,2068 2749,2068 2800,2071 2852,2071 2903,2070 2955,2070 3006,2069 3058,2070 3110,2068"/>
                <Word id="tr_3_tl_39_w1" custom="readingOrder {index:0;}">
                    <Coords points="2130,2025 2130,2085 2322,2085 2322,2025"/>
                    <TextEquiv>
                        <Unicode>„Märchen“</Unicode>
                    </TextEquiv>
                </Word>
                <Word id="tr_3_tl_39_w2" custom="readingOrder {index:1;}">
                    <Coords points="2357,2025 2357,2085 2401,2085 2401,2025"/>
                    <TextEquiv>
                        <Unicode>die</Unicode>
                    </TextEquiv>
                </Word>
                <Word id="tr_3_tl_39_w3" custom="readingOrder {index:2;}">
                    <Coords points="2430,2025 2430,2085 2503,2085 2503,2025"/>
                    <TextEquiv>
                        <Unicode>erste</Unicode>
                    </TextEquiv>
                </Word>
                <Word id="tr_3_tl_39_w4" custom="readingOrder {index:3;}">
                    <Coords points="2533,2028 2533,2088 2747,2088 2747,2028"/>
                    <TextEquiv>
                        <Unicode>Aufführung</Unicode>
                    </TextEquiv>
                </Word>
                <Word id="tr_3_tl_39_w5" custom="readingOrder {index:4;}">
                    <Coords points="2782,2030 2782,2090 3002,2090 3002,2030"/>
                    <TextEquiv>
                        <Unicode>verzeichnen.</Unicode>
                    </TextEquiv>
                </Word>
                <Word id="tr_3_tl_39_w6" custom="readingOrder {index:5;}">
                    <Coords points="3025,2029 3025,2089 3098,2089 3098,2029"/>
                    <TextEquiv>
                        <Unicode>1895</Unicode>
                    </TextEquiv>
                </Word>
                <TextEquiv>
                    <Unicode>„Märchen“ die erste Aufführung verzeichnen. 1895</Unicode>
                </TextEquiv>
            </TextLine>
            <TextLine id="tr_3_tl_40" custom="readingOrder {index:39;}">
                <Coords points="2124,2139 3109,2133 3087,2081 2124,2082"/>
                <Baseline points="2131,2113 2180,2113 2229,2113 2278,2114 2327,2115 2376,2113 2425,2113 2474,2113 2523,2115 2572,2116 2622,2116 2671,2119 2720,2116 2769,2118 2818,2117 2867,2118 2916,2118 2965,2119 3014,2117 3063,2118 3113,2116"/>
                <Word id="tr_3_tl_40_w1" custom="readingOrder {index:0;}">
                    <Coords points="2129,2073 2129,2133 2240,2133 2240,2073"/>
                    <TextEquiv>
                        <Unicode>winkte</Unicode>
                    </TextEquiv>
                </Word>
                <Word id="tr_3_tl_40_w2" custom="readingOrder {index:1;}">
                    <Coords points="2272,2074 2272,2134 2319,2134 2319,2074"/>
                    <TextEquiv>
                        <Unicode>ihm</Unicode>
                    </TextEquiv>
                </Word>
                <Word id="tr_3_tl_40_w3" custom="readingOrder {index:2;}">
                    <Coords points="2367,2073 2367,2133 2419,2133 2419,2073"/>
                    <TextEquiv>
                        <Unicode>mit</Unicode>
                    </TextEquiv>
                </Word>
                <Word id="tr_3_tl_40_w4" custom="readingOrder {index:3;}">
                    <Coords points="2447,2073 2447,2133 2499,2133 2499,2073"/>
                    <TextEquiv>
                        <Unicode>der</Unicode>
                    </TextEquiv>
                </Word>
                <Word id="tr_3_tl_40_w5" custom="readingOrder {index:4;}">
                    <Coords points="2526,2077 2526,2137 2779,2137 2779,2077"/>
                    <TextEquiv>
                        <Unicode>Uraufführung</Unicode>
                    </TextEquiv>
                </Word>
                <Word id="tr_3_tl_40_w6" custom="readingOrder {index:5;}">
                    <Coords points="2811,2077 2811,2137 2863,2137 2863,2077"/>
                    <TextEquiv>
                        <Unicode>des</Unicode>
                    </TextEquiv>
                </Word>
                <Word id="tr_3_tl_40_w7" custom="readingOrder {index:6;}">
                    <Coords points="2896,2077 2896,2137 3101,2137 3101,2077"/>
                    <TextEquiv>
                        <Unicode>Schauspiels</Unicode>
                    </TextEquiv>
                </Word>
                <TextEquiv>
                    <Unicode>winkte ihm mit der Uraufführung des Schauspiels</Unicode>
                </TextEquiv>
            </TextLine>
            <TextLine id="tr_3_tl_41" custom="readingOrder {index:40;}">
                <Coords points="2127,2182 3104,2179 3104,2138 3018,2127 2127,2132"/>
                <Baseline points="2134,2170 2182,2163 2231,2162 2279,2162 2328,2163 2377,2162 2425,2163 2474,2164 2523,2164 2571,2164 2620,2164 2669,2165 2717,2167 2766,2167 2815,2167 2863,2167 2912,2165 2961,2166 3009,2167 3058,2167 3107,2164"/>
                <Word id="tr_3_tl_41_w1" custom="readingOrder {index:0;}">
                    <Coords points="2127,2122 2127,2182 2305,2182 2305,2122"/>
                    <TextEquiv>
                        <Unicode>„Liebelei"</Unicode>
                    </TextEquiv>
                </Word>
                <Word id="tr_3_tl_41_w2" custom="readingOrder {index:1;}">
                    <Coords points="2333,2122 2333,2182 2365,2182 2365,2122"/>
                    <TextEquiv>
                        <Unicode>am</Unicode>
                    </TextEquiv>
                </Word>
                <Word id="tr_3_tl_41_w3" custom="readingOrder {index:2;}">
                    <Coords points="2409,2124 2409,2184 2625,2184 2625,2124"/>
                    <TextEquiv>
                        <Unicode>Burgtheater</Unicode>
                    </TextEquiv>
                </Word>
                <Word id="tr_3_tl_41_w4" custom="readingOrder {index:3;}">
                    <Coords points="2653,2125 2653,2185 2701,2185 2701,2125"/>
                    <TextEquiv>
                        <Unicode>der</Unicode>
                    </TextEquiv>
                </Word>
                <Word id="tr_3_tl_41_w5" custom="readingOrder {index:4;}">
                    <Coords points="2729,2127 2729,2187 2804,2187 2804,2127"/>
                    <TextEquiv>
                        <Unicode>erste</Unicode>
                    </TextEquiv>
                </Word>
                <Word id="tr_3_tl_41_w6" custom="readingOrder {index:5;}">
                    <Coords points="2826,2126 2826,2186 2923,2186 2923,2126"/>
                    <TextEquiv>
                        <Unicode>große</Unicode>
                    </TextEquiv>
                </Word>
                <Word id="tr_3_tl_41_w7" custom="readingOrder {index:6;}">
                    <Coords points="2950,2127 2950,2187 3107,2187 3107,2127"/>
                    <TextEquiv>
                        <Unicode>Bühnen¬</Unicode>
                    </TextEquiv>
                </Word>
                <TextEquiv>
                    <Unicode>„Liebelei" am Burgtheater der erste große Bühnen¬</Unicode>
                </TextEquiv>
            </TextLine>
            <TextLine id="tr_3_tl_42" custom="readingOrder {index:41;}">
                <Coords points="2127,2222 3107,2236 3086,2172 2127,2182"/>
                <Baseline points="2134,2212 2182,2212 2231,2215 2280,2212 2329,2212 2378,2212 2426,2212 2475,2214 2524,2213 2573,2212 2622,2212 2670,2215 2719,2215 2768,2215 2817,2215 2866,2215 2914,2215 2963,2215 3012,2215 3061,2215 3110,2215"/>
                <Word id="tr_3_tl_42_w1" custom="readingOrder {index:0;}">
                    <Coords points="2128,2172 2128,2232 2243,2232 2243,2172"/>
                    <TextEquiv>
                        <Unicode>erfolg.</Unicode>
                    </TextEquiv>
                </Word>
                <Word id="tr_3_tl_42_w2" custom="readingOrder {index:1;}">
                    <Coords points="2289,2172 2289,2232 2349,2232 2349,2172"/>
                    <TextEquiv>
                        <Unicode>Ein</Unicode>
                    </TextEquiv>
                </Word>
                <Word id="tr_3_tl_42_w3" custom="readingOrder {index:2;}">
                    <Coords points="2388,2172 2388,2232 2471,2232 2471,2172"/>
                    <TextEquiv>
                        <Unicode>Jahr</Unicode>
                    </TextEquiv>
                </Word>
                <Word id="tr_3_tl_42_w4" custom="readingOrder {index:3;}">
                    <Coords points="2505,2172 2505,2232 2610,2232 2610,2172"/>
                    <TextEquiv>
                        <Unicode>später</Unicode>
                    </TextEquiv>
                </Word>
                <Word id="tr_3_tl_42_w5" custom="readingOrder {index:4;}">
                    <Coords points="2644,2174 2644,2234 2694,2234 2694,2174"/>
                    <TextEquiv>
                        <Unicode>kam</Unicode>
                    </TextEquiv>
                </Word>
                <Word id="tr_3_tl_42_w6" custom="readingOrder {index:5;}">
                    <Coords points="2738,2175 2738,2235 2938,2235 2938,2175"/>
                    <TextEquiv>
                        <Unicode>„Freiwild“</Unicode>
                    </TextEquiv>
                </Word>
                <Word id="tr_3_tl_42_w7" custom="readingOrder {index:6;}">
                    <Coords points="2978,2175 2978,2235 3110,2235 3110,2175"/>
                    <TextEquiv>
                        <Unicode>heraus.</Unicode>
                    </TextEquiv>
                </Word>
                <TextEquiv>
                    <Unicode>erfolg. Ein Jahr später kam „Freiwild“ heraus.</Unicode>
                </TextEquiv>
            </TextLine>
            <TextLine id="tr_3_tl_43" custom="readingOrder {index:42;}">
                <Coords points="2127,2267 3107,2275 3107,2235 2949,2218 2127,2219"/>
                <Baseline points="2134,2257 2182,2257 2231,2262 2280,2261 2329,2260 2378,2259 2426,2259 2475,2260 2524,2260 2573,2262 2622,2260 2670,2262 2719,2262 2768,2262 2817,2262 2866,2262 2914,2262 2963,2262 3012,2264 3061,2263 3110,2262"/>
                <Word id="tr_3_tl_43_w1" custom="readingOrder {index:0;}">
                    <Coords points="2127,2217 2127,2277 2190,2277 2190,2217"/>
                    <TextEquiv>
                        <Unicode>Der</Unicode>
                    </TextEquiv>
                </Word>
                <Word id="tr_3_tl_43_w2" custom="readingOrder {index:1;}">
                    <Coords points="2222,2220 2222,2280 2385,2280 2385,2220"/>
                    <TextEquiv>
                        <Unicode>„Reigen“</Unicode>
                    </TextEquiv>
                </Word>
                <Word id="tr_3_tl_43_w3" custom="readingOrder {index:2;}">
                    <Coords points="2417,2219 2417,2279 2502,2279 2502,2219"/>
                    <TextEquiv>
                        <Unicode>ward</Unicode>
                    </TextEquiv>
                </Word>
                <Word id="tr_3_tl_43_w4" custom="readingOrder {index:3;}">
                    <Coords points="2534,2220 2534,2280 2560,2280 2560,2220"/>
                    <TextEquiv>
                        <Unicode>im</Unicode>
                    </TextEquiv>
                </Word>
                <Word id="tr_3_tl_43_w5" custom="readingOrder {index:4;}">
                    <Coords points="2603,2221 2603,2281 2734,2281 2734,2221"/>
                    <TextEquiv>
                        <Unicode>gleichen</Unicode>
                    </TextEquiv>
                </Word>
                <Word id="tr_3_tl_43_w6" custom="readingOrder {index:5;}">
                    <Coords points="2767,2222 2767,2282 2872,2282 2872,2222"/>
                    <TextEquiv>
                        <Unicode>Jahre</Unicode>
                    </TextEquiv>
                </Word>
                <Word id="tr_3_tl_43_w7" custom="readingOrder {index:6;}">
                    <Coords points="2920,2223 2920,2283 3110,2283 3110,2223"/>
                    <TextEquiv>
                        <Unicode>begonnen,</Unicode>
                    </TextEquiv>
                </Word>
                <TextEquiv>
                    <Unicode>Der „Reigen“ ward im gleichen Jahre begonnen,</Unicode>
                </TextEquiv>
            </TextLine>
            <TextLine id="tr_3_tl_44" custom="readingOrder {index:43;}">
                <Coords points="2132,2322 3109,2325 3109,2275 3071,2271 2132,2271"/>
                <Baseline points="2140,2307 2188,2307 2237,2307 2285,2308 2334,2309 2383,2307 2431,2307 2480,2309 2529,2310 2577,2310 2626,2310 2675,2310 2723,2310 2772,2310 2821,2310 2869,2310 2918,2310 2967,2311 3015,2311 3064,2310 3113,2310"/>
                <Word id="tr_3_tl_44_w1" custom="readingOrder {index:0;}">
                    <Coords points="2132,2267 2132,2327 2240,2327 2240,2267"/>
                    <TextEquiv>
                        <Unicode>freilich</Unicode>
                    </TextEquiv>
                </Word>
                <Word id="tr_3_tl_44_w2" custom="readingOrder {index:1;}">
                    <Coords points="2273,2268 2273,2328 2337,2328 2337,2268"/>
                    <TextEquiv>
                        <Unicode>erst</Unicode>
                    </TextEquiv>
                </Word>
                <Word id="tr_3_tl_44_w3" custom="readingOrder {index:2;}">
                    <Coords points="2359,2267 2359,2327 2430,2327 2430,2267"/>
                    <TextEquiv>
                        <Unicode>viel</Unicode>
                    </TextEquiv>
                </Word>
                <Word id="tr_3_tl_44_w4" custom="readingOrder {index:3;}">
                    <Coords points="2457,2269 2457,2329 2559,2329 2559,2269"/>
                    <TextEquiv>
                        <Unicode>später</Unicode>
                    </TextEquiv>
                </Word>
                <Word id="tr_3_tl_44_w5" custom="readingOrder {index:4;}">
                    <Coords points="2592,2270 2592,2330 2733,2330 2733,2270"/>
                    <TextEquiv>
                        <Unicode>gedruckt</Unicode>
                    </TextEquiv>
                </Word>
                <Word id="tr_3_tl_44_w6" custom="readingOrder {index:5;}">
                    <Coords points="2766,2270 2766,2330 2825,2330 2825,2270"/>
                    <TextEquiv>
                        <Unicode>und</Unicode>
                    </TextEquiv>
                </Word>
                <Word id="tr_3_tl_44_w7" custom="readingOrder {index:6;}">
                    <Coords points="2858,2270 2858,2330 2923,2330 2923,2270"/>
                    <TextEquiv>
                        <Unicode>erst</Unicode>
                    </TextEquiv>
                </Word>
                <Word id="tr_3_tl_44_w8" custom="readingOrder {index:7;}">
                    <Coords points="2945,2271 2945,2331 3020,2331 3020,2271"/>
                    <TextEquiv>
                        <Unicode>1920</Unicode>
                    </TextEquiv>
                </Word>
                <Word id="tr_3_tl_44_w9" custom="readingOrder {index:8;}">
                    <Coords points="3058,2270 3058,2330 3106,2330 3106,2270"/>
                    <TextEquiv>
                        <Unicode>bei</Unicode>
                    </TextEquiv>
                </Word>
                <TextEquiv>
                    <Unicode>freilich erst viel später gedruckt und erst 1920 bei</Unicode>
                </TextEquiv>
            </TextLine>
            <TextLine id="tr_3_tl_45" custom="readingOrder {index:44;}">
                <Coords points="2129,2370 3109,2376 3086,2318 2888,2348 2791,2319 2129,2321"/>
                <Baseline points="2137,2355 2185,2355 2234,2358 2283,2357 2332,2356 2381,2357 2429,2355 2478,2355 2527,2355 2576,2355 2625,2355 2673,2358 2722,2358 2771,2361 2820,2360 2869,2359 2917,2361 2966,2361 3015,2361 3064,2359 3113,2358"/>
                <Word id="tr_3_tl_45_w1" custom="readingOrder {index:0;}">
                    <Coords points="2129,2316 2129,2376 2286,2376 2286,2316"/>
                    <TextEquiv>
                        <Unicode>heftigstem</Unicode>
                    </TextEquiv>
                </Word>
                <Word id="tr_3_tl_45_w2" custom="readingOrder {index:1;}">
                    <Coords points="2330,2315 2330,2375 2547,2375 2547,2315"/>
                    <TextEquiv>
                        <Unicode>Widerspruch</Unicode>
                    </TextEquiv>
                </Word>
                <Word id="tr_3_tl_45_w3" custom="readingOrder {index:2;}">
                    <Coords points="2602,2317 2602,2377 2716,2377 2716,2317"/>
                    <TextEquiv>
                        <Unicode>weiter</Unicode>
                    </TextEquiv>
                </Word>
                <Word id="tr_3_tl_45_w4" custom="readingOrder {index:3;}">
                    <Coords points="2743,2320 2743,2380 2851,2380 2851,2320"/>
                    <TextEquiv>
                        <Unicode>Kreise</Unicode>
                    </TextEquiv>
                </Word>
                <Word id="tr_3_tl_45_w5" custom="readingOrder {index:4;}">
                    <Coords points="2906,2321 2906,2381 3112,2381 3112,2321"/>
                    <TextEquiv>
                        <Unicode>aufgeführt.</Unicode>
                    </TextEquiv>
                </Word>
                <TextEquiv>
                    <Unicode>heftigstem Widerspruch weiter Kreise aufgeführt.</Unicode>
                </TextEquiv>
            </TextLine>
            <TextLine id="tr_3_tl_46" custom="readingOrder {index:45;}">
                <Coords points="2124,2407 3104,2419 3104,2364 2124,2368"/>
                <Baseline points="2131,2403 2179,2403 2228,2400 2277,2404 2326,2406 2375,2406 2423,2406 2472,2404 2521,2403 2570,2405 2619,2406 2667,2406 2716,2406 2765,2406 2814,2406 2863,2406 2911,2406 2960,2408 3009,2407 3058,2408 3107,2409"/>
                <Word id="tr_3_tl_46_w1" custom="readingOrder {index:0;}">
                    <Coords points="2124,2363 2124,2423 2203,2423 2203,2363"/>
                    <TextEquiv>
                        <Unicode>1897</Unicode>
                    </TextEquiv>
                </Word>
                <Word id="tr_3_tl_46_w2" custom="readingOrder {index:1;}">
                    <Coords points="2235,2364 2235,2424 2361,2424 2361,2364"/>
                    <TextEquiv>
                        <Unicode>erschien</Unicode>
                    </TextEquiv>
                </Word>
                <Word id="tr_3_tl_46_w3" custom="readingOrder {index:2;}">
                    <Coords points="2404,2365 2404,2425 2488,2425 2488,2365"/>
                    <TextEquiv>
                        <Unicode>„Das</Unicode>
                    </TextEquiv>
                </Word>
                <Word id="tr_3_tl_46_w4" custom="readingOrder {index:3;}">
                    <Coords points="2520,2365 2520,2425 2710,2425 2710,2365"/>
                    <TextEquiv>
                        <Unicode>Veilchen“,</Unicode>
                    </TextEquiv>
                </Word>
                <Word id="tr_3_tl_46_w5" custom="readingOrder {index:4;}">
                    <Coords points="2738,2366 2738,2426 2811,2426 2811,2366"/>
                    <TextEquiv>
                        <Unicode>1898</Unicode>
                    </TextEquiv>
                </Word>
                <Word id="tr_3_tl_46_w6" custom="readingOrder {index:5;}">
                    <Coords points="2848,2367 2848,2427 3107,2427 3107,2367"/>
                    <TextEquiv>
                        <Unicode>„Paracelsus“,</Unicode>
                    </TextEquiv>
                </Word>
                <TextEquiv>
                    <Unicode>1897 erschien „Das Veilchen“, 1898 „Paracelsus“,</Unicode>
                </TextEquiv>
            </TextLine>
            <TextLine id="tr_3_tl_47" custom="readingOrder {index:46;}">
                <Coords points="2127,2465 3107,2465 3090,2412 2230,2437 2127,2409"/>
                <Baseline points="2134,2457 2182,2451 2231,2451 2280,2452 2329,2454 2378,2454 2426,2452 2475,2451 2524,2453 2573,2454 2622,2454 2670,2457 2719,2457 2768,2457 2817,2454 2866,2455 2914,2457 2963,2457 3012,2455 3061,2456 3110,2457"/>
                <Word id="tr_3_tl_47_w1" custom="readingOrder {index:0;}">
                    <Coords points="2127,2413 2127,2473 2205,2473 2205,2413"/>
                    <TextEquiv>
                        <Unicode>„Die</Unicode>
                    </TextEquiv>
                </Word>
                <Word id="tr_3_tl_47_w2" custom="readingOrder {index:1;}">
                    <Coords points="2243,2414 2243,2474 2443,2474 2443,2414"/>
                    <TextEquiv>
                        <Unicode>Gefährtin“</Unicode>
                    </TextEquiv>
                </Word>
                <Word id="tr_3_tl_47_w3" custom="readingOrder {index:2;}">
                    <Coords points="2481,2412 2481,2472 2544,2472 2544,2412"/>
                    <TextEquiv>
                        <Unicode>und</Unicode>
                    </TextEquiv>
                </Word>
                <Word id="tr_3_tl_47_w4" custom="readingOrder {index:3;}">
                    <Coords points="2587,2414 2587,2474 2671,2474 2671,2414"/>
                    <TextEquiv>
                        <Unicode>„Der</Unicode>
                    </TextEquiv>
                </Word>
                <Word id="tr_3_tl_47_w5" custom="readingOrder {index:4;}">
                    <Coords points="2709,2417 2709,2477 2814,2477 2814,2417"/>
                    <TextEquiv>
                        <Unicode>grüne</Unicode>
                    </TextEquiv>
                </Word>
                <Word id="tr_3_tl_47_w6" custom="readingOrder {index:5;}">
                    <Coords points="2852,2417 2852,2477 3026,2477 3026,2417"/>
                    <TextEquiv>
                        <Unicode>Kakadu",</Unicode>
                    </TextEquiv>
                </Word>
                <Word id="tr_3_tl_47_w7" custom="readingOrder {index:6;}">
                    <Coords points="3053,2416 3053,2476 3099,2476 3099,2416"/>
                    <TextEquiv>
                        <Unicode>ein</Unicode>
                    </TextEquiv>
                </Word>
                <TextEquiv>
                    <Unicode>„Die Gefährtin“ und „Der grüne Kakadu", ein</Unicode>
                </TextEquiv>
            </TextLine>
            <TextLine id="tr_3_tl_48" custom="readingOrder {index:47;}">
                <Coords points="2127,2509 3107,2515 3107,2465 2127,2465"/>
                <Baseline points="2134,2498 2182,2498 2231,2501 2280,2501 2329,2501 2378,2501 2426,2501 2475,2501 2524,2501 2573,2503 2622,2504 2670,2501 2719,2501 2768,2501 2817,2503 2866,2501 2914,2502 2963,2504 3012,2504 3061,2504 3110,2507"/>
                <Word id="tr_3_tl_48_w1" custom="readingOrder {index:0;}">
                    <Coords points="2127,2458 2127,2518 2204,2518 2204,2458"/>
                    <TextEquiv>
                        <Unicode>Jahr</Unicode>
                    </TextEquiv>
                </Word>
                <Word id="tr_3_tl_48_w2" custom="readingOrder {index:1;}">
                    <Coords points="2225,2461 2225,2521 2328,2521 2328,2461"/>
                    <TextEquiv>
                        <Unicode>später</Unicode>
                    </TextEquiv>
                </Word>
                <Word id="tr_3_tl_48_w3" custom="readingOrder {index:2;}">
                    <Coords points="2354,2461 2354,2521 2406,2521 2406,2461"/>
                    <TextEquiv>
                        <Unicode>das</Unicode>
                    </TextEquiv>
                </Word>
                <Word id="tr_3_tl_48_w4" custom="readingOrder {index:3;}">
                    <Coords points="2432,2461 2432,2521 2551,2521 2551,2461"/>
                    <TextEquiv>
                        <Unicode>Drama</Unicode>
                    </TextEquiv>
                </Word>
                <Word id="tr_3_tl_48_w5" custom="readingOrder {index:4;}">
                    <Coords points="2577,2463 2577,2523 2665,2523 2665,2463"/>
                    <TextEquiv>
                        <Unicode>„Der</Unicode>
                    </TextEquiv>
                </Word>
                <Word id="tr_3_tl_48_w6" custom="readingOrder {index:5;}">
                    <Coords points="2686,2461 2686,2521 2825,2521 2825,2461"/>
                    <TextEquiv>
                        <Unicode>Schleier</Unicode>
                    </TextEquiv>
                </Word>
                <Word id="tr_3_tl_48_w7" custom="readingOrder {index:6;}">
                    <Coords points="2852,2461 2852,2521 2898,2521 2898,2461"/>
                    <TextEquiv>
                        <Unicode>der</Unicode>
                    </TextEquiv>
                </Word>
                <Word id="tr_3_tl_48_w8" custom="readingOrder {index:7;}">
                    <Coords points="2925,2464 2925,2524 3110,2524 3110,2464"/>
                    <TextEquiv>
                        <Unicode>Beatrice“,</Unicode>
                    </TextEquiv>
                </Word>
                <TextEquiv>
                    <Unicode>Jahr später das Drama „Der Schleier der Beatrice“,</Unicode>
                </TextEquiv>
            </TextLine>
            <TextLine id="tr_3_tl_49" custom="readingOrder {index:48;}">
                <Coords points="2127,2569 3107,2559 3093,2512 2127,2513"/>
                <Baseline points="2134,2546 2182,2546 2231,2549 2280,2549 2329,2549 2378,2549 2426,2549 2475,2549 2524,2551 2573,2552 2622,2549 2670,2549 2719,2549 2768,2552 2817,2552 2866,2552 2914,2552 2963,2552 3012,2552 3061,2552 3110,2552"/>
                <Word id="tr_3_tl_49_w1" custom="readingOrder {index:0;}">
                    <Coords points="2127,2506 2127,2566 2202,2566 2202,2506"/>
                    <TextEquiv>
                        <Unicode>1901</Unicode>
                    </TextEquiv>
                </Word>
                <Word id="tr_3_tl_49_w2" custom="readingOrder {index:1;}">
                    <Coords points="2235,2509 2235,2569 2283,2569 2283,2509"/>
                    <TextEquiv>
                        <Unicode>der</Unicode>
                    </TextEquiv>
                </Word>
                <Word id="tr_3_tl_49_w3" custom="readingOrder {index:2;}">
                    <Coords points="2316,2509 2316,2569 2429,2569 2429,2509"/>
                    <TextEquiv>
                        <Unicode>Zyklus</Unicode>
                    </TextEquiv>
                </Word>
                <Word id="tr_3_tl_49_w4" custom="readingOrder {index:3;}">
                    <Coords points="2462,2511 2462,2571 2656,2571 2656,2511"/>
                    <TextEquiv>
                        <Unicode>„Lebendige</Unicode>
                    </TextEquiv>
                </Word>
                <Word id="tr_3_tl_49_w5" custom="readingOrder {index:4;}">
                    <Coords points="2684,2512 2684,2572 2888,2572 2888,2512"/>
                    <TextEquiv>
                        <Unicode>Stunden“,</Unicode>
                    </TextEquiv>
                </Word>
                <Word id="tr_3_tl_49_w6" custom="readingOrder {index:5;}">
                    <Coords points="2911,2512 2911,2572 2986,2572 2986,2512"/>
                    <TextEquiv>
                        <Unicode>1903</Unicode>
                    </TextEquiv>
                </Word>
                <Word id="tr_3_tl_49_w7" custom="readingOrder {index:6;}">
                    <Coords points="3019,2512 3019,2572 3099,2572 3099,2512"/>
                    <TextEquiv>
                        <Unicode>„Der</Unicode>
                    </TextEquiv>
                </Word>
                <TextEquiv>
                    <Unicode>1901 der Zyklus „Lebendige Stunden“, 1903 „Der</Unicode>
                </TextEquiv>
            </TextLine>
            <TextLine id="tr_3_tl_50" custom="readingOrder {index:49;}">
                <Coords points="2127,2605 3112,2614 3095,2562 2127,2566"/>
                <Baseline points="2134,2594 2183,2597 2232,2597 2281,2597 2330,2597 2379,2598 2428,2598 2477,2597 2526,2597 2575,2597 2625,2600 2674,2597 2723,2600 2772,2600 2821,2600 2870,2600 2919,2600 2968,2600 3017,2600 3066,2600 3116,2603"/>
                <Word id="tr_3_tl_50_w1" custom="readingOrder {index:0;}">
                    <Coords points="2122,2557 2122,2617 2261,2617 2261,2557"/>
                    <TextEquiv>
                        <Unicode>einsame</Unicode>
                    </TextEquiv>
                </Word>
                <Word id="tr_3_tl_50_w2" custom="readingOrder {index:1;}">
                    <Coords points="2289,2557 2289,2617 2412,2617 2412,2557"/>
                    <TextEquiv>
                        <Unicode>Weg",</Unicode>
                    </TextEquiv>
                </Word>
                <Word id="tr_3_tl_50_w3" custom="readingOrder {index:2;}">
                    <Coords points="2429,2557 2429,2617 2506,2617 2506,2557"/>
                    <TextEquiv>
                        <Unicode>1904</Unicode>
                    </TextEquiv>
                </Word>
                <Word id="tr_3_tl_50_w4" custom="readingOrder {index:3;}">
                    <Coords points="2540,2557 2540,2617 2629,2617 2629,2557"/>
                    <TextEquiv>
                        <Unicode>„Das</Unicode>
                    </TextEquiv>
                </Word>
                <Word id="tr_3_tl_50_w5" custom="readingOrder {index:4;}">
                    <Coords points="2663,2560 2663,2620 2925,2620 2925,2560"/>
                    <TextEquiv>
                        <Unicode>Zwischenspiel“</Unicode>
                    </TextEquiv>
                </Word>
                <Word id="tr_3_tl_50_w6" custom="readingOrder {index:5;}">
                    <Coords points="2959,2560 2959,2620 3020,2620 3020,2560"/>
                    <TextEquiv>
                        <Unicode>und</Unicode>
                    </TextEquiv>
                </Word>
                <Word id="tr_3_tl_50_w7" custom="readingOrder {index:6;}">
                    <Coords points="3060,2560 3060,2620 3103,2620 3103,2560"/>
                    <TextEquiv>
                        <Unicode>die</Unicode>
                    </TextEquiv>
                </Word>
                <TextEquiv>
                    <Unicode>einsame Weg", 1904 „Das Zwischenspiel“ und die</Unicode>
                </TextEquiv>
            </TextLine>
            <TextLine id="tr_3_tl_51" custom="readingOrder {index:50;}">
                <Coords points="2129,2652 3107,2664 3107,2614 2951,2603 2129,2612"/>
                <Baseline points="2137,2642 2185,2642 2234,2645 2282,2643 2331,2646 2380,2648 2428,2647 2477,2645 2526,2647 2574,2648 2623,2648 2672,2648 2720,2648 2769,2651 2818,2648 2866,2648 2915,2648 2964,2648 3012,2650 3061,2649 3110,2648"/>
                <Word id="tr_3_tl_51_w1" custom="readingOrder {index:0;}">
                    <Coords points="2124,2604 2124,2664 2362,2664 2362,2604"/>
                    <TextEquiv>
                        <Unicode>Einakterreihe</Unicode>
                    </TextEquiv>
                </Word>
                <Word id="tr_3_tl_51_w2" custom="readingOrder {index:1;}">
                    <Coords points="2395,2607 2395,2667 2682,2667 2682,2607"/>
                    <TextEquiv>
                        <Unicode>„Marionetten",</Unicode>
                    </TextEquiv>
                </Word>
                <Word id="tr_3_tl_51_w3" custom="readingOrder {index:2;}">
                    <Coords points="2704,2608 2704,2668 2731,2668 2731,2608"/>
                    <TextEquiv>
                        <Unicode>im</Unicode>
                    </TextEquiv>
                </Word>
                <Word id="tr_3_tl_51_w4" custom="readingOrder {index:3;}">
                    <Coords points="2769,2608 2769,2668 2871,2668 2871,2608"/>
                    <TextEquiv>
                        <Unicode>Jahre</Unicode>
                    </TextEquiv>
                </Word>
                <Word id="tr_3_tl_51_w5" custom="readingOrder {index:4;}">
                    <Coords points="2899,2608 2899,2668 2974,2668 2974,2608"/>
                    <TextEquiv>
                        <Unicode>1909</Unicode>
                    </TextEquiv>
                </Word>
                <Word id="tr_3_tl_51_w6" custom="readingOrder {index:5;}">
                    <Coords points="3002,2609 3002,2669 3099,2669 3099,2609"/>
                    <TextEquiv>
                        <Unicode>folgte</Unicode>
                    </TextEquiv>
                </Word>
                <TextEquiv>
                    <Unicode>Einakterreihe „Marionetten", im Jahre 1909 folgte</Unicode>
                </TextEquiv>
            </TextLine>
            <TextLine id="tr_3_tl_52" custom="readingOrder {index:51;}">
                <Coords points="2124,2706 3057,2717 3104,2710 3104,2657 2693,2651 2620,2680 2122,2651"/>
                <Baseline points="2131,2692 2179,2692 2228,2692 2277,2694 2326,2692 2375,2692 2423,2692 2472,2694 2521,2695 2570,2695 2619,2698 2667,2695 2716,2695 2765,2695 2814,2698 2863,2698 2911,2698 2960,2696 3009,2695 3058,2697 3107,2701"/>
                <Word id="tr_3_tl_52_w1" custom="readingOrder {index:0;}">
                    <Coords points="2122,2652 2122,2712 2180,2712 2180,2652"/>
                    <TextEquiv>
                        <Unicode>sein</Unicode>
                    </TextEquiv>
                </Word>
                <Word id="tr_3_tl_52_w2" custom="readingOrder {index:1;}">
                    <Coords points="2238,2652 2238,2712 2434,2712 2434,2652"/>
                    <TextEquiv>
                        <Unicode>historisches</Unicode>
                    </TextEquiv>
                </Word>
                <Word id="tr_3_tl_52_w3" custom="readingOrder {index:2;}">
                    <Coords points="2472,2655 2472,2715 2593,2715 2593,2655"/>
                    <TextEquiv>
                        <Unicode>Drama</Unicode>
                    </TextEquiv>
                </Word>
                <Word id="tr_3_tl_52_w4" custom="readingOrder {index:3;}">
                    <Coords points="2631,2655 2631,2715 2715,2715 2715,2655"/>
                    <TextEquiv>
                        <Unicode>„Der</Unicode>
                    </TextEquiv>
                </Word>
                <Word id="tr_3_tl_52_w5" custom="readingOrder {index:4;}">
                    <Coords points="2752,2657 2752,2717 2848,2717 2848,2657"/>
                    <TextEquiv>
                        <Unicode>junge</Unicode>
                    </TextEquiv>
                </Word>
                <Word id="tr_3_tl_52_w6" custom="readingOrder {index:5;}">
                    <Coords points="2885,2655 2885,2715 3107,2715 3107,2655"/>
                    <TextEquiv>
                        <Unicode>Medardus",</Unicode>
                    </TextEquiv>
                </Word>
                <TextEquiv>
                    <Unicode>sein historisches Drama „Der junge Medardus",</Unicode>
                </TextEquiv>
            </TextLine>
            <TextLine id="tr_3_tl_53" custom="readingOrder {index:52;}">
                <Coords points="2124,2749 3104,2759 3083,2703 2124,2706"/>
                <Baseline points="2131,2740 2179,2737 2228,2740 2277,2740 2326,2741 2375,2743 2423,2743 2472,2743 2521,2743 2570,2743 2619,2746 2667,2746 2716,2746 2765,2746 2814,2746 2863,2746 2911,2745 2960,2745 3009,2746 3058,2746 3107,2749"/>
                <Word id="tr_3_tl_53_w1" custom="readingOrder {index:0;}">
                    <Coords points="2124,2698 2124,2758 2199,2758 2199,2698"/>
                    <TextEquiv>
                        <Unicode>1910</Unicode>
                    </TextEquiv>
                </Word>
                <Word id="tr_3_tl_53_w2" custom="readingOrder {index:1;}">
                    <Coords points="2227,2700 2227,2760 2313,2760 2313,2700"/>
                    <TextEquiv>
                        <Unicode>„Das</Unicode>
                    </TextEquiv>
                </Word>
                <Word id="tr_3_tl_53_w3" custom="readingOrder {index:2;}">
                    <Coords points="2341,2703 2341,2763 2426,2763 2426,2703"/>
                    <TextEquiv>
                        <Unicode>weite</Unicode>
                    </TextEquiv>
                </Word>
                <Word id="tr_3_tl_53_w4" custom="readingOrder {index:3;}">
                    <Coords points="2449,2703 2449,2763 2578,2763 2578,2703"/>
                    <TextEquiv>
                        <Unicode>Land“,</Unicode>
                    </TextEquiv>
                </Word>
                <Word id="tr_3_tl_53_w5" custom="readingOrder {index:4;}">
                    <Coords points="2595,2706 2595,2766 2670,2766 2670,2706"/>
                    <TextEquiv>
                        <Unicode>1912</Unicode>
                    </TextEquiv>
                </Word>
                <Word id="tr_3_tl_53_w6" custom="readingOrder {index:5;}">
                    <Coords points="2697,2706 2697,2766 2880,2766 2880,2706"/>
                    <TextEquiv>
                        <Unicode>„Professor</Unicode>
                    </TextEquiv>
                </Word>
                <Word id="tr_3_tl_53_w7" custom="readingOrder {index:6;}">
                    <Coords points="2903,2705 2903,2765 3107,2765 3107,2705"/>
                    <TextEquiv>
                        <Unicode>Bernardi“,</Unicode>
                    </TextEquiv>
                </Word>
                <TextEquiv>
                    <Unicode>1910 „Das weite Land“, 1912 „Professor Bernardi“,</Unicode>
                </TextEquiv>
            </TextLine>
            <TextLine id="tr_3_tl_54" custom="readingOrder {index:53;}">
                <Coords points="2124,2806 3104,2807 3075,2753 2122,2752"/>
                <Baseline points="2131,2788 2179,2788 2228,2788 2277,2790 2326,2789 2375,2791 2423,2791 2472,2791 2521,2793 2570,2792 2619,2794 2667,2791 2716,2794 2765,2797 2814,2797 2863,2797 2911,2797 2960,2795 3009,2794 3058,2794 3107,2797"/>
                <Word id="tr_3_tl_54_w1" custom="readingOrder {index:0;}">
                    <Coords points="2123,2748 2123,2808 2199,2808 2199,2748"/>
                    <TextEquiv>
                        <Unicode>schon</Unicode>
                    </TextEquiv>
                </Word>
                <Word id="tr_3_tl_54_w2" custom="readingOrder {index:1;}">
                    <Coords points="2239,2749 2239,2809 2293,2809 2293,2749"/>
                    <TextEquiv>
                        <Unicode>bei</Unicode>
                    </TextEquiv>
                </Word>
                <Word id="tr_3_tl_54_w3" custom="readingOrder {index:2;}">
                    <Coords points="2333,2751 2333,2811 2431,2811 2431,2751"/>
                    <TextEquiv>
                        <Unicode>seiner</Unicode>
                    </TextEquiv>
                </Word>
                <Word id="tr_3_tl_54_w4" custom="readingOrder {index:3;}">
                    <Coords points="2465,2753 2465,2813 2742,2813 2742,2753"/>
                    <TextEquiv>
                        <Unicode>Erstaufführung</Unicode>
                    </TextEquiv>
                </Word>
                <Word id="tr_3_tl_54_w5" custom="readingOrder {index:4;}">
                    <Coords points="2776,2757 2776,2817 2874,2817 2874,2757"/>
                    <TextEquiv>
                        <Unicode>heftig</Unicode>
                    </TextEquiv>
                </Word>
                <Word id="tr_3_tl_54_w6" custom="readingOrder {index:5;}">
                    <Coords points="2908,2754 2908,2814 3107,2814 3107,2754"/>
                    <TextEquiv>
                        <Unicode>umstritten,</Unicode>
                    </TextEquiv>
                </Word>
                <TextEquiv>
                    <Unicode>schon bei seiner Erstaufführung heftig umstritten,</Unicode>
                </TextEquiv>
            </TextLine>
            <TextLine id="tr_3_tl_55" custom="readingOrder {index:54;}">
                <Coords points="2124,2845 3105,2853 3093,2804 2124,2806"/>
                <Baseline points="2131,2836 2179,2836 2228,2836 2277,2839 2326,2839 2375,2839 2423,2839 2472,2841 2521,2842 2570,2842 2619,2842 2667,2842 2716,2842 2765,2842 2814,2843 2863,2845 2911,2844 2960,2844 3009,2843 3058,2842 3107,2842"/>
                <Word id="tr_3_tl_55_w1" custom="readingOrder {index:0;}">
                    <Coords points="2124,2796 2124,2856 2199,2856 2199,2796"/>
                    <TextEquiv>
                        <Unicode>1915</Unicode>
                    </TextEquiv>
                </Word>
                <Word id="tr_3_tl_55_w2" custom="readingOrder {index:1;}">
                    <Coords points="2238,2798 2238,2858 2286,2858 2286,2798"/>
                    <TextEquiv>
                        <Unicode>die</Unicode>
                    </TextEquiv>
                </Word>
                <Word id="tr_3_tl_55_w3" custom="readingOrder {index:2;}">
                    <Coords points="2319,2799 2319,2859 2497,2859 2497,2799"/>
                    <TextEquiv>
                        <Unicode>„Komödie</Unicode>
                    </TextEquiv>
                </Word>
                <Word id="tr_3_tl_55_w4" custom="readingOrder {index:3;}">
                    <Coords points="2525,2802 2525,2862 2578,2862 2578,2802"/>
                    <TextEquiv>
                        <Unicode>der</Unicode>
                    </TextEquiv>
                </Word>
                <Word id="tr_3_tl_55_w5" custom="readingOrder {index:4;}">
                    <Coords points="2611,2802 2611,2862 2761,2862 2761,2802"/>
                    <TextEquiv>
                        <Unicode>Worte",</Unicode>
                    </TextEquiv>
                </Word>
                <Word id="tr_3_tl_55_w6" custom="readingOrder {index:5;}">
                    <Coords points="2790,2803 2790,2863 2865,2863 2865,2803"/>
                    <TextEquiv>
                        <Unicode>1917</Unicode>
                    </TextEquiv>
                </Word>
                <Word id="tr_3_tl_55_w7" custom="readingOrder {index:6;}">
                    <Coords points="2903,2804 2903,2864 3005,2864 3005,2804"/>
                    <TextEquiv>
                        <Unicode>„Fink</Unicode>
                    </TextEquiv>
                </Word>
                <Word id="tr_3_tl_55_w8" custom="readingOrder {index:7;}">
                    <Coords points="3038,2802 3038,2862 3097,2862 3097,2802"/>
                    <TextEquiv>
                        <Unicode>und</Unicode>
                    </TextEquiv>
                </Word>
                <TextEquiv>
                    <Unicode>1915 die „Komödie der Worte", 1917 „Fink und</Unicode>
                </TextEquiv>
            </TextLine>
            <TextLine id="tr_3_tl_56" custom="readingOrder {index:55;}">
                <Coords points="2127,2904 3109,2901 3082,2850 2127,2846"/>
                <Baseline points="2134,2886 2185,2886 2237,2886 2288,2885 2340,2881 2391,2884 2443,2886 2494,2889 2546,2889 2597,2889 2649,2889 2700,2889 2752,2889 2803,2889 2855,2889 2906,2892 2958,2892 3009,2894 3061,2893 3113,2889"/>
                <Word id="tr_3_tl_56_w1" custom="readingOrder {index:0;}">
                    <Coords points="2128,2845 2128,2905 2383,2905 2383,2845"/>
                    <TextEquiv>
                        <Unicode>Fliederbusch",</Unicode>
                    </TextEquiv>
                </Word>
                <Word id="tr_3_tl_56_w2" custom="readingOrder {index:1;}">
                    <Coords points="2411,2846 2411,2906 2488,2906 2488,2846"/>
                    <TextEquiv>
                        <Unicode>1919</Unicode>
                    </TextEquiv>
                </Word>
                <Word id="tr_3_tl_56_w3" custom="readingOrder {index:2;}">
                    <Coords points="2528,2849 2528,2909 2605,2909 2605,2849"/>
                    <TextEquiv>
                        <Unicode>„Die</Unicode>
                    </TextEquiv>
                </Word>
                <Word id="tr_3_tl_56_w4" custom="readingOrder {index:3;}">
                    <Coords points="2639,2849 2639,2909 2878,2909 2878,2849"/>
                    <TextEquiv>
                        <Unicode>Schwestern“,</Unicode>
                    </TextEquiv>
                </Word>
                <Word id="tr_3_tl_56_w5" custom="readingOrder {index:4;}">
                    <Coords points="2906,2852 2906,2912 2984,2912 2984,2852"/>
                    <TextEquiv>
                        <Unicode>1924</Unicode>
                    </TextEquiv>
                </Word>
                <Word id="tr_3_tl_56_w6" custom="readingOrder {index:5;}">
                    <Coords points="3024,2852 3024,2912 3106,2912 3106,2852"/>
                    <TextEquiv>
                        <Unicode>„Die</Unicode>
                    </TextEquiv>
                </Word>
                <TextEquiv>
                    <Unicode>Fliederbusch", 1919 „Die Schwestern“, 1924 „Die</Unicode>
                </TextEquiv>
            </TextLine>
            <TextLine id="tr_3_tl_57" custom="readingOrder {index:56;}">
                <Coords points="2118,2943 3040,2958 3112,2947 3111,2907 2117,2906"/>
                <Baseline points="2125,2931 2174,2934 2224,2934 2273,2934 2323,2934 2372,2934 2422,2934 2471,2934 2521,2934 2570,2937 2620,2937 2670,2937 2719,2938 2769,2940 2818,2939 2868,2937 2917,2939 2967,2940 3016,2940 3066,2937 3116,2937"/>
                <Word id="tr_3_tl_57_w1" custom="readingOrder {index:0;}">
                    <Coords points="2122,2894 2122,2954 2275,2954 2275,2894"/>
                    <TextEquiv>
                        <Unicode>Komödie</Unicode>
                    </TextEquiv>
                </Word>
                <Word id="tr_3_tl_57_w2" custom="readingOrder {index:1;}">
                    <Coords points="2307,2894 2307,2954 2359,2954 2359,2894"/>
                    <TextEquiv>
                        <Unicode>der</Unicode>
                    </TextEquiv>
                </Word>
                <Word id="tr_3_tl_57_w3" custom="readingOrder {index:2;}">
                    <Coords points="2391,2894 2391,2954 2645,2954 2645,2894"/>
                    <TextEquiv>
                        <Unicode>Verführung“,</Unicode>
                    </TextEquiv>
                </Word>
                <Word id="tr_3_tl_57_w4" custom="readingOrder {index:3;}">
                    <Coords points="2672,2897 2672,2957 2750,2957 2750,2897"/>
                    <TextEquiv>
                        <Unicode>1925</Unicode>
                    </TextEquiv>
                </Word>
                <Word id="tr_3_tl_57_w5" custom="readingOrder {index:4;}">
                    <Coords points="2788,2898 2788,2958 2872,2958 2872,2898"/>
                    <TextEquiv>
                        <Unicode>„Der</Unicode>
                    </TextEquiv>
                </Word>
                <Word id="tr_3_tl_57_w6" custom="readingOrder {index:5;}">
                    <Coords points="2899,2899 2899,2959 2994,2959 2994,2899"/>
                    <TextEquiv>
                        <Unicode>Gang</Unicode>
                    </TextEquiv>
                </Word>
                <Word id="tr_3_tl_57_w7" custom="readingOrder {index:6;}">
                    <Coords points="3031,2897 3031,2957 3083,2957 3083,2897"/>
                    <TextEquiv>
                        <Unicode>zum</Unicode>
                    </TextEquiv>
                </Word>
                <TextEquiv>
                    <Unicode>Komödie der Verführung“, 1925 „Der Gang zum</Unicode>
                </TextEquiv>
            </TextLine>
            <TextLine id="tr_3_tl_58" custom="readingOrder {index:57;}">
                <Coords points="2124,2990 3104,2997 3104,2961 2961,2944 2124,2942"/>
                <Baseline points="2131,2979 2179,2979 2228,2982 2277,2983 2326,2984 2375,2982 2423,2984 2472,2983 2521,2984 2570,2985 2619,2985 2667,2985 2716,2985 2765,2982 2814,2986 2863,2987 2911,2985 2960,2985 3009,2985 3058,2987 3107,2985"/>
                <Word id="tr_3_tl_58_w1" custom="readingOrder {index:0;}">
                    <Coords points="2124,2940 2124,3000 2287,3000 2287,2940"/>
                    <TextEquiv>
                        <Unicode>Weiher",</Unicode>
                    </TextEquiv>
                </Word>
                <Word id="tr_3_tl_58_w2" custom="readingOrder {index:1;}">
                    <Coords points="2303,2943 2303,3003 2373,3003 2373,2943"/>
                    <TextEquiv>
                        <Unicode>der,</Unicode>
                    </TextEquiv>
                </Word>
                <Word id="tr_3_tl_58_w3" custom="readingOrder {index:2;}">
                    <Coords points="2395,2943 2395,3003 2450,3003 2450,2943"/>
                    <TextEquiv>
                        <Unicode>wie</Unicode>
                    </TextEquiv>
                </Word>
                <Word id="tr_3_tl_58_w4" custom="readingOrder {index:3;}">
                    <Coords points="2472,2943 2472,3003 2531,3003 2531,2943"/>
                    <TextEquiv>
                        <Unicode>„Im</Unicode>
                    </TextEquiv>
                </Word>
                <Word id="tr_3_tl_58_w5" custom="readingOrder {index:4;}">
                    <Coords points="2575,2945 2575,3005 2672,3005 2672,2945"/>
                    <TextEquiv>
                        <Unicode>Spiel</Unicode>
                    </TextEquiv>
                </Word>
                <Word id="tr_3_tl_58_w6" custom="readingOrder {index:5;}">
                    <Coords points="2695,2944 2695,3004 2743,3004 2743,2944"/>
                    <TextEquiv>
                        <Unicode>der</Unicode>
                    </TextEquiv>
                </Word>
                <Word id="tr_3_tl_58_w7" custom="readingOrder {index:6;}">
                    <Coords points="2771,2945 2771,3005 3053,3005 3053,2945"/>
                    <TextEquiv>
                        <Unicode>Sommerlüfte",</Unicode>
                    </TextEquiv>
                </Word>
                <Word id="tr_3_tl_58_w8" custom="readingOrder {index:7;}">
                    <Coords points="3070,2945 3070,3005 3096,3005 3096,2945"/>
                    <TextEquiv>
                        <Unicode>in</Unicode>
                    </TextEquiv>
                </Word>
                <TextEquiv>
                    <Unicode>Weiher", der, wie „Im Spiel der Sommerlüfte", in</Unicode>
                </TextEquiv>
            </TextLine>
            <TextLine id="tr_3_tl_59" custom="readingOrder {index:58;}">
                <Coords points="2117,3036 3087,3071 3101,2996 2115,2994"/>
                <Baseline points="2125,3030 2176,3030 2228,3031 2279,3033 2331,3033 2382,3033 2434,3033 2485,3033 2537,3033 2588,3033 2640,3034 2691,3036 2743,3036 2794,3036 2846,3036 2897,3036 2949,3037 3000,3037 3052,3036 3104,3033"/>
                <Word id="tr_3_tl_59_w1" custom="readingOrder {index:0;}">
                    <Coords points="2121,2990 2121,3050 2176,3050 2176,2990"/>
                    <TextEquiv>
                        <Unicode>der</Unicode>
                    </TextEquiv>
                </Word>
                <Word id="tr_3_tl_59_w2" custom="readingOrder {index:1;}">
                    <Coords points="2210,2993 2210,3053 2430,3053 2430,2993"/>
                    <TextEquiv>
                        <Unicode>vergangenen</Unicode>
                    </TextEquiv>
                </Word>
                <Word id="tr_3_tl_59_w3" custom="readingOrder {index:2;}">
                    <Coords points="2469,2993 2469,3053 2601,3053 2601,2993"/>
                    <TextEquiv>
                        <Unicode>Wiener</Unicode>
                    </TextEquiv>
                </Word>
                <Word id="tr_3_tl_59_w4" custom="readingOrder {index:3;}">
                    <Coords points="2635,2996 2635,3056 2878,3056 2878,2996"/>
                    <TextEquiv>
                        <Unicode>Theatersaison</Unicode>
                    </TextEquiv>
                </Word>
                <Word id="tr_3_tl_59_w5" custom="readingOrder {index:4;}">
                    <Coords points="2923,2997 2923,3057 2983,3057 2983,2997"/>
                    <TextEquiv>
                        <Unicode>zur</Unicode>
                    </TextEquiv>
                </Word>
                <Word id="tr_3_tl_59_w6" custom="readingOrder {index:5;}">
                    <Coords points="3017,2995 3017,3055 3099,3055 3099,2995"/>
                    <TextEquiv>
                        <Unicode>Auf¬</Unicode>
                    </TextEquiv>
                </Word>
                <TextEquiv>
                    <Unicode>der vergangenen Wiener Theatersaison zur Auf¬</Unicode>
                </TextEquiv>
            </TextLine>
            <TextLine id="tr_3_tl_60" custom="readingOrder {index:59;}">
                <Coords points="2127,3111 2163,3111 2194,3089 2271,3109 2472,3095 2472,3051 2429,3043 2285,3061 2261,3047 2218,3058 2181,3041 2127,3043"/>
                <Baseline points="2134,3081 2160,3079 2186,3078 2212,3080 2238,3081 2264,3081 2290,3082 2317,3084 2343,3082 2369,3081 2395,3081 2421,3082 2447,3084 2474,3081"/>
                <Word id="tr_3_tl_60_w1" custom="readingOrder {index:0;}">
                    <Coords points="2122,3038 2122,3098 2264,3098 2264,3038"/>
                    <TextEquiv>
                        <Unicode>führung</Unicode>
                    </TextEquiv>
                </Word>
                <Word id="tr_3_tl_60_w2" custom="readingOrder {index:1;}">
                    <Coords points="2299,3041 2299,3101 2464,3101 2464,3041"/>
                    <TextEquiv>
                        <Unicode>gelangte.</Unicode>
                    </TextEquiv>
                </Word>
                <TextEquiv>
                    <Unicode>führung gelangte.</Unicode>
                </TextEquiv>
            </TextLine>
            <TextLine id="tr_3_tl_61" custom="readingOrder {index:60;}">
                <Coords points="2168,3141 3107,3144 3094,3077 2168,3100"/>
                <Baseline points="2176,3128 2222,3131 2269,3134 2316,3137 2362,3134 2409,3134 2456,3134 2502,3134 2549,3134 2596,3134 2643,3134 2689,3135 2736,3137 2783,3135 2829,3134 2876,3136 2923,3135 2969,3136 3016,3135 3063,3136 3110,3137"/>
                <Word id="tr_3_tl_61_w1" custom="readingOrder {index:0;}">
                    <Coords points="2169,3090 2169,3150 2263,3150 2263,3090"/>
                    <TextEquiv>
                        <Unicode>Seine</Unicode>
                    </TextEquiv>
                </Word>
                <Word id="tr_3_tl_61_w2" custom="readingOrder {index:1;}">
                    <Coords points="2317,3094 2317,3154 2411,3154 2411,3094"/>
                    <TextEquiv>
                        <Unicode>große</Unicode>
                    </TextEquiv>
                </Word>
                <Word id="tr_3_tl_61_w3" custom="readingOrder {index:2;}">
                    <Coords points="2442,3094 2442,3154 2684,3154 2684,3094"/>
                    <TextEquiv>
                        <Unicode>Fruchtbarkeit</Unicode>
                    </TextEquiv>
                </Word>
                <Word id="tr_3_tl_61_w4" custom="readingOrder {index:3;}">
                    <Coords points="2726,3095 2726,3155 2832,3155 2832,3095"/>
                    <TextEquiv>
                        <Unicode>zeigte</Unicode>
                    </TextEquiv>
                </Word>
                <Word id="tr_3_tl_61_w5" custom="readingOrder {index:4;}">
                    <Coords points="2862,3095 2862,3155 2909,3155 2909,3095"/>
                    <TextEquiv>
                        <Unicode>sich</Unicode>
                    </TextEquiv>
                </Word>
                <Word id="tr_3_tl_61_w6" custom="readingOrder {index:5;}">
                    <Coords points="2939,3095 2939,3155 3009,3155 3009,3095"/>
                    <TextEquiv>
                        <Unicode>auch</Unicode>
                    </TextEquiv>
                </Word>
                <Word id="tr_3_tl_61_w7" custom="readingOrder {index:6;}">
                    <Coords points="3057,3096 3057,3156 3086,3156 3086,3096"/>
                    <TextEquiv>
                        <Unicode>in</Unicode>
                    </TextEquiv>
                </Word>
                <TextEquiv>
                    <Unicode>Seine große Fruchtbarkeit zeigte sich auch in</Unicode>
                </TextEquiv>
            </TextLine>
            <TextLine id="tr_3_tl_62" custom="readingOrder {index:61;}">
                <Coords points="2127,3194 3107,3194 3091,3144 2393,3168 2125,3123"/>
                <Baseline points="2134,3176 2182,3179 2231,3179 2280,3179 2329,3180 2378,3182 2426,3180 2475,3181 2524,3182 2573,3182 2622,3182 2670,3182 2719,3185 2768,3185 2817,3185 2866,3185 2914,3185 2963,3185 3012,3185 3061,3182 3110,3185"/>
                <Word id="tr_3_tl_62_w1" custom="readingOrder {index:0;}">
                    <Coords points="2125,3139 2125,3199 2368,3199 2368,3139"/>
                    <TextEquiv>
                        <Unicode>Prosawerken.</Unicode>
                    </TextEquiv>
                </Word>
                <Word id="tr_3_tl_62_w2" custom="readingOrder {index:1;}">
                    <Coords points="2431,3140 2431,3200 2503,3200 2503,3140"/>
                    <TextEquiv>
                        <Unicode>Von</Unicode>
                    </TextEquiv>
                </Word>
                <Word id="tr_3_tl_62_w3" custom="readingOrder {index:2;}">
                    <Coords points="2576,3142 2576,3202 2669,3202 2669,3142"/>
                    <TextEquiv>
                        <Unicode>ihnen</Unicode>
                    </TextEquiv>
                </Word>
                <Word id="tr_3_tl_62_w4" custom="readingOrder {index:3;}">
                    <Coords points="2742,3145 2742,3205 2955,3205 2955,3145"/>
                    <TextEquiv>
                        <Unicode>erschienen:</Unicode>
                    </TextEquiv>
                </Word>
                <Word id="tr_3_tl_62_w5" custom="readingOrder {index:4;}">
                    <Coords points="3017,3142 3017,3202 3100,3202 3100,3142"/>
                    <TextEquiv>
                        <Unicode>1892</Unicode>
                    </TextEquiv>
                </Word>
                <TextEquiv>
                    <Unicode>Prosawerken. Von ihnen erschienen: 1892</Unicode>
                </TextEquiv>
            </TextLine>
            <TextLine id="tr_3_tl_63" custom="readingOrder {index:62;}">
                <Coords points="2111,3252 3108,3241 3108,3198 3062,3191 2111,3190"/>
                <Baseline points="2119,3233 2168,3230 2218,3230 2267,3230 2317,3230 2366,3230 2416,3230 2465,3230 2515,3230 2564,3230 2614,3230 2664,3230 2713,3230 2763,3231 2812,3232 2862,3231 2911,3233 2961,3233 3010,3231 3060,3230 3110,3230"/>
                <Word id="tr_3_tl_63_w1" custom="readingOrder {index:0;}">
                    <Coords points="2123,3190 2123,3250 2326,3250 2326,3190"/>
                    <TextEquiv>
                        <Unicode>„Sterben“,</Unicode>
                    </TextEquiv>
                </Word>
                <Word id="tr_3_tl_63_w2" custom="readingOrder {index:1;}">
                    <Coords points="2354,3190 2354,3250 2431,3250 2431,3190"/>
                    <TextEquiv>
                        <Unicode>1894</Unicode>
                    </TextEquiv>
                </Word>
                <Word id="tr_3_tl_63_w3" custom="readingOrder {index:2;}">
                    <Coords points="2471,3190 2471,3250 2553,3250 2553,3190"/>
                    <TextEquiv>
                        <Unicode>„Die</Unicode>
                    </TextEquiv>
                </Word>
                <Word id="tr_3_tl_63_w4" custom="readingOrder {index:3;}">
                    <Coords points="2587,3190 2587,3250 2773,3250 2773,3190"/>
                    <TextEquiv>
                        <Unicode>Blumen",</Unicode>
                    </TextEquiv>
                </Word>
                <Word id="tr_3_tl_63_w5" custom="readingOrder {index:4;}">
                    <Coords points="2797,3191 2797,3251 2873,3251 2873,3191"/>
                    <TextEquiv>
                        <Unicode>1895</Unicode>
                    </TextEquiv>
                </Word>
                <Word id="tr_3_tl_63_w6" custom="readingOrder {index:5;}">
                    <Coords points="2913,3193 2913,3253 2995,3253 2995,3193"/>
                    <TextEquiv>
                        <Unicode>„Ein</Unicode>
                    </TextEquiv>
                </Word>
                <Word id="tr_3_tl_63_w7" custom="readingOrder {index:6;}">
                    <Coords points="3034,3190 3034,3250 3100,3250 3100,3190"/>
                    <TextEquiv>
                        <Unicode>Ab¬</Unicode>
                    </TextEquiv>
                </Word>
                <TextEquiv>
                    <Unicode>„Sterben“, 1894 „Die Blumen", 1895 „Ein Ab¬</Unicode>
                </TextEquiv>
            </TextLine>
            <TextLine id="tr_3_tl_64" custom="readingOrder {index:63;}">
                <Coords points="2124,3297 3109,3295 3087,3238 2124,3241"/>
                <Baseline points="2131,3278 2180,3278 2229,3276 2278,3278 2327,3278 2376,3278 2425,3280 2474,3281 2523,3279 2572,3281 2622,3278 2671,3278 2720,3281 2769,3280 2818,3279 2867,3281 2916,3281 2965,3281 3014,3283 3063,3282 3113,3278"/>
                <Word id="tr_3_tl_64_w1" custom="readingOrder {index:0;}">
                    <Coords points="2125,3237 2125,3297 2254,3297 2254,3237"/>
                    <TextEquiv>
                        <Unicode>schied",</Unicode>
                    </TextEquiv>
                </Word>
                <Word id="tr_3_tl_64_w2" custom="readingOrder {index:1;}">
                    <Coords points="2277,3238 2277,3298 2357,3298 2357,3238"/>
                    <TextEquiv>
                        <Unicode>1896</Unicode>
                    </TextEquiv>
                </Word>
                <Word id="tr_3_tl_64_w3" custom="readingOrder {index:2;}">
                    <Coords points="2391,3240 2391,3300 2470,3300 2470,3240"/>
                    <TextEquiv>
                        <Unicode>„Die</Unicode>
                    </TextEquiv>
                </Word>
                <Word id="tr_3_tl_64_w4" custom="readingOrder {index:3;}">
                    <Coords points="2499,3239 2499,3299 2583,3299 2583,3239"/>
                    <TextEquiv>
                        <Unicode>Frau</Unicode>
                    </TextEquiv>
                </Word>
                <Word id="tr_3_tl_64_w5" custom="readingOrder {index:4;}">
                    <Coords points="2624,3238 2624,3298 2675,3298 2675,3238"/>
                    <TextEquiv>
                        <Unicode>des</Unicode>
                    </TextEquiv>
                </Word>
                <Word id="tr_3_tl_64_w6" custom="readingOrder {index:5;}">
                    <Coords points="2709,3239 2709,3299 2879,3299 2879,3239"/>
                    <TextEquiv>
                        <Unicode>Weisen",</Unicode>
                    </TextEquiv>
                </Word>
                <Word id="tr_3_tl_64_w7" custom="readingOrder {index:6;}">
                    <Coords points="2902,3241 2902,3301 2981,3301 2981,3241"/>
                    <TextEquiv>
                        <Unicode>1897</Unicode>
                    </TextEquiv>
                </Word>
                <Word id="tr_3_tl_64_w8" custom="readingOrder {index:7;}">
                    <Coords points="3016,3242 3016,3302 3100,3302 3100,3242"/>
                    <TextEquiv>
                        <Unicode>„Der</Unicode>
                    </TextEquiv>
                </Word>
                <TextEquiv>
                    <Unicode>schied", 1896 „Die Frau des Weisen", 1897 „Der</Unicode>
                </TextEquiv>
            </TextLine>
            <TextLine id="tr_3_tl_65" custom="readingOrder {index:64;}">
                <Coords points="2117,3342 3109,3341 3109,3295 3044,3288 2117,3287"/>
                <Baseline points="2125,3325 2174,3322 2223,3325 2273,3325 2322,3325 2372,3327 2421,3328 2470,3330 2520,3329 2569,3325 2619,3328 2668,3328 2717,3329 2767,3331 2816,3330 2866,3326 2915,3327 2964,3330 3014,3331 3063,3328 3113,3325"/>
                <Word id="tr_3_tl_65_w1" custom="readingOrder {index:0;}">
                    <Coords points="2118,3284 2118,3344 2310,3344 2310,3284"/>
                    <TextEquiv>
                        <Unicode>Ehrentag“</Unicode>
                    </TextEquiv>
                </Word>
                <Word id="tr_3_tl_65_w2" custom="readingOrder {index:1;}">
                    <Coords points="2361,3287 2361,3347 2426,3347 2426,3287"/>
                    <TextEquiv>
                        <Unicode>und</Unicode>
                    </TextEquiv>
                </Word>
                <Word id="tr_3_tl_65_w3" custom="readingOrder {index:2;}">
                    <Coords points="2477,3289 2477,3349 2559,3349 2559,3289"/>
                    <TextEquiv>
                        <Unicode>„Die</Unicode>
                    </TextEquiv>
                </Word>
                <Word id="tr_3_tl_65_w4" custom="readingOrder {index:3;}">
                    <Coords points="2609,3288 2609,3348 2708,3348 2708,3288"/>
                    <TextEquiv>
                        <Unicode>Toten</Unicode>
                    </TextEquiv>
                </Word>
                <Word id="tr_3_tl_65_w5" custom="readingOrder {index:4;}">
                    <Coords points="2764,3286 2764,3346 2974,3346 2974,3286"/>
                    <TextEquiv>
                        <Unicode>schweigen",</Unicode>
                    </TextEquiv>
                </Word>
                <Word id="tr_3_tl_65_w6" custom="readingOrder {index:5;}">
                    <Coords points="3019,3288 3019,3348 3095,3348 3095,3288"/>
                    <TextEquiv>
                        <Unicode>1900</Unicode>
                    </TextEquiv>
                </Word>
                <TextEquiv>
                    <Unicode>Ehrentag“ und „Die Toten schweigen", 1900</Unicode>
                </TextEquiv>
            </TextLine>
            <TextLine id="tr_3_tl_66" custom="readingOrder {index:65;}">
                <Coords points="2117,3388 3107,3388 3107,3346 3004,3333 2117,3355"/>
                <Baseline points="2125,3379 2174,3376 2223,3376 2272,3375 2322,3373 2371,3375 2420,3376 2469,3374 2519,3372 2568,3378 2617,3376 2666,3376 2716,3378 2765,3376 2814,3376 2863,3377 2913,3379 2962,3377 3011,3376 3060,3379 3110,3379"/>
                <Word id="tr_3_tl_66_w1" custom="readingOrder {index:0;}">
                    <Coords points="2122,3336 2122,3396 2297,3396 2297,3336"/>
                    <TextEquiv>
                        <Unicode>„Andreas</Unicode>
                    </TextEquiv>
                </Word>
                <Word id="tr_3_tl_66_w2" custom="readingOrder {index:1;}">
                    <Coords points="2324,3335 2324,3395 2556,3395 2556,3335"/>
                    <TextEquiv>
                        <Unicode>Thalmayer",</Unicode>
                    </TextEquiv>
                </Word>
                <Word id="tr_3_tl_66_w3" custom="readingOrder {index:2;}">
                    <Coords points="2573,3336 2573,3396 2654,3396 2654,3336"/>
                    <TextEquiv>
                        <Unicode>„Der</Unicode>
                    </TextEquiv>
                </Word>
                <Word id="tr_3_tl_66_w4" custom="readingOrder {index:3;}">
                    <Coords points="2681,3337 2681,3397 2789,3397 2789,3337"/>
                    <TextEquiv>
                        <Unicode>blinde</Unicode>
                    </TextEquiv>
                </Word>
                <Word id="tr_3_tl_66_w5" custom="readingOrder {index:4;}">
                    <Coords points="2810,3338 2810,3398 3012,3398 3012,3338"/>
                    <TextEquiv>
                        <Unicode>Geronimo"</Unicode>
                    </TextEquiv>
                </Word>
                <Word id="tr_3_tl_66_w6" custom="readingOrder {index:5;}">
                    <Coords points="3044,3339 3044,3399 3100,3399 3100,3339"/>
                    <TextEquiv>
                        <Unicode>und</Unicode>
                    </TextEquiv>
                </Word>
                <TextEquiv>
                    <Unicode>„Andreas Thalmayer", „Der blinde Geronimo" und</Unicode>
                </TextEquiv>
            </TextLine>
            <TextLine id="tr_3_tl_67" custom="readingOrder {index:66;}">
                <Coords points="2114,3437 3022,3425 3107,3455 3087,3384 2114,3385"/>
                <Baseline points="2122,3424 2171,3424 2220,3424 2270,3424 2319,3425 2369,3425 2418,3424 2467,3424 2517,3424 2566,3424 2616,3424 2665,3427 2714,3427 2764,3426 2813,3424 2863,3426 2912,3427 2961,3427 3011,3424 3060,3427 3110,3424"/>
                <Word id="tr_3_tl_67_w1" custom="readingOrder {index:0;}">
                    <Coords points="2119,3384 2119,3444 2166,3444 2166,3384"/>
                    <TextEquiv>
                        <Unicode>die</Unicode>
                    </TextEquiv>
                </Word>
                <Word id="tr_3_tl_67_w2" custom="readingOrder {index:1;}">
                    <Coords points="2199,3384 2199,3444 2336,3444 2336,3384"/>
                    <TextEquiv>
                        <Unicode>Novelle</Unicode>
                    </TextEquiv>
                </Word>
                <Word id="tr_3_tl_67_w3" custom="readingOrder {index:2;}">
                    <Coords points="2368,3384 2368,3444 2554,3444 2554,3384"/>
                    <TextEquiv>
                        <Unicode>„Leutnant</Unicode>
                    </TextEquiv>
                </Word>
                <Word id="tr_3_tl_67_w4" custom="readingOrder {index:3;}">
                    <Coords points="2581,3385 2581,3445 2713,3445 2713,3385"/>
                    <TextEquiv>
                        <Unicode>Gustl“,</Unicode>
                    </TextEquiv>
                </Word>
                <Word id="tr_3_tl_67_w5" custom="readingOrder {index:4;}">
                    <Coords points="2740,3385 2740,3445 2813,3445 2813,3385"/>
                    <TextEquiv>
                        <Unicode>1900</Unicode>
                    </TextEquiv>
                </Word>
                <Word id="tr_3_tl_67_w6" custom="readingOrder {index:5;}">
                    <Coords points="2851,3387 2851,3447 2994,3447 2994,3387"/>
                    <TextEquiv>
                        <Unicode>entstand</Unicode>
                    </TextEquiv>
                </Word>
                <Word id="tr_3_tl_67_w7" custom="readingOrder {index:6;}">
                    <Coords points="3031,3386 3031,3446 3099,3446 3099,3386"/>
                    <TextEquiv>
                        <Unicode>auch</Unicode>
                    </TextEquiv>
                </Word>
                <TextEquiv>
                    <Unicode>die Novelle „Leutnant Gustl“, 1900 entstand auch</Unicode>
                </TextEquiv>
            </TextLine>
            <TextLine id="tr_3_tl_68" custom="readingOrder {index:67;}">
                <Coords points="2111,3486 3108,3489 3108,3455 3022,3425 2156,3434 2111,3463"/>
                <Baseline points="2119,3478 2168,3475 2218,3475 2267,3475 2317,3475 2366,3474 2416,3473 2465,3475 2515,3475 2564,3475 2614,3475 2664,3478 2713,3478 2763,3478 2812,3477 2862,3475 2911,3475 2961,3477 3010,3478 3060,3475 3110,3472"/>
                <Word id="tr_3_tl_68_w1" custom="readingOrder {index:0;}">
                    <Coords points="2117,3435 2117,3495 2219,3495 2219,3435"/>
                    <TextEquiv>
                        <Unicode>„Frau</Unicode>
                    </TextEquiv>
                </Word>
                <Word id="tr_3_tl_68_w2" custom="readingOrder {index:1;}">
                    <Coords points="2258,3435 2258,3495 2355,3495 2355,3435"/>
                    <TextEquiv>
                        <Unicode>Berta</Unicode>
                    </TextEquiv>
                </Word>
                <Word id="tr_3_tl_68_w3" custom="readingOrder {index:2;}">
                    <Coords points="2389,3435 2389,3495 2557,3495 2557,3435"/>
                    <TextEquiv>
                        <Unicode>Garlan“,</Unicode>
                    </TextEquiv>
                </Word>
                <Word id="tr_3_tl_68_w4" custom="readingOrder {index:3;}">
                    <Coords points="2585,3435 2585,3495 2660,3495 2660,3435"/>
                    <TextEquiv>
                        <Unicode>1902</Unicode>
                    </TextEquiv>
                </Word>
                <Word id="tr_3_tl_68_w5" custom="readingOrder {index:4;}">
                    <Coords points="2693,3438 2693,3498 2774,3498 2774,3438"/>
                    <TextEquiv>
                        <Unicode>„Die</Unicode>
                    </TextEquiv>
                </Word>
                <Word id="tr_3_tl_68_w6" custom="readingOrder {index:5;}">
                    <Coords points="2808,3435 2808,3495 2981,3495 2981,3435"/>
                    <TextEquiv>
                        <Unicode>griechische</Unicode>
                    </TextEquiv>
                </Word>
                <Word id="tr_3_tl_68_w7" custom="readingOrder {index:6;}">
                    <Coords points="3009,3435 3009,3495 3101,3495 3101,3435"/>
                    <TextEquiv>
                        <Unicode>Sän¬</Unicode>
                    </TextEquiv>
                </Word>
                <TextEquiv>
                    <Unicode>„Frau Berta Garlan“, 1902 „Die griechische Sän¬</Unicode>
                </TextEquiv>
            </TextLine>
            <TextLine id="tr_3_tl_69" custom="readingOrder {index:68;}">
                <Coords points="2122,3536 3105,3542 3104,3491 2121,3496"/>
                <Baseline points="2128,3519 2179,3522 2231,3522 2282,3522 2334,3520 2385,3519 2437,3522 2488,3522 2540,3522 2591,3522 2643,3522 2694,3522 2746,3524 2797,3522 2849,3522 2900,3522 2952,3523 3003,3525 3055,3523 3107,3522"/>
                <Word id="tr_3_tl_69_w1" custom="readingOrder {index:0;}">
                    <Coords points="2121,3482 2121,3542 2252,3542 2252,3482"/>
                    <TextEquiv>
                        <Unicode>gerin",</Unicode>
                    </TextEquiv>
                </Word>
                <Word id="tr_3_tl_69_w2" custom="readingOrder {index:1;}">
                    <Coords points="2269,3481 2269,3541 2316,3541 2316,3481"/>
                    <TextEquiv>
                        <Unicode>bis</Unicode>
                    </TextEquiv>
                </Word>
                <Word id="tr_3_tl_69_w3" custom="readingOrder {index:2;}">
                    <Coords points="2348,3479 2348,3539 2421,3539 2421,3479"/>
                    <TextEquiv>
                        <Unicode>1908</Unicode>
                    </TextEquiv>
                </Word>
                <Word id="tr_3_tl_69_w4" custom="readingOrder {index:3;}">
                    <Coords points="2454,3482 2454,3542 2511,3542 2511,3482"/>
                    <TextEquiv>
                        <Unicode>sein</Unicode>
                    </TextEquiv>
                </Word>
                <Word id="tr_3_tl_69_w5" custom="readingOrder {index:4;}">
                    <Coords points="2544,3482 2544,3542 2685,3542 2685,3482"/>
                    <TextEquiv>
                        <Unicode>einziger</Unicode>
                    </TextEquiv>
                </Word>
                <Word id="tr_3_tl_69_w6" custom="readingOrder {index:5;}">
                    <Coords points="2713,3483 2713,3543 2828,3543 2828,3483"/>
                    <TextEquiv>
                        <Unicode>großer</Unicode>
                    </TextEquiv>
                </Word>
                <Word id="tr_3_tl_69_w7" custom="readingOrder {index:6;}">
                    <Coords points="2855,3482 2855,3542 2976,3542 2976,3482"/>
                    <TextEquiv>
                        <Unicode>Roman</Unicode>
                    </TextEquiv>
                </Word>
                <Word id="tr_3_tl_69_w8" custom="readingOrder {index:7;}">
                    <Coords points="3014,3482 3014,3542 3097,3542 3097,3482"/>
                    <TextEquiv>
                        <Unicode>„Der</Unicode>
                    </TextEquiv>
                </Word>
                <TextEquiv>
                    <Unicode>gerin", bis 1908 sein einziger großer Roman „Der</Unicode>
                </TextEquiv>
            </TextLine>
            <TextLine id="tr_3_tl_70" custom="readingOrder {index:69;}">
                <Coords points="2121,3579 3107,3581 3107,3543 3050,3531 2121,3536"/>
                <Baseline points="2128,3564 2177,3570 2226,3570 2275,3570 2324,3570 2373,3569 2422,3569 2471,3570 2520,3570 2569,3570 2619,3570 2668,3573 2717,3570 2766,3572 2815,3571 2864,3573 2913,3573 2962,3571 3011,3570 3060,3570 3110,3570"/>
                <Word id="tr_3_tl_70_w1" custom="readingOrder {index:0;}">
                    <Coords points="2121,3527 2121,3587 2188,3587 2188,3527"/>
                    <TextEquiv>
                        <Unicode>Weg</Unicode>
                    </TextEquiv>
                </Word>
                <Word id="tr_3_tl_70_w2" custom="readingOrder {index:1;}">
                    <Coords points="2219,3530 2219,3590 2270,3590 2270,3530"/>
                    <TextEquiv>
                        <Unicode>ins</Unicode>
                    </TextEquiv>
                </Word>
                <Word id="tr_3_tl_70_w3" custom="readingOrder {index:2;}">
                    <Coords points="2297,3529 2297,3589 2410,3589 2410,3529"/>
                    <TextEquiv>
                        <Unicode>Freie“</Unicode>
                    </TextEquiv>
                </Word>
                <Word id="tr_3_tl_70_w4" custom="readingOrder {index:3;}">
                    <Coords points="2437,3530 2437,3590 2586,3590 2586,3530"/>
                    <TextEquiv>
                        <Unicode>erschien.</Unicode>
                    </TextEquiv>
                </Word>
                <Word id="tr_3_tl_70_w5" custom="readingOrder {index:4;}">
                    <Coords points="2608,3531 2608,3591 2675,3591 2675,3531"/>
                    <TextEquiv>
                        <Unicode>Von</Unicode>
                    </TextEquiv>
                </Word>
                <Word id="tr_3_tl_70_w6" custom="readingOrder {index:5;}">
                    <Coords points="2707,3530 2707,3590 2758,3590 2758,3530"/>
                    <TextEquiv>
                        <Unicode>den</Unicode>
                    </TextEquiv>
                </Word>
                <Word id="tr_3_tl_70_w7" custom="readingOrder {index:6;}">
                    <Coords points="2795,3533 2795,3593 2934,3593 2934,3533"/>
                    <TextEquiv>
                        <Unicode>späteren</Unicode>
                    </TextEquiv>
                </Word>
                <Word id="tr_3_tl_70_w8" custom="readingOrder {index:7;}">
                    <Coords points="2966,3530 2966,3590 3089,3590 3089,3530"/>
                    <TextEquiv>
                        <Unicode>Werken</Unicode>
                    </TextEquiv>
                </Word>
                <TextEquiv>
                    <Unicode>Weg ins Freie“ erschien. Von den späteren Werken</Unicode>
                </TextEquiv>
            </TextLine>
            <TextLine id="tr_3_tl_71" custom="readingOrder {index:70;}">
                <Coords points="2127,3633 3107,3629 3097,3579 2127,3583"/>
                <Baseline points="2134,3618 2182,3618 2231,3618 2280,3619 2329,3621 2378,3621 2426,3619 2475,3618 2524,3618 2573,3618 2622,3618 2670,3618 2719,3618 2768,3618 2817,3618 2866,3619 2914,3621 2963,3621 3012,3621 3061,3619 3110,3618"/>
                <Word id="tr_3_tl_71_w1" custom="readingOrder {index:0;}">
                    <Coords points="2122,3578 2122,3638 2183,3638 2183,3578"/>
                    <TextEquiv>
                        <Unicode>sind</Unicode>
                    </TextEquiv>
                </Word>
                <Word id="tr_3_tl_71_w2" custom="readingOrder {index:1;}">
                    <Coords points="2209,3578 2209,3638 2276,3638 2276,3578"/>
                    <TextEquiv>
                        <Unicode>noch</Unicode>
                    </TextEquiv>
                </Word>
                <Word id="tr_3_tl_71_w3" custom="readingOrder {index:2;}">
                    <Coords points="2307,3579 2307,3639 2513,3639 2513,3579"/>
                    <TextEquiv>
                        <Unicode>„Casanovas</Unicode>
                    </TextEquiv>
                </Word>
                <Word id="tr_3_tl_71_w4" custom="readingOrder {index:3;}">
                    <Coords points="2539,3578 2539,3638 2744,3638 2744,3578"/>
                    <TextEquiv>
                        <Unicode>Heimfahrt“</Unicode>
                    </TextEquiv>
                </Word>
                <Word id="tr_3_tl_71_w5" custom="readingOrder {index:4;}">
                    <Coords points="2776,3578 2776,3638 2899,3638 2899,3578"/>
                    <TextEquiv>
                        <Unicode>(1918),</Unicode>
                    </TextEquiv>
                </Word>
                <Word id="tr_3_tl_71_w6" custom="readingOrder {index:5;}">
                    <Coords points="2915,3581 2915,3641 3089,3641 3089,3581"/>
                    <TextEquiv>
                        <Unicode>„Fräulein</Unicode>
                    </TextEquiv>
                </Word>
                <TextEquiv>
                    <Unicode>sind noch „Casanovas Heimfahrt“ (1918), „Fräulein</Unicode>
                </TextEquiv>
            </TextLine>
            <TextLine id="tr_3_tl_72" custom="readingOrder {index:71;}">
                <Coords points="2121,3690 3107,3669 3107,3628 2121,3638"/>
                <Baseline points="2128,3666 2177,3663 2226,3663 2275,3664 2324,3666 2373,3666 2422,3666 2471,3668 2520,3669 2569,3666 2619,3666 2668,3666 2717,3666 2766,3666 2815,3667 2864,3668 2913,3666 2962,3666 3011,3666 3060,3666 3110,3666"/>
                <Word id="tr_3_tl_72_w1" custom="readingOrder {index:0;}">
                    <Coords points="2121,3623 2121,3683 2208,3683 2208,3623"/>
                    <TextEquiv>
                        <Unicode>Else“</Unicode>
                    </TextEquiv>
                </Word>
                <Word id="tr_3_tl_72_w2" custom="readingOrder {index:1;}">
                    <Coords points="2239,3625 2239,3685 2367,3685 2367,3625"/>
                    <TextEquiv>
                        <Unicode>(1924),</Unicode>
                    </TextEquiv>
                </Word>
                <Word id="tr_3_tl_72_w3" custom="readingOrder {index:2;}">
                    <Coords points="2394,3626 2394,3686 2471,3686 2471,3626"/>
                    <TextEquiv>
                        <Unicode>„Die</Unicode>
                    </TextEquiv>
                </Word>
                <Word id="tr_3_tl_72_w4" custom="readingOrder {index:3;}">
                    <Coords points="2497,3627 2497,3687 2579,3687 2579,3627"/>
                    <TextEquiv>
                        <Unicode>Frau</Unicode>
                    </TextEquiv>
                </Word>
                <Word id="tr_3_tl_72_w5" custom="readingOrder {index:4;}">
                    <Coords points="2616,3626 2616,3686 2667,3686 2667,3626"/>
                    <TextEquiv>
                        <Unicode>des</Unicode>
                    </TextEquiv>
                </Word>
                <Word id="tr_3_tl_72_w6" custom="readingOrder {index:5;}">
                    <Coords points="2699,3626 2699,3686 2863,3686 2863,3626"/>
                    <TextEquiv>
                        <Unicode>Richters“</Unicode>
                    </TextEquiv>
                </Word>
                <Word id="tr_3_tl_72_w7" custom="readingOrder {index:6;}">
                    <Coords points="2894,3626 2894,3686 3007,3686 3007,3626"/>
                    <TextEquiv>
                        <Unicode>(1925)</Unicode>
                    </TextEquiv>
                </Word>
                <Word id="tr_3_tl_72_w8" custom="readingOrder {index:7;}">
                    <Coords points="3033,3626 3033,3686 3089,3686 3089,3626"/>
                    <TextEquiv>
                        <Unicode>und</Unicode>
                    </TextEquiv>
                </Word>
                <TextEquiv>
                    <Unicode>Else“ (1924), „Die Frau des Richters“ (1925) und</Unicode>
                </TextEquiv>
            </TextLine>
            <TextLine id="tr_3_tl_73" custom="readingOrder {index:72;}">
                <Coords points="2117,3729 3101,3723 3083,3675 2117,3690"/>
                <Baseline points="2125,3719 2176,3715 2228,3713 2279,3713 2331,3711 2382,3713 2434,3713 2485,3713 2537,3713 2588,3713 2640,3713 2691,3713 2743,3713 2794,3713 2846,3713 2897,3713 2949,3713 3000,3713 3052,3713 3104,3713"/>
                <Word id="tr_3_tl_73_w1" custom="readingOrder {index:0;}">
                    <Coords points="2121,3673 2121,3733 2415,3733 2415,3673"/>
                    <TextEquiv>
                        <Unicode>„Traumnovelle“</Unicode>
                    </TextEquiv>
                </Word>
                <Word id="tr_3_tl_73_w2" custom="readingOrder {index:1;}">
                    <Coords points="2444,3673 2444,3733 2556,3733 2556,3673"/>
                    <TextEquiv>
                        <Unicode>(1926)</Unicode>
                    </TextEquiv>
                </Word>
                <Word id="tr_3_tl_73_w3" custom="readingOrder {index:2;}">
                    <Coords points="2576,3673 2576,3733 2875,3733 2875,3673"/>
                    <TextEquiv>
                        <Unicode>erwähnenswert.</Unicode>
                    </TextEquiv>
                </Word>
                <Word id="tr_3_tl_73_w4" custom="readingOrder {index:3;}">
                    <Coords points="2894,3673 2894,3733 2997,3733 2997,3673"/>
                    <TextEquiv>
                        <Unicode>Seine</Unicode>
                    </TextEquiv>
                </Word>
                <Word id="tr_3_tl_73_w5" custom="readingOrder {index:4;}">
                    <Coords points="3021,3673 3021,3733 3100,3733 3100,3673"/>
                    <TextEquiv>
                        <Unicode>letzte</Unicode>
                    </TextEquiv>
                </Word>
                <TextEquiv>
                    <Unicode>„Traumnovelle“ (1926) erwähnenswert. Seine letzte</Unicode>
                </TextEquiv>
            </TextLine>
            <TextLine id="tr_3_tl_74" custom="readingOrder {index:73;}">
                <Coords points="2121,3765 2444,3794 3101,3768 3072,3722 2121,3728"/>
                <Baseline points="2128,3758 2176,3761 2225,3761 2274,3759 2323,3761 2372,3761 2420,3761 2469,3761 2518,3761 2567,3761 2616,3761 2664,3761 2713,3758 2762,3761 2811,3761 2860,3761 2908,3761 2957,3761 3006,3761 3055,3759 3104,3761"/>
                <Word id="tr_3_tl_74_w1" custom="readingOrder {index:0;}">
                    <Coords points="2120,3721 2120,3781 2233,3781 2233,3721"/>
                    <TextEquiv>
                        <Unicode>Arbeit</Unicode>
                    </TextEquiv>
                </Word>
                <Word id="tr_3_tl_74_w2" custom="readingOrder {index:1;}">
                    <Coords points="2268,3720 2268,3780 2337,3780 2337,3720"/>
                    <TextEquiv>
                        <Unicode>war</Unicode>
                    </TextEquiv>
                </Word>
                <Word id="tr_3_tl_74_w3" custom="readingOrder {index:2;}">
                    <Coords points="2373,3721 2373,3781 2441,3781 2441,3721"/>
                    <TextEquiv>
                        <Unicode>eine</Unicode>
                    </TextEquiv>
                </Word>
                <Word id="tr_3_tl_74_w4" custom="readingOrder {index:3;}">
                    <Coords points="2477,3721 2477,3781 2704,3781 2704,3721"/>
                    <TextEquiv>
                        <Unicode>novellistische</Unicode>
                    </TextEquiv>
                </Word>
                <Word id="tr_3_tl_74_w5" custom="readingOrder {index:4;}">
                    <Coords points="2739,3721 2739,3781 2862,3781 2862,3721"/>
                    <TextEquiv>
                        <Unicode>Studie</Unicode>
                    </TextEquiv>
                </Word>
                <Word id="tr_3_tl_74_w6" custom="readingOrder {index:5;}">
                    <Coords points="2897,3721 2897,3781 3030,3781 3030,3721"/>
                    <TextEquiv>
                        <Unicode>„Flucht</Unicode>
                    </TextEquiv>
                </Word>
                <Word id="tr_3_tl_74_w7" custom="readingOrder {index:6;}">
                    <Coords points="3065,3719 3065,3779 3090,3779 3090,3719"/>
                    <TextEquiv>
                        <Unicode>in</Unicode>
                    </TextEquiv>
                </Word>
                <TextEquiv>
                    <Unicode>Arbeit war eine novellistische Studie „Flucht in</Unicode>
                </TextEquiv>
            </TextLine>
            <TextLine id="tr_3_tl_75" custom="readingOrder {index:74;}">
                <Coords points="2120,3818 2192,3818 2229,3830 2260,3818 2346,3825 2405,3811 2405,3771 2319,3768 2304,3780 2276,3768 2247,3783 2232,3769 2204,3769 2171,3786 2150,3768 2121,3775"/>
                <Baseline points="2128,3809 2153,3806 2179,3806 2204,3806 2230,3806 2255,3808 2281,3809 2306,3807 2332,3806 2357,3806 2383,3802 2409,3797"/>
                <Word id="tr_3_tl_75_w1" custom="readingOrder {index:0;}">
                    <Coords points="2115,3767 2115,3827 2161,3827 2161,3767"/>
                    <TextEquiv>
                        <Unicode>die</Unicode>
                    </TextEquiv>
                </Word>
                <Word id="tr_3_tl_75_w2" custom="readingOrder {index:1;}">
                    <Coords points="2188,3767 2188,3827 2403,3827 2403,3767"/>
                    <TextEquiv>
                        <Unicode>Finsternis“</Unicode>
                    </TextEquiv>
                </Word>
                <TextEquiv>
                    <Unicode>die Finsternis“</Unicode>
                </TextEquiv>
            </TextLine>
            <TextLine id="tr_3_tl_76" custom="readingOrder {index:75;}">
                <Coords points="2163,3868 3097,3872 3097,3807 2163,3825"/>
                <Baseline points="2170,3857 2216,3854 2263,3855 2309,3856 2356,3854 2402,3855 2449,3856 2495,3854 2542,3856 2588,3855 2635,3854 2682,3854 2728,3854 2775,3854 2821,3854 2868,3854 2914,3856 2961,3854 3007,3854 3054,3854 3101,3854"/>
                <Word id="tr_3_tl_76_w1" custom="readingOrder {index:0;}">
                    <Coords points="2163,3815 2163,3875 2218,3875 2218,3815"/>
                    <TextEquiv>
                        <Unicode>Die</Unicode>
                    </TextEquiv>
                </Word>
                <Word id="tr_3_tl_76_w2" custom="readingOrder {index:1;}">
                    <Coords points="2243,3815 2243,3875 2344,3875 2344,3815"/>
                    <TextEquiv>
                        <Unicode>Leiche</Unicode>
                    </TextEquiv>
                </Word>
                <Word id="tr_3_tl_76_w3" custom="readingOrder {index:2;}">
                    <Coords points="2370,3815 2370,3875 2471,3875 2471,3815"/>
                    <TextEquiv>
                        <Unicode>Artur</Unicode>
                    </TextEquiv>
                </Word>
                <Word id="tr_3_tl_76_w4" custom="readingOrder {index:3;}">
                    <Coords points="2502,3814 2502,3874 2689,3874 2689,3814"/>
                    <TextEquiv>
                        <Unicode>Schnitzlers</Unicode>
                    </TextEquiv>
                </Word>
                <Word id="tr_3_tl_76_w5" custom="readingOrder {index:4;}">
                    <Coords points="2721,3814 2721,3874 2796,3874 2796,3814"/>
                    <TextEquiv>
                        <Unicode>wird</Unicode>
                    </TextEquiv>
                </Word>
                <Word id="tr_3_tl_76_w6" custom="readingOrder {index:5;}">
                    <Coords points="2822,3814 2822,3874 2933,3874 2933,3814"/>
                    <TextEquiv>
                        <Unicode>heute,</Unicode>
                    </TextEquiv>
                </Word>
                <Word id="tr_3_tl_76_w7" custom="readingOrder {index:6;}">
                    <Coords points="2954,3814 2954,3874 3100,3874 3100,3814"/>
                    <TextEquiv>
                        <Unicode>Freitag,</Unicode>
                    </TextEquiv>
                </Word>
                <TextEquiv>
                    <Unicode>Die Leiche Artur Schnitzlers wird heute, Freitag,</Unicode>
                </TextEquiv>
            </TextLine>
            <TextLine id="tr_3_tl_77" custom="readingOrder {index:76;}">
                <Coords points="2111,3912 3097,3913 3064,3863 2111,3880"/>
                <Baseline points="2119,3902 2168,3905 2217,3905 2266,3904 2315,3903 2364,3904 2413,3902 2462,3902 2511,3904 2560,3905 2610,3905 2659,3905 2708,3902 2757,3903 2806,3904 2855,3902 2904,3902 2953,3902 3002,3902 3051,3902 3101,3902"/>
                <Word id="tr_3_tl_77_w1" custom="readingOrder {index:0;}">
                    <Coords points="2115,3862 2115,3922 2154,3922 2154,3862"/>
                    <TextEquiv>
                        <Unicode>um</Unicode>
                    </TextEquiv>
                </Word>
                <Word id="tr_3_tl_77_w2" custom="readingOrder {index:1;}">
                    <Coords points="2204,3864 2204,3924 2272,3924 2272,3864"/>
                    <TextEquiv>
                        <Unicode>halb</Unicode>
                    </TextEquiv>
                </Word>
                <Word id="tr_3_tl_77_w3" custom="readingOrder {index:2;}">
                    <Coords points="2307,3863 2307,3923 2340,3923 2340,3863"/>
                    <TextEquiv>
                        <Unicode>12</Unicode>
                    </TextEquiv>
                </Word>
                <Word id="tr_3_tl_77_w4" custom="readingOrder {index:3;}">
                    <Coords points="2375,3862 2375,3922 2438,3922 2438,3862"/>
                    <TextEquiv>
                        <Unicode>Uhr</Unicode>
                    </TextEquiv>
                </Word>
                <Word id="tr_3_tl_77_w5" custom="readingOrder {index:4;}">
                    <Coords points="2469,3865 2469,3925 2664,3925 2664,3865"/>
                    <TextEquiv>
                        <Unicode>vormittags</Unicode>
                    </TextEquiv>
                </Word>
                <Word id="tr_3_tl_77_w6" custom="readingOrder {index:5;}">
                    <Coords points="2699,3862 2699,3922 2757,3922 2757,3862"/>
                    <TextEquiv>
                        <Unicode>vom</Unicode>
                    </TextEquiv>
                </Word>
                <Word id="tr_3_tl_77_w7" custom="readingOrder {index:6;}">
                    <Coords points="2802,3862 2802,3922 3027,3922 3027,3862"/>
                    <TextEquiv>
                        <Unicode>Trauerhause</Unicode>
                    </TextEquiv>
                </Word>
                <Word id="tr_3_tl_77_w8" custom="readingOrder {index:7;}">
                    <Coords points="3057,3862 3057,3922 3081,3922 3081,3862"/>
                    <TextEquiv>
                        <Unicode>in</Unicode>
                    </TextEquiv>
                </Word>
                <TextEquiv>
                    <Unicode>um halb 12 Uhr vormittags vom Trauerhause in</Unicode>
                </TextEquiv>
            </TextLine>
            <TextLine id="tr_3_tl_78" custom="readingOrder {index:77;}">
                <Coords points="2117,3965 3097,3965 3097,3912 3066,3908 2207,3937 2117,3911"/>
                <Baseline points="2125,3952 2173,3952 2222,3952 2271,3954 2320,3952 2369,3952 2417,3952 2466,3952 2515,3952 2564,3952 2613,3952 2661,3952 2710,3952 2759,3952 2808,3952 2857,3952 2905,3952 2954,3952 3003,3952 3052,3952 3101,3952"/>
                <Word id="tr_3_tl_78_w1" custom="readingOrder {index:0;}">
                    <Coords points="2117,3912 2117,3972 2169,3972 2169,3912"/>
                    <TextEquiv>
                        <Unicode>der</Unicode>
                    </TextEquiv>
                </Word>
                <Word id="tr_3_tl_78_w2" custom="readingOrder {index:1;}">
                    <Coords points="2223,3912 2223,3972 2539,3972 2539,3912"/>
                    <TextEquiv>
                        <Unicode>Sternwartestraße</Unicode>
                    </TextEquiv>
                </Word>
                <Word id="tr_3_tl_78_w3" custom="readingOrder {index:2;}">
                    <Coords points="2587,3912 2587,3972 2651,3972 2651,3912"/>
                    <TextEquiv>
                        <Unicode>auf</Unicode>
                    </TextEquiv>
                </Word>
                <Word id="tr_3_tl_78_w4" custom="readingOrder {index:3;}">
                    <Coords points="2699,3912 2699,3972 2756,3972 2756,3912"/>
                    <TextEquiv>
                        <Unicode>den</Unicode>
                    </TextEquiv>
                </Word>
                <Word id="tr_3_tl_78_w5" custom="readingOrder {index:4;}">
                    <Coords points="2815,3912 2815,3972 3095,3972 3095,3912"/>
                    <TextEquiv>
                        <Unicode>Zentralfriedhof</Unicode>
                    </TextEquiv>
                </Word>
                <TextEquiv>
                    <Unicode>der Sternwartestraße auf den Zentralfriedhof</Unicode>
                </TextEquiv>
            </TextLine>
            <TextLine id="tr_3_tl_79" custom="readingOrder {index:78;}">
                <Coords points="2111,4008 3108,4017 3108,3972 2985,3956 2111,3967"/>
                <Baseline points="2119,4003 2168,4003 2218,4003 2267,4003 2317,4003 2366,4003 2416,4003 2465,4003 2515,4003 2564,4003 2614,4003 2664,4003 2713,4003 2763,4003 2812,4003 2862,4003 2911,4003 2961,4003 3010,4003 3060,4003 3110,4000"/>
                <Word id="tr_3_tl_79_w1" custom="readingOrder {index:0;}">
                    <Coords points="2118,3963 2118,4023 2163,4023 2163,3963"/>
                    <TextEquiv>
                        <Unicode>(1.</Unicode>
                    </TextEquiv>
                </Word>
                <Word id="tr_3_tl_79_w2" custom="readingOrder {index:1;}">
                    <Coords points="2187,3963 2187,4023 2267,4023 2267,3963"/>
                    <TextEquiv>
                        <Unicode>Tor)</Unicode>
                    </TextEquiv>
                </Word>
                <Word id="tr_3_tl_79_w3" custom="readingOrder {index:2;}">
                    <Coords points="2291,3963 2291,4023 2428,4023 2428,3963"/>
                    <TextEquiv>
                        <Unicode>gebracht</Unicode>
                    </TextEquiv>
                </Word>
                <Word id="tr_3_tl_79_w4" custom="readingOrder {index:3;}">
                    <Coords points="2459,3963 2459,4023 2516,4023 2516,3963"/>
                    <TextEquiv>
                        <Unicode>und</Unicode>
                    </TextEquiv>
                </Word>
                <Word id="tr_3_tl_79_w5" custom="readingOrder {index:4;}">
                    <Coords points="2551,3963 2551,4023 2608,4023 2608,3963"/>
                    <TextEquiv>
                        <Unicode>auf</Unicode>
                    </TextEquiv>
                </Word>
                <Word id="tr_3_tl_79_w6" custom="readingOrder {index:5;}">
                    <Coords points="2632,3963 2632,4023 2677,4023 2677,3963"/>
                    <TextEquiv>
                        <Unicode>dem</Unicode>
                    </TextEquiv>
                </Word>
                <Word id="tr_3_tl_79_w7" custom="readingOrder {index:6;}">
                    <Coords points="2724,3963 2724,4023 2949,4023 2949,3963"/>
                    <TextEquiv>
                        <Unicode>israelitischen</Unicode>
                    </TextEquiv>
                </Word>
                <Word id="tr_3_tl_79_w8" custom="readingOrder {index:7;}">
                    <Coords points="2984,3963 2984,4023 3093,4023 3093,3963"/>
                    <TextEquiv>
                        <Unicode>Fried¬</Unicode>
                    </TextEquiv>
                </Word>
                <TextEquiv>
                    <Unicode>(1. Tor) gebracht und auf dem israelitischen Fried¬</Unicode>
                </TextEquiv>
            </TextLine>
            <TextLine id="tr_3_tl_80" custom="readingOrder {index:79;}">
                <Coords points="2111,4078 2145,4083 2164,4070 2192,4087 2304,4067 2365,4067 2387,4078 2387,4013 2347,4012 2323,4026 2257,4012 2111,4017"/>
                <Baseline points="2119,4051 2146,4053 2173,4054 2200,4054 2227,4054 2255,4054 2282,4054 2309,4054 2336,4054 2363,4054 2391,4051"/>
                <Word id="tr_3_tl_80_w1" custom="readingOrder {index:0;}">
                    <Coords points="2119,4013 2119,4073 2175,4073 2175,4013"/>
                    <TextEquiv>
                        <Unicode>hof</Unicode>
                    </TextEquiv>
                </Word>
                <Word id="tr_3_tl_80_w2" custom="readingOrder {index:1;}">
                    <Coords points="2201,4014 2201,4074 2383,4074 2383,4014"/>
                    <TextEquiv>
                        <Unicode>beigesetzt.</Unicode>
                    </TextEquiv>
                </Word>
                <TextEquiv>
                    <Unicode>hof beigesetzt.</Unicode>
                </TextEquiv>
            </TextLine>
            <TextEquiv>
                <Unicode></Unicode>
            </TextEquiv>
        </TextRegion>
    </Page>
</PcGts>
