3344 4384
572 322 701 382 skriver
722 316 782 376 den
813 319 832 379 7
863 321 913 381 7.
934 321 1063 381 UKI.
1074 315 1153 375 79.

531 455 911 515 Arthur
989 452 1586 512 Sonnitzler
1676 455 1916 515 død.

506 626 602 686 Den
651 626 879 686 østrigske
922 624 1246 684 Dramatiker,
1289 623 1364 683 der
1400 622 1620 682 forenede
1663 622 1918 682 Kirurgens

610 715 831 775 Kølighed
889 714 981 774 med
1032 709 1554 769 Wiener-Kavallerens
1598 709 1833 769 Charme.

578 852 618 912 Et
646 852 809 912 Tclegrom
855 851 904 911 Ira
941 851 1031 911 Wion
1077 852 1204 912 moldle

541 903 554 963 i
580 903 692 963 Aftes,
731 900 769 960 at
817 900 873 960 den
908 900 998 960 store
1029 900 1196 960 ostrigske

542 948 823 1008 Skuespildigter
846 948 975 1008 Arthur
997 948 1202 1008 Schnitz¬

541 997 614 1057 ler
661 996 721 1056 ved
761 996 911 1056 19-Tiden
963 996 1131 1056 pludzelig
1165 996 1199 1056 er

545 1047 683 1107 algaaet
710 1044 768 1104 vod
798 1044 936 1104 Deden,
975 1044 1067 1104 ramt
1110 1044 1147 1104 af
1173 1044 1202 1104 ot

543 1094 792 1154 Slagtilfælde.

517 1193 661 1253 Arthur
687 1192 1005 1252 Schnitzler
1030 1190 1102 1250 stod
1137 1191 1204 1251 vist

475 1252 633 1312 egentlig
694 1247 755 1307 den
792 1249 890 1309 store
923 1247 1058 1307 danske
1091 1249 1208 1309 Læse¬

481 1308 604 1368 verden
640 1307 773 1367 fjernt.
818 1306 927 1366 Hans
957 1306 1055 1366 klare
1086 1306 1208 1366 kolige

473 1368 568 1428 Spot
629 1369 664 1429 og
725 1364 936 1424 eksklusive
997 1366 1198 1426 Udsogthed

472 1424 617 1484 kræver
645 1426 736 1486 visse
769 1423 1098 1483 Forudsætninger
1148 1424 1207 1484 for

480 1485 702 1545 Tilegnelse,
727 1483 786 1543 som
836 1485 954 1545 ligger
985 1484 1044 1544 den
1079 1483 1211 1543 almin¬

476 1541 591 1601 delige
626 1542 761 1602 danske
791 1539 931 1599 Laser,
955 1540 1144 1600 opflasket
1174 1540 1212 1600 af

1450 1550 1582 1610 Arthur
1614 1548 1627 1608 S

484 1599 618 1659 Bonde-
666 1601 709 1661 og
758 1599 1248 1659 Hjemstavnslitteratur,,

479 1660 536 1720 for
561 1659 666 1719 langt
695 1659 810 1719 borte.
859 1659 906 1719 En
959 1656 1214 1716 spidsborger¬

479 1718 526 1778 lig
561 1718 838 1778 Moralisering,
878 1715 940 1775 der
988 1718 1045 1778 som
1089 1715 1122 1775 al
1146 1715 1203 1775 den

1261 1725 1442 1785 Eenakter
1497 1724 1533 1784 er
1588 1724 1734 1784 maaske
1767 1721 1825 1781 den
1867 1721 1985 1781 bedste

481 1778 586 1838 Slags
611 1775 697 1835 ikke
721 1775 807 1835 aner
836 1775 971 1835 Besked
1000 1775 1072 1835 om,
1116 1775 1206 1835 hvad

1261 1784 1424 1844 Indgang
1460 1781 1509 1841 til
1539 1781 1787 1841 Forstaaelsen
1823 1781 1861 1841 af
1892 1781 1990 1841 dette

479 1835 541 1895 det
570 1835 734 1895 egentlig
768 1835 893 1895 drejer
923 1835 970 1895 sig
1009 1835 1081 1895 om,
1135 1834 1206 1894 men

1261 1844 1382 1904 enligt
1433 1844 1606 1904 staaende
1658 1841 1699 1901 og
1756 1840 1989 1900 omfattende

479 1892 683 1952 forveksler
711 1893 771 1953 det
794 1893 885 1953 ydre
913 1892 981 1952 med
1018 1892 1073 1952 det
1101 1892 1219 1952 indre,

1261 1901 1572 1961 Forfatterskab.

481 1952 543 2012 har
591 1948 744 2008 desuden
778 1951 941 2011 kraftigt
970 1951 1104 2011 dannet
1128 1951 1214 2011 Bar¬

1309 1960 1449 2020 Arthur
1479 1957 1685 2017 Schnitzler
1721 1957 1781 2017 var
1811 1957 1961 2017 Læge-

483 2011 608 2071 rikade
642 2008 697 2068 for
730 2010 818 2070 hans
856 2011 1085 2071 Indtrængen
1146 2011 1206 2071 paa

1264 2022 1302 2082 og
1331 2018 1393 2078 han
1428 2017 1485 2077 var
1514 2017 1677 2077 Wiener,
1717 2017 1788 2077 Han
1822 2015 1885 2075 var
1909 2017 1918 2077 i
1943 2017 1990 2077 sin

484 2069 619 2129 danske
647 2068 796 2128 Scener.
844 2068 919 2128 Det
947 2068 1007 2128 har
1041 2068 1120 2128 hort
1167 2068 1218 2128 til

1271 2079 1415 2139 Ungdom
1463 2077 1499 2137 en
1537 2077 1701 2137 Ringens
1730 2074 1866 2134 Flanor
1922 2077 1978 2137 som

488 2128 804 2188 Sjældenhederne
858 2128 897 2188 at
923 2127 956 2187 se
1011 2127 1045 2187 et
1075 2128 1213 2188 Stykke

1270 2137 1372 2197 Peter
1396 2134 1536 2194 Nansen
1570 2135 1630 2195 var
1654 2134 1893 2194 Ostergades.
1926 2134 1996 2194 La¬

482 2186 523 2246 al
549 2184 610 2244 ham
652 2184 781 2244 spillet
802 2184 864 2244 her
890 2185 936 2245 til
957 2186 1091 2246 Lands,
1107 2185 1153 2245 til
1174 2185 1210 2245 de

1270 2195 1353 2255 gens
1384 2193 1535 2253 Metier:
1556 2193 1595 2253 at
1625 2190 1806 2250 dissekere
1861 2191 1900 2251 og
1935 2190 1993 2250 det

484 2244 685 2304 fornemme
749 2244 1047 2304 Sjældenheder.
1115 2245 1216 2305 Hans

1262 2254 1403 2314 kolige,
1434 2253 1504 2313 lidt
1536 2253 1693 2313 kyniske
1734 2250 1820 2310 Vid.
1846 2250 1906 2310 som
1957 2250 1992 2310 er

483 2301 706 2361 allerbedste
736 2301 914 2361 Arbejder
944 2302 998 2362 saa
1029 2304 1068 2364 vi
1088 2304 1202 2364 aldrig

1265 2311 1378 2371 denne
1411 2310 1556 2370 Metiers
1588 2308 1834 2368 Folgesvend,
1858 2310 1998 2370 forene¬

489 2363 535 2423 Da
566 2362 670 2422 Betty
701 2361 1018 2421 Nansen-Teatret
1039 2361 1054 2421 i
1075 2362 1122 2422 sin
1159 2364 1215 2424 Tid

1273 2371 1310 2431 de
1333 2370 1380 2430 sig
1408 2370 1422 2430 i
1441 2370 1529 2430 hans
1553 2370 1617 2430 Pen
1646 2368 1809 2428 sælsomt
1833 2369 1902 2429 med
1931 2369 1986 2429 den

488 2417 586 2477 sogte
638 2417 679 2477 at
726 2419 801 2479 vise
881 2419 946 2479 det
994 2420 1214 2480 forkatrede

1266 2426 1424 2486 wienske
1458 2429 1617 2489 gratiose
1647 2426 1781 2486 Lethed
1816 2426 1853 2486 og
1888 2427 2002 2487 Char¬

503 2480 694 2540 Reigen«,
747 2480 885 2540 hylede
939 2480 1007 2540 alle
1061 2480 1220 2540 Landets

1273 2487 1342 2547 me.
1382 2486 1515 2546 Findes
1540 2486 1598 2546 der
1624 2486 1732 2546 Ting.
1752 2486 1841 2546 mere
1871 2486 1999 2546 skarpt

488 2537 680 2597 gigtsvage
716 2537 958 2597 Tantchunde
993 2537 1156 2597 forarget
1210 2540 1224 2600 i

1274 2545 1398 2605 vittige
1428 2544 1465 2604 og
1500 2546 1705 2606 afslorende
1735 2546 1748 2606 i
1768 2543 1873 2603 deres
1898 2546 1993 2606 sikre

489 2596 563 2656 Kor
593 2596 627 2656 og
662 2596 766 2656 betog
801 2595 939 2655 enhver
970 2596 1197 2656 Teaterdirek

1267 2602 1479 2662 Opfattelse
1506 2602 1548 2662 af
1575 2603 1899 2663 Menneskelighed
1953 2607 1995 2667 og

485 2656 539 2716 tor
570 2653 686 2713 Modet
711 2654 761 2714 til
782 2655 1049 2715 Fortsattelse.
1090 2656 1215 2716 Heller

1268 2662 1432 2722 samtidig
1472 2662 1563 2722 mere
1598 2662 1762 2722 elegante
1821 2665 1859 2725 og
1899 2662 2004 2722 char¬

483 2713 571 2773 ikke
596 2714 611 2774 i
636 2715 812 2775 Danmark
873 2713 911 2773 er
937 2713 995 2773 den
1025 2715 1211 2775 offentlige

1275 2722 1433 2782 merende
1489 2722 1730 2782 elskvardige
1780 2720 1844 2780 end
1886 2722 2003 2782 »Ana¬

488 2773 606 2833 Moral
631 2773 739 2833 naaet
764 2773 886 2833 videre
941 2773 1000 2833 end
1035 2773 1078 2833 til
1099 2773 1137 2833 at
1163 2773 1221 2833 be¬

1273 2777 1531 2837 tole«-Serien,
1600 2781 1991 2841 Storbysromantiken

484 2832 610 2892 tragte
653 2832 835 2892 Reigens
897 2832 953 2892 som
1019 2832 1230 2892 umoralsk.

1266 2838 1444 2898 alkladt,
1479 2841 1617 2901 spottet
1642 2841 1681 2901 og
1712 2838 1894 2898 forelsket
1924 2838 1987 2898 hyl

484 2889 609 2949 Skont
662 2889 811 2949 maaske
846 2889 902 2949 faa
942 2889 1221 2949 Scenearbejder

1274 2899 1373 2959 det?

484 2949 731 3009 allerinderst
776 2950 790 3010 i
840 2949 904 3009 den
939 2949 1048 3009 dybe,
1093 2948 1220 3008 hvasse

1316 2956 1364 3016 Et
1391 2958 1481 3018 Utal
1503 2958 1546 3018 af
1568 2957 1829 3017 Fortællinger
1857 2958 1899 3018 og
1937 2957 2005 3017 me¬

493 3010 576 3070 Spot
614 3009 651 3069 er
680 3009 735 3069 saa
769 3009 927 3069 renlivet
956 3009 1109 3069 moralsk
1147 3008 1198 3068 ind

1273 3016 1416 3076 sterligt
1446 3015 1564 3075 gjorte
1594 3015 1771 3075 Skuespil
1796 3016 1998 3076 foreligger

499 3065 610 3125 Millet
639 3066 697 3126 som
741 3065 823 3125 det!

1276 3076 1327 3136 fra
1359 3074 1420 3134 den
1457 3074 1545 3134 dode
1576 3074 1726 3134 Digters
1758 3074 1913 3134 Haand.
1960 3077 1996 3137 en

531 3122 606 3182 Men
640 3122 678 3182 er
702 3122 935 3182 Schnitzlers
988 3123 1126 3183 danske
1155 3124 1206 3184 Me

1269 3131 1618 3191 Skonhedsverden,
1669 3134 1812 3194 bygget
1863 3134 1907 3194 af
1939 3134 1999 3194 den

490 3182 622 3242 nighed
657 3182 740 3242 ikke
775 3181 868 3241 stor,
893 3182 927 3242 er
957 3182 1020 3242 den
1055 3182 1103 3242 til
1128 3182 1196 3242 Gen

1275 3191 1373 3251 klare
1403 3193 1649 3253 Intelligensi
1689 3194 1811 3254 kolige
1846 3191 2003 3251 Stræbe¬

484 3241 573 3301 gæld
614 3240 752 3300 trofast
803 3241 842 3301 og
877 3242 1101 3302 begejstret.
1147 3241 1215 3301 Den

1275 3253 1381 3313 piller
1410 3252 1448 3312 og
1482 3253 1539 3313 det
1569 3253 1780 3313 folsomme,
1800 3253 2012 3313 svermeri¬

490 3297 608 3357 tæller
641 3298 713 3358 vist
741 3298 901 3358 omtrent
952 3301 1088 3361 samme
1122 3300 1226 3360 Slags

1273 3310 1326 3370 ske
1355 3310 1505 3370 IIjertes
1530 3312 1650 3372 varme
1680 3312 1926 3372 Forstaaelse.
1946 3313 1994 3373 En

491 3355 728 3415 Mennesker.
774 3358 834 3418 som
911 3356 1016 3416 holdt
1042 3358 1083 3418 af
1119 3358 1224 3418 Peter

1275 3370 1433 3430 Kirurg.
1493 3371 1557 3431 der
1612 3373 1909 3433 ubarmhjertigt
1959 3374 1997 3434 og

490 3412 630 3472 Nansen
663 3414 696 3474 og
730 3415 818 3475 hans
842 3415 856 3475 i
880 3415 1025 3475 Formen
1054 3418 1223 3478 saakaldt

1275 3430 1377 3490 koldt
1406 3429 1508 3489 soger
1536 3430 1592 3490 det
1621 3433 1746 3493 sande,
1789 3432 1854 3492 det
1877 3433 2008 3493 sunde,

490 3471 668 3531 dristige.
688 3471 702 3531 i
723 3471 851 3531 Sjalen
886 3474 945 3534 saa
975 3474 1049 3534 fint
1080 3477 1222 3537 folsom¬

1274 3488 1313 3548 og
1345 3487 1552 3547 naadeslost
1580 3489 1711 3549 skærer
1739 3491 1752 3551 i
1774 3489 1831 3549 det
1858 3489 2008 3549 fordar¬

497 3531 546 3591 me
596 3531 637 3591 og
692 3531 965 3591 menneskeligt
994 3534 1225 3594 forstaaende

1281 3546 1360 3606 vede
1389 3544 1421 3604 og
1454 3546 1543 3606 syge
1591 3547 1651 3607 foi
1679 3549 1909 3609 Klarhedens
1961 3550 1998 3610 og

494 3588 688 3648 Arbejder.
735 3589 806 3649 Der
838 3591 873 3651 er
904 3591 950 3651 til
976 3593 1011 3653 en
1043 3593 1099 3653 vis
1131 3594 1222 3654 Grad

1281 3603 1491 3663 Renhedens
1521 3605 1587 3665 Sag
1626 3606 1640 3666 i
1665 3606 2005 3666 Menneskehjertet

498 3648 608 3708 noget
626 3648 666 3708 af
684 3648 746 3708 den
773 3651 905 3711 samme
932 3651 1113 3711 Stemning
1144 3651 1223 3711 over

1370 3663 1404 3723 og
1445 3663 1562 3723 dertil
1588 3663 1628 3723 et
1659 3666 1892 3726 Digtersind,
1944 3667 2004 3727 der

500 3704 595 3764 deres
631 3707 741 3767 Ting,
792 3707 807 3767 i
858 3707 969 3767 hvert
1000 3709 1085 3769 Fald
1121 3710 1221 3770 deres

1291 3722 1401 3782 vobte
1430 3720 1482 3780 sin
1521 3722 1793 3782 Medlidenheds
1842 3725 1884 3785 og
1947 3728 1995 3788 sin

497 3764 608 3824 yngre
638 3764 815 3824 Arbejder
839 3767 852 3827 —
905 3767 960 3827 den
994 3767 1125 3827 samme
1154 3769 1228 3829 kla¬

1273 3779 1522 3839 Forelskelses
1556 3782 1678 3842 Kaabe
1730 3782 2003 3842 forskonnende

501 3824 530 3884 re
556 3822 594 3882 og
630 3824 748 3884 kolige
778 3827 1029 3887 Sprogkunst,
1050 3827 1109 3887 det
1134 3827 1193 3887 sam

1274 3841 1309 3901 om
1381 3839 1415 3899 de
1447 3839 1593 3899 saarede
1625 3841 1660 3901 og
1696 3842 1900 3902 smertende
1931 3839 2006 3899 Ste¬

502 3883 545 3943 me
579 3881 767 3941 spottende
802 3884 902 3944 Smil
932 3884 1004 3944 med
1048 3886 1173 3946 Vemod

1273 3897 1337 3957 der
1381 3897 1421 3957 og
1475 3896 1514 3956 de
1544 3899 1706 3959 hærgede
1742 3902 2007 3962 Dromme....

501 3940 743 4000 Mundvigen,
768 3940 827 4000 den
867 3943 1000 4003 samme
1036 3943 1069 4003 af
1100 3943 1149 4003 Ro
1184 3948 1223 4008 og

1275 3956 1337 4016 det
1385 3952 1423 4012 er
1462 3955 1778 4015 Karakteristiken
1836 3958 1878 4018 af
1936 3960 1993 4020 den

500 3999 675 4059 Kolighed
721 4000 897 4060 pansrede
928 4003 1123 4063 Lidenskab
1179 4004 1219 4064 og

1268 4015 1351 4075 dode
1384 4014 1542 4074 Mester.
1565 4015 1625 4075 det
1653 4016 1788 4076 storste
1825 4021 2001 4081 litterare

500 4057 721 4117 Heftighed.
760 4057 897 4117 Findes
924 4059 981 4119 der
1009 4060 1135 4120 mange
1162 4062 1209 4122 Ar

1281 4072 1374 4132 Navn
1403 4073 1413 4133 i
1436 4075 1613 4135 Nutidens
1636 4075 1758 4135 Ostrig
1787 4078 1819 4138 og
1853 4078 1886 4138 et
1904 4078 1942 4138 af
1964 4081 2003 4141 de

502 4115 640 4175 bejder,
663 4116 723 4176 paa
757 4119 918 4179 cengang
952 4120 1007 4180 saa
1041 4120 1146 4180 koldt
1174 4119 1229 4179 be-

1294 4131 1406 4191 torste
1433 4131 1449 4191 i
1465 4134 1545 4194 tysk
1578 4137 1786 4197 Litteratur
1814 4134 1824 4194 i
1846 4136 1909 4196 det
1931 4138 2005 4198 hele

500 4173 675 4233 regnende
706 4176 742 4236 og
773 4176 830 4236 saa
866 4176 1010 4236 blodigt
1037 4179 1222 4239 folsomme

1283 4191 1383 4251 taget

1826 4195 1874 4255 P.
1899 4197 1959 4257 W.

500 4236 536 4296 og
564 4236 755 4296 blussende
782 4236 834 4296 som
878 4239 1105 4299 Schnitzlers
1133 4236 1217 4296 »Den

529 4296 628 4356 ronne
662 4298 889 4358 Kakadue,
928 4296 994 4356 der
1022 4294 1221 4354 foreligger
