3436 4352
894 103 1040 163 mesee
1066 111 1170 171 ren
1244 115 1342 175 re

771 157 924 217 WIEN,
951 162 996 222 I.,
1022 172 1311 232 WOLLZEILE
1356 181 1400 241 11

869 212 1087 272 TELEPHON
1122 222 1290 282 R-23-0-43

649 348 882 408 Ausschnitt
909 354 999 414 aus:

816 448 918 508 VoR
1313 532 1539 592 .

934 554 1035 614 27.

655 568 766 628 vom:

713 753 953 813 Jüdisches

1091 760 1484 820 Allzujüdisches.

607 827 680 887 Wir
710 831 813 891 haben
852 831 935 891 schon
975 833 1107 893 einmal
1137 834 1195 894 auf
1225 837 1284 897 das
1319 840 1460 900 jüdische
1490 843 1686 903 Geschmuse

511 871 765 931 hingewiesen,
785 873 846 933 das
881 874 933 934 die
963 875 1053 935 Neue
1083 878 1183 938 Freie
1213 879 1328 939 Presse
1357 882 1438 942 über
1463 883 1520 943 den
1559 887 1678 947 großen

514 913 675 973 jüdischen
722 914 855 974 Dichter
884 918 1069 978 Schnitzler
1116 921 1190 981 nach
1226 926 1330 986 dessen
1371 927 1469 987 Tode
1510 928 1573 988 auf
1614 930 1688 990 ihre

516 956 705 1016 harmlosen
743 957 838 1017 Teser
865 961 1070 1021 losgelassen
1108 964 1181 1024 hat.
1224 968 1319 1028 Jetzt
1346 968 1472 1028 kommt
1499 971 1556 1031 der
1583 973 1667 1033 Nach

510 998 564 1058 laß
603 1000 809 1060 Schnitzlers
859 1002 1050 1062 allmählich
1100 1007 1251 1067 heraus;
1306 1010 1359 1070 die
1405 1011 1468 1071 von
1517 1016 1679 1076 jüdischen

518 1042 853 1102 Theaterdirektoren
891 1046 1068 1106 geleiteten
1107 1049 1251 1109 Bühnen
1294 1055 1503 1115 veranlassen
1546 1058 1676 1118 Schnitz

507 1081 704 1141 ler=Feiern
739 1086 807 1146 und
837 1088 890 1148 die
921 1091 1062 1151 jüdische
1092 1091 1205 1151 Presse
1240 1096 1299 1156 hat
1324 1094 1397 1154 jede
1427 1098 1540 1158 Woche
1570 1100 1683 1160 Anlaß

514 1127 579 1187 und
607 1130 854 1190 Gelegenheit,
874 1131 929 1191 der
957 1133 1046 1193 Welt
1069 1136 1283 1196 neuerdings
1316 1138 1348 1198 zu
1382 1141 1591 1201 verkünden,
1611 1142 1684 1202 was

512 1168 546 1228 sie
582 1168 622 1228 an
663 1171 848 1231 Schnitzler
884 1175 1039 1235 verloren
1080 1180 1156 1240 hat,
1207 1182 1352 1242 nämlich
1388 1183 1443 1243 den
1489 1184 1684 1244 „repräsen¬

508 1210 636 1270 tativen
693 1216 972 1276 österreichischen
1029 1222 1199 1282 Dichter“.
1257 1225 1319 1285 Die
1360 1225 1478 1285 Juden
1526 1228 1690 1288 glauben,

506 1255 568 1315 daß
606 1257 658 1317 die
698 1261 802 1321 Arier
836 1261 899 1321 das
937 1264 1014 1324 auch
1053 1265 1220 1325 glauben,
1249 1267 1344 1327 wenn
1388 1267 1421 1327 es
1460 1272 1690 1332 hundertmal

511 1300 536 1360 in
573 1300 629 1360 der
650 1303 814 1363 jüdischen
850 1304 963 1364 Presse
989 1307 1086 1367 steht.
1103 1311 1442 1371 Erfreulicherweise
1468 1315 1581 1375 wehrt
1602 1315 1673 1375 man

512 1343 556 1403 sich
592 1343 632 1403 da
667 1344 737 1404 und
768 1347 868 1407 dort,
889 1349 938 1409 sich
974 1351 1034 1411 von
1075 1350 1129 1410 der
1160 1354 1275 1414 Neuen
1311 1356 1431 1416 Freien
1472 1356 1587 1416 Presse
1617 1358 1672 1418 den

510 1386 694 1446 Schnitzler
731 1390 916 1450 aufbinden
958 1394 994 1454 zu
1030 1397 1153 1457 lassen.
1200 1398 1277 1458 Alle
1309 1400 1478 1460 Nachrufe
1515 1400 1581 1460 und
1618 1399 1684 1459 Be¬

510 1431 705 1491 mühungen
749 1433 806 1493 der
840 1437 1092 1497 Auernheimer
1126 1440 1188 1500 und
1227 1443 1374 1503 Salten,
1403 1443 1460 1503 der
1489 1446 1685 1506 Beer=Hof¬

506 1475 606 1535 mann
642 1476 707 1536 und
737 1479 883 1539 Lothar,
904 1480 959 1540 der
984 1482 1054 1542 Asch
1090 1483 1151 1543 und
1187 1485 1297 1545 Zweig
1333 1486 1443 1546 nützen
1474 1489 1599 1549 nichts,
1620 1489 1680 1549 alle

512 1520 848 1580 Krokodilstränen,
894 1524 949 1584 die
979 1524 1019 1584 sie
1055 1526 1110 1586 dem
1161 1529 1346 1589 Schnitzler
1382 1530 1407 1590 in
1448 1531 1502 1591 den
1543 1533 1683 1593 Juden¬

502 1559 649 1619 blättern
694 1565 929 1625 nachweinen,
969 1568 1150 1628 vermögen
1200 1571 1263 1631 nun
1317 1571 1449 1631 einmal
1489 1574 1592 1634 nicht,
1627 1574 1680 1634 die

506 1605 646 1665 arischen
692 1610 938 1670 Oesterreicher
974 1612 1004 1672 zu
1045 1613 1195 1673 rühren,
1221 1614 1291 1674 viel
1327 1616 1483 1676 weniger
1519 1619 1594 1679 noch
1630 1620 1684 1680 die

504 1649 630 1709 übrige
665 1650 775 1710 Welt.

606 1701 670 1761 Zum
716 1706 862 1766 Treiben
903 1706 958 1766 der
989 1709 1129 1769 Wiener
1161 1712 1437 1772 Literaturjuden
1478 1715 1533 1775 hat
1559 1715 1674 1775 soeben

508 1744 648 1804 Richard
679 1748 744 1808 von
780 1750 1017 1810 Schaukal
1048 1752 1072 1812 im
1119 1753 1153 1813 2.
1179 1755 1355 1815 Aprilheft
1381 1756 1436 1816 der
1467 1759 1683 1819 ausgezeich¬

500 1786 599 1846 neten
650 1792 1011 1852 Halbmonatsschrift
1052 1798 1333 1858 „Deutsches
1378 1799 1684 1859 Volkstum“,

505 1831 558 1891 die
593 1833 661 1893 wir
701 1834 843 1894 unseren
882 1837 1000 1897 Lesern
1054 1840 1269 1900 neuerdings
1324 1842 1417 1902 warm
1486 1843 1672 1903 empfehlen

514 1875 626 1935 (Preis
663 1876 735 1936 3.60
771 1879 868 1939 RM.
895 1882 1193 1942 vierteljährlich),
1225 1885 1338 1945 einige
1375 1887 1683 1947 Randbemerkun¬

510 1916 564 1976 gen
599 1924 868 1984 veröffentlicht,
888 1924 936 1984 die
961 1924 1024 1984 wir
1055 1926 1123 1986 hier
1153 1928 1353 1988 abdrucken,
1373 1930 1485 1990 damit
1510 1930 1559 1990 die
1584 1933 1677 1993 Leser

505 1962 563 2022 der
598 1965 740 2025 Wiener
775 1965 1049 2025 Judeublätter,
1099 1966 1152 2026 die
1187 1969 1220 2029 es
1260 1971 1373 2031 leider
1408 1971 1481 2031 auch
1520 1971 1574 2031 bei
1609 1973 1672 2033 uns

502 2006 624 2066 immer
654 2007 732 2067 noch
762 2009 850 2069 gibt,
870 2010 988 2070 sehen,
1008 2010 1071 2070 wie
1102 2013 1175 2073 man
1210 2016 1238 2076 in
1268 2016 1327 2076 den
1362 2016 1499 2076 arischen
1539 2016 1666 2076 Kreisen

522 2088 640 2148 Wiens
677 2088 758 2148 über
790 2089 851 2149 das
883 2088 996 2148 Getue
1027 2088 1084 2148 der
1110 2089 1274 2149 jüdischen
1311 2088 1589 2148 Presseliteraten
1626 2088 1687 2148 und

520 2136 676 2196 gewisser
704 2134 823 2194 Arier,
846 2136 899 2196 die
927 2136 960 2196 zu
998 2133 1095 2193 ihnen
1128 2133 1258 2193 stehen,
1281 2133 1394 2193 denkt.

896 2246 1042 2306 Wiener
1072 2245 1334 2305 Goethe=Geist.

609 2321 684 2381 Das
728 2324 1042 2384 „Goethe=Jahr“,
1070 2324 1134 2384 das
1173 2323 1476 2383 unerforschlicher
1514 2321 1692 2381 Ratschluß

514 2365 629 2425 davor
680 2365 842 2425 bewahrt
888 2365 963 2425 hat,
1004 2365 1069 2425 das
1116 2365 1616 2425 „Goethe=Schnitzler=Jahr“
1657 2363 1692 2423 zu

524 2409 657 2469 werden
691 2407 705 2467 —
758 2407 791 2467 es
825 2408 939 2468 waren
978 2408 1064 2468 schon
1098 2407 1160 2467 alle
1189 2407 1495 2467 Vorbereitungen
1529 2407 1610 2467 dazu
1644 2406 1696 2466 ge¬

1623 2449 1692 2509 das

520 2455 669 2515 troffen,
700 2453 751 2513 als
793 2452 854 2512 das
896 2452 1133 2512 unerbittliche
1170 2452 1335 2512 Schicksal
1366 2452 1515 2512 eingriff

531 2497 815 2557 „Goethe=Jahr“
853 2496 905 2556 ist,
932 2496 1042 2556 seiner
1069 2494 1310 2554 Bestimmung
1348 2497 1484 2557 gemäß,
1511 2494 1574 2554 von
1611 2492 1695 2552 Ri¬

513 2540 641 2600 chard
686 2538 1094 2598 Beer=Hofmann
1153 2538 1369 2598 eingeweiht
1409 2538 1576 2598 worden,
1621 2535 1674 2595 dem

520 2583 664 2643 größten
705 2583 856 2643 Dichter,
882 2583 936 2643 der
967 2583 1042 2643 nach
1077 2583 1132 2643 dem
1183 2582 1278 2642 Tode
1309 2580 1363 2640 des
1399 2580 1605 2640 Allweisen,
1626 2579 1685 2639 All

523 2628 688 2688 gütigen,
719 2627 965 2687 Ganzreinen,
996 2628 1232 2688 Ganzgroßen
1273 2623 1288 2683 —
1354 2624 1389 2684 es
1435 2624 1474 2684 ist
1505 2622 1596 2682 nicht
1631 2622 1691 2682 von

522 2670 674 2730 Goethe,
699 2670 841 2730 sondern
881 2670 939 2730 von
979 2670 1165 2730 Schnitzler
1195 2668 1249 2728 die
1279 2667 1371 2727 Rede
1401 2664 1411 2724 —
1471 2666 1524 2726 der
1559 2667 1691 2727 „Neuen

527 2715 644 2775 Freien
681 2715 814 2775 Presse“
846 2715 901 2775 zur
928 2715 1128 2775 Verfügung
1164 2712 1225 2772 und
1257 2711 1359 2771 daher
1390 2710 1420 2770 an
1457 2709 1513 2769 der
1534 2709 1688 2769 geistigen

528 2754 641 2814 Svitze
667 2758 893 2818 Oesterreichs
925 2756 1027 2816 steht.
1069 2756 1141 2816 „An
1177 2754 1233 2814 der
1265 2753 1429 2813 Schwelle
1461 2753 1517 2813 des
1548 2751 1697 2811 Goethe¬

526 2801 705 2861 Jahres“,
727 2802 762 2862 am
804 2803 834 2863 1.
855 2798 1015 2858 Jänner,
1036 2798 1092 2858 hat
1114 2798 1149 2858 er
1175 2798 1381 2858 einleitende
1407 2796 1520 2856 Worte
1547 2796 1577 2856 zu
1608 2795 1695 2855 einer

524 2845 847 2905 Goethevorlesung
877 2845 906 2905 im
950 2843 1092 2903 Wiener
1117 2840 1307 2900 Rundfunk
1332 2839 1547 2899 gesprochen,
1568 2837 1704 2897 Worte,

528 2888 579 2948 die
615 2888 661 2948 ein
703 2888 872 2948 Beispiel,
903 2885 959 2945 der
990 2886 1175 2946 Eingang,
1206 2885 1231 2945 in
1273 2885 1370 2945 ihrer
1402 2885 1524 2945 ganzen
1571 2882 1673 2942 Schön

523 2930 594 2990 heit
626 2932 857 2992 kennzeichnen
899 2929 1017 2989 möge:
1059 2929 1130 2989 „In
1167 2929 1275 2989 diesem
1327 2927 1460 2987 neuen,
1487 2927 1558 2987 noch
1595 2923 1698 2983 rät¬

533 2974 721 3034 selvoll
749 2973 1040 3033 verhüllten
1083 2971 1212 3031 Jahr
1240 2971 1336 3031 ...
1364 2970 1504 3030 jährt
1531 2968 1585 3028 sich
1618 2968 1682 3028 zum

528 3016 828 3076 hundertstenmal
854 3016 913 3076 der
939 3016 1034 3076 Tag,
1054 3016 1094 3076 an
1130 3016 1185 3076 dem
1230 3013 1390 3073 jener,
1411 3013 1466 3073 der
1496 3013 1556 3073 auf
1582 3010 1691 3070 Erden

526 3061 671 3121 Johann
710 3061 904 3121 Wolfgang
938 3058 1072 3118 Goethe
1105 3061 1202 3121 hieß,
1224 3057 1386 3117 irdischer
1419 3058 1516 3118 Zeit,
1539 3054 1695 3114 irdischen

525 3106 648 3166 Mäßen
690 3106 849 3166 entwich,
876 3106 917 3166 um
969 3103 1227 3163 schwerlos
1264 3102 1439 3162 leuchtend
1476 3100 1527 3160 sich
1564 3100 1682 3160 empor

523 3149 670 3209 zuheben
713 3148 749 3208 in
792 3147 923 3207 alles
966 3147 1240 3207 Künftige.“

615 3192 674 3252 Die
707 3192 940 3252 Aufführung
973 3189 1037 3249 von
1082 3189 1250 3249 „Faust",
1272 3189 1331 3249 der
1364 3187 1429 3247 seit
1456 3186 1565 3246 seiner
1598 3183 1700 3243 „Ein¬

523 3237 698 3297 richtung“
739 3236 920 3296 allgemein
966 3235 1015 3295 als
1056 3231 1116 3291 des
1162 3232 1257 3292 Werk
1293 3230 1605 3290 Beer=Hofmanns
1651 3223 1700 3283 be¬

524 3282 662 3342 trachtet
691 3279 777 3339 wird
815 3279 882 3339 und
916 3279 1020 3339 diesem
1074 3277 1107 3337 u.
1131 3278 1169 3338 a.
1193 3276 1442 3336 „Ovationen“
1476 3273 1695 3333 eingetragen

525 3323 599 3383 hat,
626 3323 683 3383 ist,
711 3325 821 3385 außer
859 3322 1064 3382 Schnitzlers
1108 3321 1303 3381 „Anatol“,
1336 3318 1398 3378 das
1436 3318 1578 3378 jüdische
1621 3314 1700 3374 „Er¬

526 3365 640 3425 eignis
676 3365 731 3425 der
762 3367 942 3427 Saison“.
983 3362 1032 3422 Es
1068 3364 1123 3424 ist,
1168 3365 1233 3425 vom
1284 3361 1519 3421 Burgtheater
1555 3357 1700 3417 heraus¬

528 3410 695 3470 gegeben,
719 3410 766 3470 ein
805 3410 1038 3470 Kommentar
1077 3403 1091 3463 —
1164 3407 1249 3467 nicht
1278 3406 1311 3466 zu
1355 3404 1507 3464 Goethes
1546 3402 1669 3462 „Faust

531 3452 668 3512 sondern
712 3454 746 3514 zu
791 3453 849 3513 dem
903 3452 1240 3512 Beer=Hofmanns,
1280 3449 1343 3509 von
1388 3449 1441 3509 ihm
1496 3446 1607 3506 seibst,
1647 3442 1700 3502 er¬

532 3497 696 3557 schienen;
727 3494 816 3554 Herr
847 3496 987 3556 Ernst
1013 3494 1197 3554 Lothar
1233 3494 1292 3554 hat
1323 3492 1398 3552 eine
1428 3491 1623 3551 Vorlesung

527 3541 610 3601 nicht
640 3539 723 3599 über
753 3538 905 3598 Goethes
940 3538 1102 3598 „Faust“,
1127 3536 1269 3596 sondern
1304 3535 1387 3595 über
1417 3532 1471 3592 den
1511 3529 1701 3589 Beer=Hof¬

526 3583 652 3643 manns
685 3581 693 3641 —
745 3583 926 3643 gehalten;
945 3583 996 3643 die
1024 3580 1336 3640 wonnetrunkenen
1369 3578 1522 3638 Berichte
1546 3574 1694 3634 drängen

529 3625 719 3685 einander;
738 3625 775 3685 an
803 3625 858 3685 den
892 3625 988 3685 ersten
1022 3625 1105 3685 zwei
1129 3622 1435 3682 (ausverkauften)
1459 3618 1611 3678 Abenden
1644 3615 1699 3675 der

529 3670 755 3730 Aufführung
795 3670 850 3730 der
881 3670 1102 3730 „kongenial“
1133 3667 1409 3727 verstümmelten
1445 3661 1611 3721 Dichtung
1642 3659 1706 3719 soll

528 3717 608 3777 „das
644 3715 784 3775 geistige
821 3714 936 3774 Wien“
972 3712 1159 3772 vollzählig
1200 3712 1229 3772 im
1275 3709 1518 3769 Burgtheater
1554 3705 1669 3765 versam

1759 2087 1842 2147 melt
1867 2088 2015 2148 gewesen
2045 2088 2133 2148 sein.
2173 2085 2305 2145 Goethe
2331 2088 2404 2148 war
2434 2088 2498 2148 also
2533 2088 2586 2148 bei
2606 2088 2665 2148 den
2700 2088 2823 2148 Seinen
2863 2090 2931 2150 „be¬

1762 2133 1857 2193 sorgt
1883 2130 1943 2190 und
1979 2130 2216 2190 aufgehoben“

1852 2174 1936 2234 Aber
1968 2174 2148 2234 Größeres
2186 2173 2233 2233 als
2271 2173 2329 2233 der
2361 2174 2525 2234 „Faust“,
2547 2174 2647 2234 selbst
2674 2174 2700 2234 in
2737 2174 2933 2234 Beer=Hof¬

1760 2216 1883 2276 manns
1919 2216 2207 2276 „Einrichtung",
2228 2216 2310 2276 steht
2336 2217 2520 2277 demselben
2557 2217 2783 2277 einheitlichen
2819 2216 2927 2276 geisti¬

1759 2263 1808 2323 gen
1854 2261 1944 2321 Wien
1990 2261 2116 2321 bevor:
2172 2260 2257 2320 „Die
2303 2261 2560 2321 Goethe=Feier
2606 2258 2666 2318 des
2717 2260 2928 2320 Kultur¬

1755 2304 1946 2364 bundes
1981 2306 2097 2366 findet
2128 2303 2324 2363 Mittwoch,
2345 2305 2399 2365 den
2441 2304 2496 2364 16.
2521 2304 2566 2364 d.,
2592 2303 2717 2363 abends
2753 2304 2834 2364 halb
2864 2303 2934 2363 acht

1764 2347 1848 2407 Uhr,
1875 2349 1906 2409 im
1954 2347 2064 2407 Neuen
2107 2347 2217 2407 Saale
2249 2347 2307 2407 der
2334 2347 2560 2407 Hofburg
2592 2347 2687 2407 statt.
2735 2347 2803 2407 Den
2840 2346 2929 2406 Fest¬

1754 2392 1897 2452 vortrag
1934 2392 2011 2452 hält
2038 2391 2254 2451 Thomas
2290 2391 2471 2451 Mann.“
2523 2391 2605 2451 Wer
2636 2392 2728 2452 sonst
2755 2389 2847 2449 wäre
2879 2387 2935 2447 be¬

1755 2434 1902 2494 rufener
1939 2434 1992 2494 als
2034 2434 2118 2494 diese
2156 2432 2271 2492 feinste
2308 2434 2413 2494 Blüte
2461 2434 2519 2494 des
2561 2434 2798 2494 „Weimarer“
2841 2431 2930 2491 Zeit¬

1765 2479 1902 2539 geistes,
1925 2479 1979 2539 den
2024 2478 2250 2538 „Olympier“
2284 2477 2338 2537 der
2373 2477 2505 2537 „Stadt
2533 2477 2665 2537 Arthur
2699 2476 2925 2536 Schnitzlers“

1764 2523 1789 2583 in
1821 2521 2070 2581 Lebensgröße
2102 2524 2138 2584 zu
2170 2521 2409 2581 beschwören!

1853 2574 2023 2634 Während
2057 2573 2106 2633 sich
2140 2573 2211 2633 dies
2245 2571 2272 2631 in
2311 2573 2404 2633 Wien
2444 2573 2575 2633 begibt,
2599 2571 2653 2631 ist,
2676 2572 2835 2632 begleitet
2864 2571 2924 2631 von

1760 2617 1816 2677 dem
1868 2619 1991 2679 bereits
2028 2616 2249 2676 sagenhaften
2291 2616 2373 2676 alten
2415 2616 2646 2676 „Schweden“
2678 2616 2770 2676 Sven
2807 2616 2940 2676 Hedin,

1767 2661 1916 2721 Gerhart
1942 2662 2168 2722 Hauptmann
2214 2660 2268 2720 als
2314 2658 2369 2718 der
2410 2661 2615 2721 leibhaftige
2647 2658 2932 2718 Gottseibeiuns¬

1764 2703 1894 2763 Goethe
1919 2703 1994 2763 nach
2025 2705 2181 2765 Amerika
2212 2705 2398 2765 gefahren,
2418 2704 2458 2764 um
2504 2703 2558 2763 den
2594 2703 2861 2763 Amerikanern,
2881 2700 2931 2760 die

1755 2744 1790 2804 er
1827 2747 1996 2807 übrigens
2038 2747 2224 2807 demnächst
2261 2747 2291 2807 zu
2333 2747 2482 2807 besingen
2529 2744 2684 2804 gedenkt,
2731 2744 2926 2804 seinerseits

1759 2789 1891 2849 Goethe
1926 2789 1950 2849 in
1995 2789 2191 2849 andächtige
2226 2788 2451 2848 Erinnerung
2491 2789 2520 2849 zu
2560 2789 2702 2849 bringen
2742 2784 2751 2844 —
2810 2789 2932 2849 „Ame¬

2315 2831 2377 2891 und
2411 2831 2434 2891 in
2473 2828 2766 2888 Steuvertretung
2800 2828 2933 2888 allerlei

1764 2830 1847 2890 rika,
1874 2833 1910 2893 du
1942 2834 2014 2894 hast
2042 2831 2072 2891 es
2105 2831 2209 2891 besser

1761 2875 1873 2935 Ehren
1915 2876 2166 2936 einzuheimsen
2208 2875 2259 2935 (er
2296 2873 2377 2933 wird
2419 2873 2495 2933 noch
2532 2874 2717 2934 rechtzeitig
2758 2873 2933 2933 zurückge¬

1761 2919 1850 2979 kehrt
1882 2921 1966 2981 sein,
1993 2921 2050 2981 die
2083 2921 2272 2981 eigentliche
2309 2918 2505 2978 Weimarer
2537 2918 2642 2978 Feier
2684 2918 2715 2978 zu
2764 2916 2932 2976 begehen;

1767 2963 1853 3023 sonst
1880 2964 1993 3024 müßte
2024 2962 2122 3022 wohl
2148 2962 2303 3022 Thomas
2339 2960 2555 3020 Nobelmann
2592 2959 2648 3019 für
2680 2958 2731 3018 ihn
2767 2956 2937 3016 einsprin¬

1761 3005 1863 3065 gen);
1891 3006 1917 3066 in
1956 3005 2134 3065 Aegypten
2172 3005 2312 3065 besorgt
2339 3004 2431 3064 Herr
2464 3004 2653 3064 Moissi
2692 3001 2745 3061 die
2789 3001 2934 3061 landes¬

1764 3049 1890 3109 übliche
1922 3049 2275 3109 Goethehuldigung.
2328 3048 2392 3108 (Ob
2429 3046 2481 3106 ihm
2535 3047 2634 3107 nicht,
2661 3046 2724 3106 wie
2756 3046 2824 3106 eine
2861 3042 2935 3102 ver¬

1761 3093 1877 3153 frühte
1909 3094 2030 3154 Kunde
2057 3094 2300 3154 aufgeflattert
2327 3091 2422 3151 war,
2444 3091 2565 3151 Stefan
2603 3091 2719 3151 Zweig
2752 3090 2809 3150 zur
2836 3088 2936 3148 Seite

1761 3135 1863 3195 stehen
1900 3135 2013 3195 wird?
2060 3133 2112 3193 Es
2143 3135 2235 3195 wäre
2262 3135 2349 3195 schön
2386 3133 2448 3193 und
2479 3133 2721 3193 ersprießlich.)

1849 3177 2220 3237 Nichtsdestoweniger
2257 3177 2297 3237 ist
2329 3179 2478 3239 „Emil
2505 3175 2706 3235 Ludwig
2748 3174 2819 3234 nach
2856 3172 2912 3232 dem

1761 3222 1884 3282 Sudan
1921 3222 2107 3282 abgereist,
2134 3224 2170 3284 um
2222 3222 2310 3282 seine
2341 3220 2496 3280 früheren
2538 3219 2688 3279 Studien
2725 3220 2756 3280 in
2798 3216 2927 3276 Nubien

1766 3264 1830 3324 und
1866 3265 2057 3325 Abessinien
2098 3267 2369 3327 abzuschließen.
2415 3264 2465 3324 In
2506 3264 2611 3324 Kairo
2647 3262 2767 3322 wurde
2798 3261 2833 3321 er
2863 3261 2928 3321 von

1764 3309 1874 3369 König
1906 3311 2006 3371 Fuad
2039 3309 2070 3369 in
2103 3309 2260 3369 Audienz
2288 3309 2514 3369 empfangen.
2562 3309 2625 3369 Die
2652 3306 2842 3366 ägyptische
2869 3301 2937 3361 Re¬

1761 3353 1909 3413 aierung
1946 3353 2049 3413 stellte
2081 3353 2131 3413 ihm
2184 3353 2240 3413 für
2271 3351 2359 3411 seine
2395 3350 2554 3410 Nilfahrt
2581 3350 2632 3410 bis
2669 3351 2797 3411 Assuan
2834 3347 2926 3407 einen

1766 3396 1930 3456 Dampfer
1967 3398 2028 3458 zur
2060 3395 2291 3455 Verfügung,
2318 3395 2369 3455 die
2406 3393 2539 3453 fernere
2576 3394 2674 3454 Reise
2711 3393 2839 3453 erfolgt
2870 3389 2937 3449 mit

1769 3441 2025 3501 Unterstützung
2057 3440 2112 3500 der
2144 3440 2319 3500 englischen
2355 3437 2576 3497 Regierung.
2618 3437 2669 3497 In
2700 3434 2756 3494 der
2782 3433 2920 3493 nächsten

1773 3482 1842 3542 Zeit
1888 3482 2049 3542 erscheint
2095 3482 2170 3542 eine
2211 3482 2382 3542 arabische
2423 3481 2589 3541 Ausgabe
2640 3479 2750 3539 seiner
2786 3477 2931 3537 Goethe¬

1775 3526 2016 3586 Biographie.“
2053 3518 2068 3578 —
2125 3523 2335 3583 Inzwischen
2377 3523 2418 3583 ist
2444 3523 2546 3583 Emil
2578 3520 2721 3580 Ludwig
2758 3518 2788 3578 in
2830 3518 2922 3578 Wien

1763 3569 2017 3629 eingetroffen,
2038 3571 2077 3631 um
2122 3569 2170 3629 die
2200 3568 2352 3628 Festrede
2382 3565 2465 3625 über
2490 3565 2622 3625 Goethe
2652 3565 2681 3625 zu
2716 3562 2852 3622 halten.

1855 3613 1923 3673 Und
1958 3615 1987 3675 so
2022 3613 2115 3673 wäre
2145 3612 2228 3672 denn
2263 3610 2336 3670 auch
2371 3610 2429 3670 von
2469 3608 2577 3668 dieser
2607 3607 2699 3667 Seite
2729 3606 2812 3666 alles
2847 3603 2934 3663 Not¬

1763 3655 1924 3715 wendige
1949 3656 2145 3716 gescheben.
2185 3654 2238 3714 So
2268 3654 2351 3714 etwa
2386 3653 2473 3713 hätte
2503 3651 2561 3711 der
2586 3649 2753 3709 Geheime
2782 3649 2850 3709 Rat
2875 3649 2924 3709 sich

1771 3702 1797 3762 in
1833 3700 1938 3760 seinem
1994 3700 2169 3760 Altersstil
2197 3698 2418 3758 ausgerückt,
2437 3697 2517 3757 den,
2545 3693 2605 3753 wie
2642 3691 2730 3751 jeder
2767 3689 2890 3749 gebilde

1782 3772 1935 3832 Israelit
1961 3771 2069 3831 weiß,
2091 3771 2146 3831 der
2173 3771 2275 3831 junge
2307 3769 2569 3829 Hofmansthal
2596 3770 2754 3830 erfunden
2791 3771 2868 3831 hat,
2889 3771 2940 3831 als

1776 3813 1810 3873 er
1841 3816 1896 3876 sich
1931 3813 2001 3873 noch
2037 3813 2117 3873 teils
2153 3813 2328 3873 Theophil
2359 3813 2524 3873 Morren,
2550 3813 2624 3873 teils
2660 3813 2765 3873 Coris
2801 3813 2951 3873 nannte,

1773 3858 1812 3918 um
1863 3858 1954 3918 durch
1990 3858 2166 3918 Eigenart
2192 3859 2419 3919 aufzufallen.
2471 3857 2536 3917 Die
2566 3855 2703 3915 Wiener
2739 3858 2824 3918 Note
2855 3858 2955 3918 aber,

1782 3903 1841 3963 von
1877 3903 1947 3963 wem
1993 3903 2032 3963 ist
2053 3901 2113 3961 sie,
2134 3900 2254 3960 kleiner
2284 3900 2430 3960 Moritz?
2476 3897 2556 3957 Von
2587 3899 2722 3959 Arthur
2748 3901 2953 3961 Schnitzler.

1784 3945 1855 4005 Und
1887 3944 1953 4004 wer
1980 3944 2036 4004 hat
2062 3942 2113 4002 den
2150 3941 2283 4001 Wiener
2310 3943 2408 4003 Wald
2434 3942 2613 4002 geschaffen
2645 3942 2712 4002 und
2738 3943 2794 4003 den
2831 3944 2944 4004 Kaiser

1782 3989 1938 4049 Joseph?
1987 3989 2128 4049 Arthur
2161 3987 2360 4047 Schnitzler.

2484 4028 2629 4088 Richard
2659 4031 2693 4091 v.
2717 4033 2909 4093 Schaukal.
