3344 4352
1369 258 1505 318 box
1593 255 1790 315 44/3

132 265 180 325 2
289 267 881 327 Sitrs
951 266 1137 326 t

914 851 1602 911 „OBSERVER

1039 916 1161 976 bsterr.
1179 904 1335 964 behördl.
1352 883 1640 943 kryessionlertes

977 966 1204 1026 Unternehmen
1236 953 1280 1013 für
1306 932 1678 992 Zehungs-Ausschnitte

1040 1023 1180 1083 WIEN,
1202 1020 1250 1080 I.,
1265 1008 1525 1068 WOLLZEILE
1561 991 1603 1051 11

1114 1075 1328 1135 TELEPIION
1366 1053 1544 1113 R-23-0-43

942 1221 1167 1281 Ausschnitt
1197 1207 1295 1267 aus:

959 1451 1067 1511 vom:

958 1646 1299 1706 Arthur
1374 1643 1838 1703 Schnitzler

721 3685 859 3745 Arthur
884 3682 1105 3742 Schnitzler,
1125 3682 1184 3742 der
1209 3680 1337 3740 grosse
1362 3676 1421 3736 ös-
1451 3676 1593 3736 müssen
1628 3676 1687 3736 nun
1722 3673 1780 3733 dem
1825 3674 2017 3734 Gedenken
2047 3676 2105 3736 des
2131 3674 2199 3734 To¬

683 3729 935 3789 terreichische
976 3725 1187 3785 Romancier
1229 3723 1289 3783 und
1335 3723 1425 3783 Dra-
1457 3723 1512 3783 ten
1548 3720 1689 3780 gelten.
1715 3720 1810 3780 Aber
1841 3722 1901 3782 bei
1927 3723 2022 3783 ihm,
2048 3722 2108 3782 wie
2144 3719 2184 3779 be

682 3776 858 3836 matiker,
878 3774 933 3834 der
964 3773 1039 3833 erst
1065 3771 1125 3831 vor
1151 3771 1311 3831 wenigen
1347 3769 1427 3829 Mo-
1458 3768 1544 3828 allen
1584 3768 1801 3828 Künstlern,
1827 3768 1876 3828 ist
1907 3768 1957 3828 die
1993 3766 2093 3826 beste
2134 3766 2179 3826 Eh

681 3823 779 3883 naten
809 3822 1034 3882 verschieden
1065 3819 1128 3879 isto
1153 3819 1246 3879 wäre
1271 3818 1413 3878 morgen
1459 3817 1542 3877 rung
1572 3815 1640 3875 die,
1655 3814 1748 3874 seine
1778 3813 1901 3873 Werke
1926 3815 1974 3875 zfi
1990 3814 2102 3874 lesen,
2117 3811 2195 3871 das:

684 3870 811 3930 siebzig
843 3871 949 3931 Jahre
971 3867 1018 3927 alt
1040 3865 1252 3925 geworden.
1269 3864 1333 3924 Die
1360 3864 1402 3924 Eh
1455 3864 1567 3924 durch
1599 3861 1646 3921 sie
1679 3861 1731 3921 die
1780 3861 1965 3921 lebendige
2025 3860 2194 3920 Wirkung

1460 3909 1575 3969 seines
1601 3909 1742 3969 Geistes
1775 3909 1999 3969 fortdauefe.

691 3916 845 3976 rungen,
866 3915 917 3975 die
954 3915 1010 3975 dem
1062 3914 1248 3974 Lebenden
1284 3912 1320 3972 an
1357 3912 1408 3972 die

691 3962 742 4022 ser
800 3965 889 4025 Tage
928 3963 1036 4023 zuteil
1063 3959 1255 4019 geworden
1294 3959 1434 4019 wären,
