3344 4352
654 327 767 387 Wien,
787 328 936 388 Sonntag

216 336 286 396 ﻿26

130 420 332 480 Deutschland
367 419 429 479 und
463 419 666 479 Frankreich.
689 419 756 479 Und
791 419 869 479 schon
904 418 960 478 gar
989 418 1067 478 nicht
1096 413 1174 473 hatte
1203 407 1231 467 es

133 467 283 527 politische
311 464 510 524 Tendenzen,
532 464 591 524 wie
619 467 672 527 das
706 467 834 527 „Junge
862 464 1088 524 Deutschland“
1121 458 1234 518 Heines

132 514 184 574 und
216 512 359 572 Börnes.
375 512 417 572 Im
460 509 645 569 Gegenteil,
661 512 777 572 Politik
810 511 910 571 wurde
942 509 963 569 in
995 509 1085 569 diesem
1127 504 1243 564 Kreise,

127 558 182 618 aus
223 557 303 617 einem
360 556 496 616 gewissen
542 556 851 616 Ueberästhetismus
893 556 1029 616 heraus,
1060 553 1110 613 als
1146 549 1242 609 etwas

132 604 264 664 Lästiges
296 602 354 662 und
386 601 662 661 Minderwertiges
695 601 874 661 betrachtet.
902 601 1023 661 Spuren
1056 599 1151 659 dieser
1178 593 1241 653 An¬

130 652 273 712 schauung
301 649 400 709 finden
428 649 472 709 sich
500 648 588 708 sogar
611 647 671 707 noch
699 646 721 706 in
754 648 870 708 Arthur
893 648 1074 708 Schnitzlers
1103 643 1229 703 späteren

130 697 273 757 Werken.
297 696 474 756 „Professor
497 694 697 754 Bernhardi“
726 694 959 754 beispielsweise
988 696 1059 756 läßt
1077 692 1249 752 erkennen,

132 744 178 804 daß
209 742 260 802 der
287 745 410 805 Dichter
431 739 462 799 er
493 739 539 799 als
571 741 632 801 eine
659 739 839 799 Zumutung
870 741 1045 801 betrachtet,
1066 739 1154 799 wenn
1185 736 1231 796 von

128 789 204 849 einem
244 789 337 849 Mann
371 786 420 846 der
437 783 652 843 Wissenschaft
675 784 818 844 verlangt
841 785 934 845 wird,
957 786 984 846 er
1012 786 1083 846 solle
1112 785 1155 845 sich
1189 783 1244 843 mit

133 837 242 897 Politik
271 834 419 894 befassen.
436 831 679 891 „Jung=Wien“
702 827 712 887 —
763 830 812 890 das
840 831 939 891 waren
967 831 1232 891 Persönlichkeiten

130 886 201 946 ganz
235 879 461 939 verschiedener
495 879 572 939 Art,
601 877 650 937 die
683 877 755 937 auch
794 877 877 937 ganz
911 876 1109 936 verschiedene
1149 874 1242 934 Wege

127 928 276 988 gegangen
321 927 398 987 sind.
432 927 514 987 Doch
554 924 625 984 man
670 924 825 984 verkehrte
864 923 1130 983 freundschaftlich
1169 921 1240 981 mit¬

124 973 275 1033 einander
308 972 361 1032 und
400 971 529 1031 tauschte
562 969 729 1029 Gedanken
762 968 815 1028 aus
853 966 880 1026 in
918 968 1047 1028 langen,
1075 968 1242 1028 lebhaften,

130 1020 327 1080 gehaltvollen
368 1019 577 1079 Gesprächen.
606 1014 679 1074 Und
714 1013 781 1073 man
822 1013 889 1073 war
923 1016 1132 1076 miteinander
1167 1016 1234 1076 jung

201 1067 254 1127 das
282 1066 346 1126 war
373 1064 427 1124 das
460 1064 616 1124 eigentlich
649 1061 865 1121 Gemeinsame
892 1064 946 1124 von
984 1063 1200 1123 „Jung=Wien

221 1127 285 1187 Auf
316 1130 439 1190 Wunsch
481 1127 528 1187 des
570 1127 681 1187 Vaters
723 1124 805 1184 sollte
836 1124 959 1184 Arthur
990 1127 1154 1187 Schnitzler
1190 1127 1242 1187 sich

129 1179 188 1239 eine
219 1177 417 1237 selbständige
449 1174 562 1234 Praxis
593 1172 738 1232 schaffen,
762 1173 816 1233 und
853 1171 883 1231 er
907 1171 962 1231 ließ
998 1174 1046 1234 sich
1083 1174 1125 1234 als
1156 1173 1245 1233 Kehl¬

128 1225 266 1285 kopfarzt
295 1224 323 1284 in
359 1222 410 1282 der
440 1222 653 1282 Giselastraße
683 1219 804 1279 nieder.
828 1219 994 1279 Abermals
1030 1219 1070 1279 ein
1111 1219 1243 1279 Erinne¬

122 1272 317 1332 rungsbild:
344 1269 397 1329 sein
434 1267 677 1327 Sprechzimmer
710 1265 720 1325 —
784 1264 826 1324 ein
858 1264 995 1324 kleiner,
1017 1266 1244 1326 anheimelnder

127 1319 248 1379 Raum,
270 1318 380 1378 abends
417 1318 464 1378 von
502 1315 691 1375 gedämpftem
739 1311 823 1371 Licht
850 1311 954 1371 erfüllt
981 1309 997 1369 —
1055 1312 1097 1372 ein
1134 1312 1244 1372 breiter

133 1365 231 1425 Diwan
265 1365 297 1425 an
331 1365 380 1425 der
403 1363 523 1423 Wand.
546 1362 612 1422 Der
634 1360 744 1420 Diwan
778 1358 860 1418 hatte
888 1359 948 1419 eine
976 1359 1108 1419 wichtige
1136 1357 1246 1417 Funk¬

125 1413 207 1473 tion.
235 1413 300 1473 Der
334 1411 422 1471 junge
456 1410 533 1470 Arzt
567 1407 709 1467 arbeitete
743 1405 869 1465 nämlich
909 1405 975 1465 viel
1003 1407 1058 1467 mit
1091 1404 1251 1464 Hypnose,

129 1459 208 1519 deren
240 1458 445 1518 Anwendung
477 1459 504 1519 zu
536 1455 730 1515 Heilzwecken
763 1452 889 1512 damals
921 1452 984 1512 noch
1011 1452 1063 1512 neu
1101 1452 1153 1512 und
1185 1452 1248 1512 sehr

128 1506 294 1566 umstritten
328 1505 410 1565 war.
433 1503 554 1563 Arthur
583 1502 749 1562 Schnitzler
778 1500 899 1560 wandte
927 1498 961 1558 sie
994 1497 1049 1557 mit
1077 1498 1183 1558 Erfolg
1211 1499 1244 1559 an

132 1553 180 1613 und
213 1553 277 1613 war
305 1551 358 1611 mit
381 1550 473 1610 seiner
500 1550 624 1610 weichen
657 1547 792 1607 Stimme
820 1544 873 1604 und
906 1544 954 1604 dem
999 1543 1111 1603 sanften
1144 1543 1241 1603 Strich

130 1599 218 1659 seiner
248 1598 354 1658 Hände
384 1598 424 1658 ein
455 1598 654 1658 vorzüglicher
678 1592 902 1652 Hypnotiseur.
926 1592 1002 1652 Auch
1032 1592 1055 1652 in
1091 1590 1167 1650 einer
1197 1590 1243 1650 der

136 1646 427 1706 „Anatol"=Szenen
467 1643 538 1703 wird
577 1643 621 1703 ein
654 1640 803 1700 Mädchen
842 1639 869 1699 in
919 1637 974 1697 den
1024 1637 1239 1697 magnetischen

130 1694 234 1754 Schlaf
262 1691 417 1751 versenkt.
434 1689 605 1749 Irgendein
640 1688 784 1748 Erlebnis
812 1688 839 1748 in
873 1685 922 1745 dem
967 1685 1083 1745 kleinen
1123 1685 1255 1745 Sprech¬

133 1739 248 1799 zimmer
282 1741 348 1801 mag
387 1738 464 1798 diese
498 1738 591 1798 Szene
625 1735 784 1795 inspiriert
813 1733 928 1793 haben.
956 1732 1171 1792 Ueberhaupt,
1200 1730 1243 1790 die

128 1786 287 1846 Wohnung
321 1786 343 1846 in
371 1785 420 1845 der
443 1783 647 1843 Giselastraße
669 1778 680 1838 —
736 1779 1150 1839 „Anatol"-Erinnerungen
1178 1776 1244 1836 um¬

128 1833 223 1893 weden
258 1834 313 1894 sie,
337 1831 393 1891 und
428 1831 455 1891 es
484 1831 540 1891 ist,
557 1831 608 1891 als
637 1830 676 1890 sei
699 1828 835 1888 Anatol,
858 1825 908 1885 der
931 1825 1163 1885 schwermültige
1191 1822 1247 1882 und

127 1879 325 1939 grüblerische
359 1879 523 1939 Ecotiher,
558 1876 608 1936 der
654 1876 694 1936 ein
740 1876 767 1936 so
808 1875 949 1935 getreues
989 1872 1107 1932 Abbild
1153 1870 1243 1930 seines

127 1927 294 1987 Schöpfers
330 1927 450 1987 Arthur
486 1925 652 1985 Schnitzler
682 1921 768 1981 war,
792 1921 883 1981 selbst
913 1921 999 1981 durch
1040 1920 1086 1980 die
1121 1919 1247 1979 Räume

135 1974 319 2034 gewandelt.

214 2042 257 2102 In
295 2037 389 2097 dieser
421 2036 583 2096 Wohnung
615 2034 670 2094 hat
696 2034 765 2094 auch
797 2034 840 2094 die
872 2031 1166 2091 Herzensgeschichte
1198 2026 1247 2086 be¬

130 2088 242 2148 gonnen
277 2085 339 2145 mit
362 2085 412 2145 dem
458 2082 628 2142 Mädchen,
651 2082 707 2142 das
736 2079 786 2139 sich
821 2079 866 2139 dem
912 2079 1042 2139 Dichter
1071 2076 1172 2136 später
1201 2076 1251 2136 zur

134 2133 356 2193 Christine
412 2130 442 2190 in
497 2130 550 2190 der
600 2127 775 2187 „Liebelei"
824 2127 968 2187 gestaltet
1018 2124 1084 2184 hat.
1127 2122 1253 2182 Arthur

130 2180 293 2240 Schnitzler
322 2177 378 2237 hat
401 2176 479 2236 zwar
515 2174 621 2234 immer
650 2172 779 2232 dagegen
814 2171 983 2231 protestiert
1012 2168 1073 2228 und
1102 2168 1158 2228 hat
1187 2166 1254 2226 ver¬

133 2225 243 2285 sichert,
271 2225 326 2285 daß
365 2225 408 2285 die
437 2224 591 2284 Christine
625 2219 724 2279 keinem
774 2219 962 2279 bestimmten
996 2216 1128 2276 Vorbild
1161 2215 1255 2275 nach¬

127 2273 286 2333 geschaffen
322 2270 369 2330 ist.
393 2271 434 2331 Er
464 2269 517 2329 hat
541 2267 564 2327 in
600 2267 688 2327 dieser
718 2265 836 2325 Gestalt
866 2264 913 2324 das
943 2264 1072 2324 Wiener
1097 2262 1243 2322 Mädchen

130 2320 302 2380 überhaupt
330 2317 513 2377 verkörpern
551 2315 675 2375 wollen,
698 2315 751 2375 das
789 2312 913 2372 Wiener
946 2309 1113 2369 Mädchen,
1141 2310 1189 2370 wie
1222 2307 1253 2367 er

126 2368 157 2428 es
184 2365 301 2425 kannte
333 2365 391 2425 und
424 2365 514 2425 liebte
547 2362 605 2422 (wo
632 2362 706 2422 wird
738 2362 764 2422 in
797 2359 887 2419 Wien
925 2358 978 2418 das
1010 2356 1174 2416 Denkmal
1202 2353 1254 2413 des

136 2413 273 2473 Dichters
296 2413 345 2473 der
368 2410 545 2470 „Liebelei"
567 2410 683 2470 stehen,
701 2407 755 2467 das
778 2404 944 2464 Denkmal
961 2404 1016 2464 mit
1039 2402 1088 2462 dem
1128 2401 1254 2461 Wiener

136 2461 274 2521 Mädchen
316 2458 349 2518 am
402 2457 535 2517 Sochel,
564 2457 622 2517 das
657 2456 703 2516 ihm
755 2452 807 2512 den
848 2452 958 2512 Kranz
987 2449 1259 2509 hinaufreicht?).

133 2506 211 2566 Aber
229 2506 257 2566 es
286 2505 347 2565 war
371 2503 427 2563 nur
456 2503 626 2563 natürlich,
644 2502 694 2562 daß
723 2500 875 2560 Christine
899 2500 944 2560 die
967 2501 1046 2561 Züge
1075 2497 1182 2557 gerade
1205 2494 1250 2554 des

130 2553 300 2613 Mädchens
329 2553 488 2613 annahm,
505 2548 550 2608 die
579 2547 636 2607 das
665 2548 743 2608 Herz
767 2547 812 2607 des
841 2546 1000 2606 Dichters,
1023 2544 1114 2604 bevor
1143 2543 1171 2603 er
1200 2540 1250 2600 sein

136 2601 248 2661 Drama
290 2599 413 2659 schrieb,
444 2598 603 2658 jahrelang
645 2595 751 2655 erfüllt
787 2591 887 2651 hatte,
917 2587 928 2647 —
994 2591 1094 2651 Züge,
1124 2589 1171 2649 die
1207 2586 1253 2646 für

127 2649 326 2709 denjenigen,
349 2646 403 2706 der
438 2646 515 2706 diese
549 2642 704 2702 Freundin
743 2639 865 2699 Arthur
893 2639 1081 2699 Schnitzlers
1115 2634 1253 2694 gekannt

124 2694 190 2754 hat,
213 2694 335 2754 deutlich
369 2691 591 2751 hervortreten.
614 2688 669 2748 Sie
698 2688 759 2748 war
787 2686 948 2746 Schülerin
977 2685 1026 2745 der
1055 2682 1255 2742 Schauspiel¬

130 2739 219 2799 schule
246 2738 298 2798 des
331 2738 457 2798 Wiener
484 2735 775 2795 Konservatoriums
807 2732 865 2792 und
898 2731 950 2791 kam
998 2729 1008 2789 —
1067 2728 1146 2788 wenn
1183 2727 1251 2787 mich

130 2786 179 2846 das
207 2786 400 2846 Gedächtnis
429 2786 512 2846 nicht
540 2781 623 2841 trügt
645 2778 656 2838 —
718 2777 745 2837 zu
779 2781 862 2841 ihm,
884 2780 917 2840 um
962 2777 1056 2837 seinen
1090 2774 1250 2834 ärztlichen

136 2837 196 2897 Rat
218 2835 245 2895 zu
274 2834 422 2894 erbitten.
439 2832 494 2892 Ein
522 2831 676 2891 schlankes
705 2826 826 2886 Wiener
854 2825 952 2885 Kind,
970 2825 1057 2885 keine
1080 2822 1256 2882 eigentliche

131 2882 314 2942 Schönheit,
336 2879 406 2939 aber
439 2879 601 2939 anmutig,
629 2875 676 2935 von
710 2873 795 2933 einer
823 2871 1087 2931 herzbewegenden
1126 2868 1244 2928 Anmut

133 2927 189 2987 und
218 2927 285 2987 jung
320 2926 330 2986 —
382 2927 534 2987 strahlend
563 2924 613 2984 von
648 2922 790 2982 Jugend.
807 2919 886 2979 Eine
909 2918 1079 2978 Schönheit
1102 2917 1169 2977 war
1193 2915 1260 2975 eher

129 2974 189 3034 ihre
217 2972 388 3032 Schwester
416 2971 476 3031 mit
510 2971 598 3031 ihrer
638 2967 726 3027 hohen
770 2965 897 3025 Gestalt
936 2963 991 3023 und
1036 2962 1118 3022 ihren
1163 2960 1246 3020 edlen

142 3021 254 3081 Zügen.
278 3020 322 3080 Es
351 3019 452 3079 wurde
481 3019 542 3079 eine
571 3015 678 3075 große,
695 3013 757 3073 eine
786 3011 859 3071 ganz
882 3013 978 3073 große
1001 3010 1090 3070 Liebe
1119 3007 1249 3067 zwischen

133 3070 254 3130 Arthur
277 3067 438 3127 Schnitzler
462 3065 520 3125 und
549 3063 601 3123 der
624 3060 919 3120 Schauspielelevin,
943 3058 994 3118 und
1024 3055 1057 3115 sie
1087 3055 1138 3115 hat
1156 3053 1260 3113 jahre¬

137 3116 204 3176 lang
239 3112 403 3172 gedauert.
432 3110 618 3170 Schnitzlers
658 3106 811 3166 Freundin
851 3104 925 3164 ging
965 3102 1015 3162 von
1055 3100 1146 3160 Wien
1186 3100 1253 3160 nach

133 3159 285 3219 Salzburg
325 3156 381 3216 und
415 3156 465 3216 hat
494 3154 567 3214 dort
590 3150 691 3210 einige
721 3151 856 3211 Saisons
885 3147 1031 3207 hindurch
1066 3146 1099 3206 am
1145 3145 1257 3205 Stadt¬

133 3207 245 3267 theater
274 3204 415 3264 gespielt.
444 3203 561 3263 Arthur
590 3200 777 3260 Schnitzler,
800 3198 850 3258 der
885 3197 941 3257 aus
970 3195 1059 3255 Wien
1094 3192 1178 3252 nicht
1207 3190 1257 3250 vor

130 3252 284 3312 Samstag
318 3252 411 3312 abend
451 3249 511 3309 fort
545 3248 655 3308 konnte
689 3246 749 3306 und
783 3244 916 3304 Montag
955 3243 1021 3303 früh
1055 3241 1159 3301 zurück
1198 3240 1253 3300 sein

136 3303 250 3363 mußte,
274 3300 326 3360 hat
344 3300 390 3360 oft
408 3298 506 3358 genug
535 3297 604 3357 zwei
628 3294 743 3354 Nächte
767 3291 790 3351 in
819 3291 871 3351 der
894 3289 1062 3349 Eisenbahn
1097 3287 1264 3347 verbracht,

134 3347 166 3407 um
209 3347 240 3407 am
289 3345 432 3405 Sonntag
465 3344 523 3404 sein
556 3341 699 3401 Mädchen
732 3338 987 3398 wiederzusehen.
1009 3335 1104 3395 Dann
1137 3333 1195 3393 kam
1238 3330 1264 3390 es

133 3394 276 3454 während
316 3392 398 3452 eines
443 3389 714 3449 Zusammenseins
753 3386 780 3446 in
819 3384 979 3444 Salzburg
1013 3382 1145 3442 plötzlich
1190 3380 1239 3440 zum

129 3442 238 3502 Bruch.
260 3441 303 3501 Er
326 3440 391 3500 war
419 3437 467 3497 es,
490 3437 538 3497 der
566 3437 669 3497 brach,
692 3434 746 3494 und
779 3431 812 3491 sie
840 3431 1002 3491 vermochte
1030 3428 1063 3488 es
1091 3427 1139 3487 nie
1167 3425 1265 3485 mehr,

136 3488 175 3548 ihn
209 3489 231 3549 zu
260 3486 452 3546 versöhnen;
475 3485 537 3545 doch
560 3483 588 3543 er
611 3482 650 3542 ist
668 3481 735 3541 stets
758 3479 803 3539 ihr
826 3479 922 3539 treuer
945 3476 1063 3536 Freund
1092 3472 1261 3532 geblieben.

142 3532 192 3592 Sie
221 3535 294 3595 ging
328 3532 407 3592 dann
448 3532 520 3592 nach
555 3527 684 3587 Berlin,
725 3526 837 3586 immer
883 3523 1030 3583 begleitet
1070 3520 1126 3580 von
1178 3519 1262 3579 ihrer

139 3580 320 3640 Schwester,
343 3577 382 3637 die
411 3577 449 3637 sie
473 3578 524 3638 ihr
547 3574 659 3634 ganzes
688 3574 784 3634 Leben
819 3571 886 3631 lang
921 3570 1000 3630 nicht
1023 3567 1164 3627 verlassen
1199 3565 1266 3625 hat.

139 3626 217 3686 Viele
246 3626 342 3686 Jahre
371 3625 462 3685 haben
496 3625 541 3685 die
564 3622 666 3682 beiden
695 3621 717 3681 in
752 3619 853 3679 Berlin
882 3616 1041 3676 gewohnt.
1058 3614 1120 3674 Die
1144 3613 1267 3673 Schau¬

139 3673 274 3733 spielerin
309 3673 377 3733 war
411 3673 445 3733 an
485 3669 700 3729 verschiedenen
740 3665 887 3725 Berliner
921 3662 1045 3722 Bühnen
1086 3661 1164 3721 tätig
1205 3658 1261 3718 und

140 3720 281 3780 heiratete
304 3718 467 3778 schließlich
495 3717 579 3777 einen
608 3715 755 3775 Berliner
784 3711 1070 3771 Theaterdirektor.
1105 3706 1172 3766 Die
1195 3706 1262 3766 Ehe

133 3768 233 3828 endete
265 3766 333 3826 nach
366 3764 476 3824 kurzer
503 3762 614 3822 Dauer
646 3758 703 3818 mit
731 3758 783 3818 dem
826 3756 1016 3816 finanziellen
1059 3751 1259 3811 Zusammen¬

140 3813 220 3873 bruch
247 3813 295 3873 des
323 3811 478 3871 Mannes,
495 3810 543 3870 der
565 3807 613 3867 ins
641 3806 780 3866 Ausland
808 3804 877 3864 ging
904 3804 958 3864 und
985 3801 1065 3861 Frau
1093 3799 1152 3859 und
1179 3798 1254 3858 Kind

133 3859 319 3919 zurückließ.
343 3860 405 3920 Die
434 3858 518 3918 Frau
553 3858 627 3918 ging
661 3852 768 3912 wieder
803 3851 848 3911 zur
883 3850 1024 3910 Bühne;
1048 3846 1087 3906 sie
1122 3845 1183 3905 war
1212 3843 1263 3903 in¬

138 3906 263 3966 zwischen
296 3906 366 3966 grau
399 3905 550 3965 geworden
578 3903 637 3963 und
665 3900 730 3960 man
757 3898 806 3958 sah
833 3899 871 3959 sie
893 3897 958 3957 jetzt
980 3895 1001 3955 in
1029 3893 1267 3953 Mütterrollen.

155 3952 255 4012 Zuletzt
279 3953 331 4013 hat
356 3953 396 4013 sie
426 3950 449 4010 in
479 3947 632 4007 München
662 3944 803 4004 gespielt.
827 3943 909 4003 Dort
933 3942 968 4002 ist
998 3940 1033 4000 sie
1063 3938 1115 3998 vor
1139 3938 1256 3998 einigen

142 3998 249 4058 Jahren
283 3998 458 4058 gestorben.
481 3995 639 4055 Während
674 3992 752 4052 aller
781 3991 860 4051 ihrer
889 3988 1104 4048 wechselvollen
1144 3984 1262 4044 Schick¬

145 4044 202 4104 sale
232 4043 294 4103 war
324 4046 439 4106 Arthur
469 4043 636 4103 Schnitzler
672 4040 728 4100 mit
752 4037 804 4097 ihr
834 4037 856 4097 in
891 4034 1117 4094 Verbindung.
1140 4031 1186 4091 An
1221 4029 1267 4089 die

142 4091 251 4151 Jahre,
269 4092 316 4152 die
334 4091 374 4151 sie
397 4091 455 4151 mit
473 4090 519 4150 ihm
560 4088 711 4148 verbracht
735 4085 833 4145 hatte,
851 4082 949 4142 dachte
973 4083 1007 4143 sie
1031 4080 1130 4140 zurück
1159 4078 1205 4138 als
1229 4075 1257 4135 an

139 4135 180 4195 die
210 4138 351 4198 schönsten
399 4137 481 4197 ihres
529 4135 664 4195 Lebens.
694 4129 758 4189 Sie
795 4129 882 4189 selbst
919 4127 995 4187 hielt
1031 4126 1083 4186 sich
1125 4126 1178 4186 für
1220 4124 1260 4184 die

1437 310 1595 370 Neue
1640 309 1798 369 Freie
1842 309 2044 369 Presse

2122 401 2205 461 wenn
2240 403 2309 463 man
2345 401 2431 461 den.

1383 404 1612 464 Erinnerungen
1650 404 1681 464 an
1719 404 1836 464 Arthur
1868 403 2028 463 Schnitzler
2055 397 2070 457 -

1288 448 1365 508 Blick
1404 453 1459 513 auf
1493 452 1542 512 die
1576 452 1659 512 ach!
1676 453 1703 513 so
1737 453 1820 513 ferne
1860 452 2109 512 Vergangenheit
2143 449 2258 509 richtet,
2292 450 2397 510 steigen

1291 500 1323 560 sie
1352 500 1379 560 in
1413 500 1500 560 Fülle
1529 500 1601 560 auf.
1623 500 1683 560 Die
1712 500 1933 560 gemeinsamen
1973 498 2094 558 Reisen.
2117 497 2166 557 Ich
2200 500 2282 560 hatte
2311 497 2399 557 Wien

1290 546 1426 606 verlassen
1464 546 1522 606 und
1554 548 1628 608 lebte
1655 548 1680 608 in
1713 547 1807 607 Paris
1834 545 1881 605 als
1914 546 2161 606 Korrespondent
2183 546 2236 606 der
2263 544 2405 604 „Frank¬

1294 591 1382 651 furter
1415 595 1591 655 Zeitung,
1614 593 1686 653 aber
1714 592 1763 652 den
1802 593 1918 653 Urlaub
1952 592 2117 652 verbrachte
2162 592 2194 652 ich
2239 590 2399 650 jahrelang

1290 640 1342 700 mit
1370 640 1416 700 den
1449 640 1575 700 Wiener
1602 640 1786 700 Freunden.
1808 640 1855 700 Da
1887 640 1982 700 waren
2014 637 2109 697 schöne
2136 637 2394 697 Sommerwochen

1296 688 1317 748 in
1345 688 1448 748 Ischl.
1465 688 1535 748 Und
1563 688 1595 748 es
1623 688 1677 748 gab
1705 688 1824 748 allerlei
1852 687 2003 747 Lustiges.
2026 685 2156 745 Jemand
2190 685 2254 745 will
2277 684 2319 744 ein
2353 680 2417 740 ver¬

1291 735 1391 795 liebtes
1426 734 1550 794 Gedicht
1579 736 1708 796 vorlesen
1743 735 1798 795 und
1833 733 2018 793 deklamiert
2048 733 2210 793 gefühlvoll
2240 730 2290 790 den
2324 727 2408 787 Titel

1297 780 1476 840 „Enzian".
1500 780 1563 840 Und
1598 780 1713 840 Arthur
1743 780 1910 840 Schnitzter
1934 779 2026 839 platzt
2056 778 2194 838 heraus:
2224 777 2322 837 „Aber
2351 774 2403 834 das

1297 828 1325 888 ist
1349 829 1377 889 ja
1407 828 1446 888 ein
1483 827 1679 887 Schnaps!“
1709 825 1777 885 Und
1807 826 2079 886 Beer=Hofmanns
2114 822 2287 882 Foxterrier
2317 822 2415 882 Flirt,

1297 873 1343 933 der
1372 873 1556 933 vergeistigte
1586 875 1701 935 Hund,
1724 873 1770 933 dem
1817 873 1874 933 sein
1903 873 1983 933 Herr
2013 873 2197 933 beigebracht
2227 869 2324 929 hatte,
2348 867 2399 927 daß

1289 921 1318 981 er
1349 921 1402 981 auf
1427 921 1475 981 die
1505 922 1631 982 Frage:
1656 922 1776 982 „Flirt,
1801 921 1860 981 was
1897 921 1969 981 sagst
1999 918 2041 978 Du
2078 919 2131 979 zum
2174 915 2300 975 Leben?

1293 966 1477 1026 niedersetzte
1509 967 1561 1027 und
1594 966 1641 1026 die
1668 967 1831 1027 Schnauze
1858 967 1884 1027 zu
1916 965 2000 1025 einem
2043 962 2142 1022 weiten
2181 962 2306 1022 Gähnen
2344 956 2412 1016 auf¬

1293 1013 1350 1073 tat,
1372 1013 1430 1073 das
1457 1013 1504 1073 von
1536 1013 1741 1073 Winseltönen
1774 1013 1911 1073 begleitet
1933 1012 2011 1072 war.
2028 1010 2112 1070 Oder
2133 1008 2407 1068 Veer=Hofmanns

1299 1061 1504 1121 Telegramm,
1531 1061 1582 1121 der
1608 1061 1675 1121 nach
1711 1061 1861 1121 München
1897 1058 2155 1118 vorausgefahren
2192 1055 2284 1115 war:
2311 1053 2408 1113 „Sitze

1294 1108 1409 1168 besorgt
1438 1108 1532 1168 Hotel
1555 1106 1793 1166 Continental.“
1821 1106 1882 1166 Die
1910 1105 2048 1165 Freunde
2077 1103 2192 1163 fragten
2226 1099 2309 1159 sich:
2337 1097 2409 1157 Was

1297 1152 1329 1212 ist
1358 1151 1390 1211 da
1429 1156 1617 1216 geschehen?
1651 1153 1772 1213 Warum
1823 1150 1883 1210 sitzt
1917 1149 2182 1209 Beer==Hofmann
2222 1147 2337 1207 besorgt
2371 1145 2392 1205 im

1303 1198 1385 1258 Hotel
1415 1201 1674 1261 Continental?,
1699 1200 1739 1260 bis
1770 1200 1817 1260 ein
1853 1198 2077 1258 scharfsinniger
2113 1196 2195 1256 Kopf
2219 1192 2278 1252 das
2308 1191 2413 1251 rätsel¬

1297 1248 1375 1308 hafte
1404 1249 1584 1309 Telegramm
1630 1246 1776 1306 deutete:
1800 1246 1884 1306 „Die
1913 1243 1991 1303 Sitze
2020 1242 2065 1302 für
2093 1242 2149 1302 das
2178 1240 2313 1300 Theater
2342 1238 2409 1298 habe

1294 1296 1333 1356 ich
1356 1296 1474 1356 besorgt
1515 1294 1571 1354 und
1600 1294 1644 1354 ihr
1667 1292 1769 1352 findet
1792 1291 1860 1351 mich
1894 1291 1916 1351 im
1956 1289 2047 1349 Hotel
2070 1286 2307 1346 Continental.“
2336 1284 2415 1344 Eine

1299 1342 1515 1402 Sommerreise
1547 1341 1659 1401 begann
1696 1340 1753 1400 mit
1779 1336 1861 1396 einer
1892 1336 2222 1396 Gebirgswanderung
2264 1331 2289 1391 in
2336 1326 2418 1386 Vor¬

1294 1387 1412 1447 arlberg
1452 1386 1508 1446 und
1544 1386 1645 1446 führte
1679 1385 1730 1445 ins
1765 1384 1934 1444 Engadin.
1963 1380 2065 1440 Alfred
2100 1379 2213 1439 Kerr
2253 1377 2332 1437 hatte
2367 1377 2411 1437 sich

1297 1433 1544 1493 angeschlossen;
1567 1431 1600 1491 er
1628 1431 1666 1491 ist
1694 1429 1743 1489 der
1771 1428 1991 1488 Freundschaft
2020 1426 2074 1486 treu
2114 1425 2284 1485 geblieben,
2312 1422 2356 1482 die
2384 1420 2411 1480 er

1300 1481 1350 1541 auf
1373 1480 1463 1540 dieser
1492 1479 1576 1539 Reise
1605 1477 1661 1537 mit
1679 1476 1848 1536 Schnitzler
1877 1475 1927 1535 und
1962 1473 2205 1533 Beer=Hofmann
2240 1469 2409 1529 geschlossen

1300 1527 1378 1587 hat;
1401 1527 1429 1587 in
1463 1527 1513 1587 dem
1554 1525 1763 1585 ergreifenden
1797 1523 1949 1583 Nachruf,
1972 1521 2017 1581 den
2052 1521 2079 1581 er
2108 1519 2226 1579 Arthur
2250 1517 2418 1577 Schnitzler

1301 1574 1360 1634 setzt
1387 1571 1549 1631 gewidmet
1577 1571 1647 1631 hat,
1674 1569 1772 1629 nennt
1799 1568 1831 1628 er
1859 1569 1907 1629 ihn
1945 1566 2048 1626 „einen
2086 1567 2221 1627 adeligen
2260 1562 2400 1622 Freund"

1307 1619 1477 1679 Zusammen
1518 1619 1578 1679 mit
1606 1617 1727 1677 Arthur
1756 1616 1927 1676 Schnitzler
1961 1613 2071 1673 machte
2099 1613 2137 1673 ich
2171 1613 2226 1673 vom
2271 1609 2414 1669 Engadin

1299 1665 1355 1725 aus
1386 1665 1432 1725 die
1464 1665 1669 1725 wundervolle
1701 1664 1803 1724 Fahrt
1835 1661 1907 1721 über
1938 1660 1989 1720 den
2026 1658 2221 1718 Berninapaß
2263 1655 2319 1715 und
2356 1652 2412 1712 das

1300 1712 1474 1772 Stilfserjoch
1510 1712 1579 1772 nach
1609 1712 1719 1772 Tirol.
1743 1709 1819 1769 Man
1854 1707 1923 1767 fuhr
1954 1706 1976 1766 im
2018 1706 2134 1766 Wagen
2175 1706 2227 1766 und
2263 1703 2326 1763 war
2356 1700 2425 1760 drei

1300 1759 1382 1819 Tage
1410 1759 1603 1819 unterwegs.
1626 1756 1686 1816 Auf
1709 1754 1758 1814 dem
1798 1753 1996 1813 Berninapaß
2030 1752 2151 1812 standen
2185 1750 2207 1810 in
2235 1749 2317 1809 einer
2345 1744 2422 1804 Tor¬

1303 1808 1429 1868 einfahrt
1453 1807 1528 1867 zwei
1546 1804 1650 1864 blinde
1674 1801 1893 1861 Musikanten.
1911 1801 1945 1861 In
1981 1800 2056 1860 einer
2079 1798 2206 1858 Novelle
2230 1797 2282 1857 hat
2306 1795 2421 1855 Arthur

1294 1855 1454 1915 Schnitzler
1491 1853 1550 1913 ihre
1586 1849 1860 1909 Lebensschicksale
1890 1847 2020 1907 erzählt,
2044 1845 2104 1905 wie
2134 1844 2163 1904 er
2194 1843 2228 1903 sie
2260 1843 2312 1903 sich
2343 1839 2425 1899 aus¬

1300 1900 1423 1960 gedacht
1459 1898 1559 1958 hatte.
1583 1897 1679 1957 Dann
1713 1895 1763 1955 die
1799 1894 2041 1954 unvergeßlichen
2081 1890 2211 1950 Wochen
2246 1888 2274 1948 in
2314 1885 2426 1945 Däne¬

1303 1947 1418 2007 mark!
1453 1943 1643 2003 Schnitzler,
1678 1941 1954 2001 Beer=Hofmann,
1978 1939 2052 1999 seine
2082 1938 2179 1998 schöne
2209 1936 2300 1996 junge
2330 1933 2410 1993 Frau

1302 1993 1356 2053 und
1389 1992 1426 2052 ich
1459 1992 1599 2052 wohnten
1638 1989 1664 2049 in
1698 1987 1903 2047 Skodsborg,
1941 1985 2022 2045 einem
2077 1983 2130 2043 der
2169 1981 2331 2041 Seebäder
2369 1979 2406 2039 am

1300 2039 1473 2099 Oeresund.
1496 2039 1542 2099 In
1583 2036 1784 2096 Kopenhagen
1837 2034 1940 2094 wurde
1981 2031 2079 2091 Peter
2120 2030 2298 2090 Nansen
2351 2024 2425 2084 auf¬

1300 2088 1429 2148 gesucht,
1459 2085 1512 2145 der
1542 2084 1571 2144 in
1607 2082 1700 2142 seinen
1742 2082 1895 2142 Büchern,
1919 2079 1965 2139 die
1996 2079 2060 2139 man
2096 2075 2225 2135 damals
2255 2073 2313 2133 mit
2343 2069 2425 2129 Ent¬

1300 2134 1398 2194 zücken
1438 2133 1503 2193 las,
1531 2130 1558 2190 in
1593 2130 1680 2190 einem
1725 2127 1818 2187 neuen
1858 2127 1946 2187 Ton,
1969 2124 2029 2184 mit
2057 2123 2139 2183 einer
2174 2121 2261 2181 neuen
2301 2118 2422 2178 Anmut

1303 2182 1349 2242 von
1384 2178 1429 2238 der
1453 2177 1539 2237 Liebe
1563 2175 1695 2235 erzählte
1730 2172 1741 2232 —
1794 2173 1862 2233 auch
1886 2174 1914 2234 er
1938 2174 1972 2234 ist
1996 2171 2070 2231 schon
2100 2171 2151 2231 vor
2169 2168 2284 2228 Jahren
2313 2165 2422 2225 dahin¬

1301 2226 1451 2286 gegangen
1493 2221 1510 2281 —
1574 2223 1631 2283 und
1667 2222 1771 2282 Georg
1806 2220 2038 2280 Brandes,
2062 2216 2136 2276 der,
2160 2216 2218 2276 wie
2247 2213 2281 2273 er
2311 2212 2339 2272 ja
2375 2211 2426 2271 die

1303 2272 1493 2332 Literaturen
1528 2270 1602 2330 aller
1632 2270 1752 2330 Länder
1788 2267 1948 2327 umfaßte,
1984 2262 2029 2322 die
2065 2261 2173 2321 Werke
2215 2261 2266 2321 der
2301 2258 2416 2318 jungen

1303 2318 1426 2378 Wiener
1449 2319 1573 2379 Dichter
1596 2318 1714 2378 kannte
1737 2313 1793 2373 und
1822 2314 1860 2374 sie
1884 2312 1939 2372 nun
1974 2310 2013 2370 als
2042 2309 2199 2369 Menschen
2228 2306 2413 2366 liebgewann

1367 2364 1465 2424 Georg
1489 2365 1656 2425 Brandes,
1674 2362 1697 2422 im
1739 2359 1888 2419 Gespräch
1913 2358 1993 2418 nicht
2017 2356 2150 2416 weniger
2174 2353 2336 2413 bedeutend
2377 2350 2428 2410 als

1304 2413 1333 2473 in
1370 2412 1459 2472 seinen
1496 2411 1621 2471 Werken
1664 2407 1718 2467 und
1755 2406 1778 2466 so
1815 2404 1934 2464 herrlich
1965 2404 2134 2464 amlisant,
2152 2399 2236 2459 wenn
2272 2400 2320 2460 er,
2351 2395 2428 2455 nicht

1303 2458 1377 2518 ohne
1418 2458 1522 2518 einige
1563 2455 1718 2515 Bosheit,
1755 2452 1962 2512 Persönliches
2009 2449 2060 2509 von
2113 2449 2158 2509 all
2200 2446 2251 2506 den
2310 2444 2419 2504 großen

1305 2504 1459 2564 Männern
1487 2504 1514 2564 in
1542 2501 1780 2561 Skandinavien
1814 2500 1869 2560 und
1897 2500 1919 2560 in
1947 2497 2024 2557 ganz
2046 2494 2168 2554 Europa
2196 2492 2367 2552 berichtete,
2384 2492 2428 2552 die

1303 2550 1336 2610 er
1358 2550 1474 2610 kannte
1496 2550 1567 2610 oder
1590 2548 1728 2608 gekannt
1750 2544 1849 2604 hatte.
1866 2544 1970 2604 Dieser
1999 2541 2142 2601 Sommer
2170 2541 2197 2601 in
2225 2537 2429 2597 Dänemark,

1306 2598 1381 2658 wenn
1420 2597 1468 2657 die
1501 2595 1608 2655 Bilder
1641 2594 1695 2654 aus
1733 2592 1781 2652 der
1814 2590 2008 2650 Erinnerung
2046 2589 2229 2649 aufsteigen,
2257 2585 2348 2645 stehen
2387 2584 2424 2644 sie

1306 2643 1333 2703 in
1366 2643 1441 2703 einem
1490 2641 1646 2701 besonders
1680 2639 1766 2699 hellen
1804 2639 1901 2699 Lichte
1929 2637 1982 2697 da.
2004 2637 2075 2697 Und
2108 2634 2221 2694 gelacht
2248 2632 2339 2692 haben
2373 2631 2431 2691 wir

1301 2691 1441 2751 damals,
1464 2690 1517 2750 wie
1539 2688 1691 2748 vielleicht
1714 2685 1843 2745 niemals
1872 2683 1979 2743 wieder
2007 2682 2033 2742 im
2072 2680 2191 2740 Leben.
2208 2679 2251 2739 Es
2279 2679 2332 2739 gab
2360 2676 2430 2736 aber

1306 2735 1373 2795 auch
1402 2737 1503 2797 höchst
1527 2734 1668 2794 komische
1697 2732 1889 2792 Ereignisse.
1913 2729 1975 2789 Hat
2004 2727 2065 2787 man
2106 2727 2133 2787 je
2162 2727 2213 2787 von
2247 2725 2332 2785 einer
2361 2722 2434 2782 bös¬

1303 2783 1418 2843 artigen
1453 2782 1522 2842 Uhr
1546 2780 1684 2840 gehört?
1726 2777 1783 2837 Sie
1812 2777 1922 2837 befand
1957 2776 2002 2836 sich
2032 2774 2060 2834 in
2096 2774 2211 2834 Arthur
2240 2770 2425 2830 Schnitzlers

1310 2831 1430 2891 Tasche.
1453 2827 1546 2887 Eines
1580 2825 1706 2885 Abends
1740 2825 1861 2885 spielten
1895 2824 1949 2884 wir
1983 2822 2121 2882 Domino
2160 2819 2220 2879 und
2265 2816 2435 2876 jedesmal,

1306 2876 1386 2936 wenn
1416 2876 1584 2936 Schnitzler
1602 2873 1660 2933 auf
1678 2873 1724 2933 die
1748 2873 1811 2933 Uhr
1835 2872 1904 2932 sah,
1922 2870 1992 2930 fuhr
2010 2870 2038 2930 er
2062 2867 2120 2927 mit
2144 2867 2189 2927 der
2213 2865 2300 2925 Hand
2330 2862 2428 2922 zurück

1363 2921 1418 2981 die
1440 2923 1506 2983 Uhr
1529 2921 1606 2981 hatte
1635 2921 1678 2981 ihn
1706 2918 1877 2978 gestochen.
1895 2918 1950 2978 Ein
1978 2915 2221 2975 Kopenhagener
2244 2911 2431 2971 Uhrmacher

1312 2965 1355 3025 hat
1384 2968 1460 3028 dann
1500 2968 1544 3028 die
1572 2966 1638 3026 Uhr
1666 2965 1832 3025 repariert,
1871 2963 1925 3023 und
1970 2962 2003 3022 sie
2043 2962 2147 3022 wurde
2186 2959 2324 3019 friedlich
2369 2956 2424 3016 und

1313 3016 1484 3076 moffensiv.
1512 3013 1589 3073 Aber
1617 3013 1655 3073 an
1689 3010 1771 3070 jenem
1817 3008 1921 3068 Abend
1956 3009 2021 3069 war
2049 3007 2082 3067 es
2116 3007 2143 3067 so
2172 3009 2321 3069 komisch,
2343 3004 2426 3064 wenn

1310 3061 1425 3121 Arthur
1454 3057 1622 3117 Schnitzler
1652 3058 1698 3118 von
1733 3057 1825 3117 seiner
1855 3055 1918 3115 Uhr
1947 3055 2086 3115 gestochen
2122 3052 2254 3112 wurde!
2272 3049 2428 3109 Niemand

1309 3108 1360 3168 hat
1390 3107 1470 3167 mehr
1500 3106 1626 3166 darüber
1655 3103 1776 3163 gelacht
1811 3103 1857 3163 als
1892 3100 1920 3160 er
1944 3100 2047 3160 selbst.
2071 3099 2116 3159 Er
2146 3097 2232 3157 lachte
2261 3095 2330 3155 gern
2365 3093 2422 3153 und

1314 3154 1398 3214 hatte
1420 3153 1455 3213 ein
1484 3153 1512 3213 so
1534 3153 1590 3213 aus
1612 3153 1654 3213 dem
1697 3150 1803 3210 Herzen
1832 3147 2044 3207 kommendes,
2066 3147 2087 3207 so
2116 3144 2278 3204 kindliches
2301 3141 2428 3201 Lachen.

1403 3225 1478 3285 Man
1511 3225 1580 3285 wird
1619 3225 1661 3285 ihn
1694 3224 1742 3284 nie
1770 3222 1877 3282 wieder
1905 3222 1996 3282 lachen
2034 3219 2120 3279 hören
2164 3217 2223 3277 und
2256 3216 2320 3276 man
2353 3216 2422 3276 wird

1315 3273 1354 3333 ihm
1399 3274 1444 3334 nie
1473 3273 1579 3333 wieder
1608 3273 1630 3333 in
1665 3271 1709 3331 die
1738 3270 1845 3330 Augen
1874 3270 1975 3330 sehen,
1998 3267 2076 3327 deren
2111 3267 2189 3327 Blick
2224 3264 2246 3324 im
2291 3262 2375 3322 Alter
2404 3259 2426 3319 so

1307 3321 1366 3381 hell
1388 3321 1442 3381 und
1469 3321 1539 3381 klar
1561 3321 1626 3381 war
1659 3318 1713 3378 wie
1741 3318 1762 3378 in
1795 3318 1843 3378 der
1865 3316 2005 3376 Jugend.
2028 3315 2147 3375 Warum
2185 3311 2288 3371 mußte
2315 3309 2428 3369 Arthur

1315 3368 1476 3428 Schnitzler
1507 3365 1585 3425 schon
1622 3365 1688 3425 jetzt
1718 3362 1869 3422 sterben?
1900 3362 2026 3422 Gewiß,
2051 3360 2086 3420 er
2117 3359 2152 3419 ist
2183 3359 2225 3419 69
2262 3356 2358 3416 Jahre
2389 3354 2436 3414 alt

1312 3415 1481 3475 geworden,
1508 3413 1572 3473 doch
1609 3412 1640 3472 er
1673 3410 1741 3470 war
1774 3410 1800 3470 in
1843 3408 1932 3468 voller
1965 3404 2236 3464 Schaffenskraft,
2268 3401 2331 3461 war
2363 3401 2432 3461 noch

1307 3461 1395 3521 lange
1429 3461 1506 3521 nicht
1534 3459 1595 3519 reif
1624 3458 1673 3518 für
1701 3457 1751 3517 den
1790 3455 1873 3515 Tod.
1896 3453 1940 3513 Es
1974 3454 2012 3514 ist
2040 3452 2117 3512 alles
2151 3452 2179 3512 so
2207 3447 2356 3507 sinnlos:
2385 3447 2428 3507 ein

1313 3508 1428 3568 kleines
1462 3506 1560 3566 Gefäß
1594 3504 1687 3564 platzt
1721 3503 1743 3563 im
1787 3503 1903 3563 Gehirn
1953 3500 2008 3560 und
2052 3497 2096 3557 ein
2146 3495 2228 3555 edler
2268 3494 2355 3554 Geist
2395 3494 2433 3554 ist

1312 3553 1442 3613 zerstört.
1464 3550 1583 3610 Arthur
1610 3548 1778 3608 Schnitzler
1806 3547 1887 3607 hatte
1920 3547 1984 3607 noch
2012 3544 2077 3604 viel
2104 3544 2131 3604 zu
2164 3541 2272 3601 sagen.
2294 3540 2413 3600 Warum

1312 3600 1409 3660 durfte
1436 3598 1463 3658 er
1490 3598 1571 3658 nicht
1599 3596 1674 3656 älter
1702 3595 1858 3655 werden?
1880 3595 1928 3655 In
1956 3592 2058 3652 Berlin
2097 3591 2134 3651 ist
2156 3589 2248 3649 dieser
2276 3588 2361 3648 Tage
2389 3586 2426 3646 ein

1314 3646 1389 3706 alter
1417 3646 1600 3706 Journalist
1628 3643 1773 3703 begraben
1812 3640 1952 3700 worden,
1979 3639 2027 3699 der
2061 3636 2108 3696 die
2136 3634 2276 3694 Neunzig
2309 3632 2438 3692 erreicht

1316 3694 1380 3754 hat.
1402 3694 1461 3754 Als
1494 3691 1558 3751 man
1591 3690 1644 3750 sein
1677 3688 1860 3748 Testament
1882 3687 2044 3747 eröffnete,
2066 3682 2135 3742 fand
2168 3682 2232 3742 man
2271 3680 2421 3740 darunter

1313 3741 1369 3801 mit
1398 3738 1533 3798 zittriger
1568 3735 1777 3795 Greisenhand
1811 3732 2015 3792 geschrieben,
2043 3729 2088 3789 die
2123 3726 2258 3786 Worte:
2287 3726 2348 3786 „Es
2383 3724 2439 3784 hat

1315 3791 1360 3851 sich
1394 3786 1473 3846 nicht
1496 3783 1631 3843 gelohnt.
1671 3781 1721 3841 Ob
1745 3780 1801 3840 das
1830 3780 1897 3840 auch
1926 3777 2044 3837 Arthur
2073 3775 2253 3835 Schnitzlers
2282 3771 2428 3831 Meinung

1321 3834 1436 3894 gewesen
1470 3831 1586 3891 wäre?
1609 3829 1652 3889 Er
1675 3828 1741 3888 war
1763 3825 2023 3885 Melancholiker,
2041 3822 2228 3882 Skeptiker,
2246 3820 2328 3880 hatte
2356 3817 2438 3877 keine

1313 3879 1511 3939 Illusionen,
1534 3877 1622 3937 allein
1661 3876 1699 3936 ein
1738 3873 1899 3933 Pessimist
1927 3870 1987 3930 war
2016 3870 2048 3930 er
2077 3869 2175 3929 nicht.
2198 3869 2242 3929 Er
2276 3866 2336 3926 war
2370 3864 2419 3924 dem

1320 3924 1406 3984 Leben
1434 3923 1514 3983 ganz
1537 3923 1595 3983 und
1623 3922 1676 3982 gar
1705 3920 1780 3980 nicht
1807 3917 1991 3977 abgewandt
2013 3915 2072 3975 und
2100 3915 2164 3975 war
2192 3915 2256 3975 gern
2289 3912 2332 3972 ein
2360 3912 2440 3972 Gast

1315 3971 1407 4031 dieser
1431 3971 1528 4031 Erde,
1552 3968 1597 4028 die
1627 3968 1655 4028 so
1685 3965 1765 4025 schön
1800 3966 1840 4026 ist
1864 3965 1938 4025 trotz
1962 3962 2106 4022 allcdem.
2130 3959 2250 4019 Könnte
2280 3959 2349 4019 man
2384 3957 2429 4017 ihn

1334 4019 1440 4079 ragen,
1458 4016 1485 4076 er
1508 4016 1610 4076 würde
1633 4013 1780 4073 vielleicht
1803 4010 2000 4070 antworten:
2023 4009 2085 4069 „Es
2114 4007 2175 4067 war
2198 4006 2243 4066 oft
2261 4004 2350 4064 bitter
2374 4004 2429 4064 und

1325 4064 1513 4124 schmerzlich,
1541 4064 1605 4124 aber
1632 4061 1756 4121 gelohnt
1783 4061 1834 4121 hat
1861 4061 1893 4121 es
1920 4058 1972 4118 sich
2005 4055 2102 4115 schon.

2467 950 2547 1010 .....
2671 948 2792 1008 Duruoo
2834 945 2941 1005 attéy,
2970 945 3166 1005 Montevweo
3200 942 3260 1002 dno

2464 996 2631 1056 geschaltet.
2655 992 2931 1052 Zeitungsartikel
2955 989 3024 1049 über
3053 989 3110 1049 und
3140 987 3284 1047 Lichtbild

2461 1043 2532 1103 Orth
2566 1040 2671 1100 kamen
2705 1039 2910 1099 ungezählten
2944 1037 3099 1097 Menschen
3133 1035 3182 1095 zur
3216 1037 3271 1097 Ken

2464 1088 2658 1148 Illustration
2691 1087 2756 1147 mag
2784 1083 2810 1143 es
2838 1083 2962 1143 dienen,
2979 1085 3032 1145 daß
3065 1083 3108 1143 der
3130 1082 3265 1142 Kurator

2464 1136 2576 1196 Hofrat
2606 1133 2671 1193 Dr.
2695 1133 2730 1193 v.
2754 1130 2919 1190 Teltscher,
2949 1130 3032 1190 allein
3074 1130 3286 1190 siebenundsech

2462 1180 2691 1240 ausländischer
2721 1177 3003 1237 Zeitungsblätter,
3027 1175 3067 1235 die
3090 1176 3136 1236 sich
3160 1176 3216 1236 mit
3234 1176 3280 1236 den

2469 1225 2555 1285 seiner
2585 1225 2892 1285 Seeverschollenheit
2933 1222 3094 1282 befaßten,
3124 1222 3175 1282 dem
3228 1222 3291 1282 Ob¬

2462 1273 2539 1333 amte
2567 1273 2717 1333 vorlegte.
2740 1270 2839 1330 Wohl
2862 1270 3000 1330 meldeten
3034 1270 3083 1330 sich
3112 1268 3217 1328 Leute,
3245 1266 3283 1326 die

2472 1321 2564 1381 herzog
2593 1319 2702 1379 Kunde
2730 1318 2818 1378 geben
2846 1318 2873 1378 zu
2907 1316 3022 1376 können
3055 1315 3214 1375 vorgaben.
3237 1314 3286 1374 Di

2463 1368 2518 1428 daß
2564 1365 2615 1425 er,
2650 1364 2706 1424 wie
2746 1362 2898 1422 Frospero
2939 1361 2967 1421 in
3013 1362 3245 1422 Shakespeares

2464 1413 2630 1473 wildem
2672 1410 2844 1470 Eiland
2880 1410 3046 1470 hauste.
3071 1407 3117 1467 Zu
3147 1407 3289 1467 derselber

2465 1463 2511 1523 ihn
2540 1460 2655 1520 andere
2679 1458 2701 1518 in
2737 1458 2782 1518 der
2806 1455 3002 1515 Pariser
3026 1456 3199 1516 Großen
3228 1455 3245 1515 O

2469 1507 2575 1567 andere
2611 1506 2639 1566 in
2676 1506 2840 1566 Kairo.
2864 1503 2946 1563 Eine
2976 1503 3070 1563 Fülle
3100 1501 3211 1561 ernster
3242 1500 3276 1560 un

2477 1553 2703 1613 Zwischenfälle
2723 1550 2796 1610 blieb
2822 1550 2889 1610 auch
2914 1550 2968 1610 auf
2988 1547 3074 1607 diesem
3111 1547 3234 1607 Gebiete
3253 1547 3283 1607 ni

2470 1601 2534 1661 noch
2570 1601 2623 1661 vor
2653 1598 2783 1658 wenigen
2819 1598 2937 1658 Jahren
2973 1595 3031 1655 aus
3062 1596 3214 1656 Aegypten

2466 1648 2622 1708 Anschrift
2665 1645 2804 1705 „Neffe"
2853 1642 2888 1702 an
2938 1642 2991 1702 den
3040 1643 3209 1703 Erzherzog

2470 1694 2529 1754 Als
2559 1694 2611 1754 das
2647 1692 2812 1752 Schreiben
2848 1689 3095 1749 unbeantwortet
3125 1688 3218 1748 blieb,
3243 1685 3289 1745 fol

2474 1742 2515 1802 Da
2546 1740 2726 1800 antwortete
2752 1739 2787 1799 ich
2818 1739 2859 1799 dem
2902 1739 2986 1799 guten
3018 1736 3180 1796 „Onkel",
3198 1735 3270 1795 seine

2474 1787 2623 1847 gelangt;
2648 1786 2696 1846 ihr
2721 1786 2841 1846 Inhalt
2872 1783 2914 1843 sei
2939 1783 3004 1843 aber
3035 1782 3089 1842 mit
3114 1780 3162 1840 den
3192 1780 3270 1840 tatsä

2470 1835 2557 1895 nissen
2597 1834 2824 1894 unvereinbar.
2841 1831 2912 1891 Vor
2940 1831 3012 1891 allem
3057 1829 3129 1889 seien
3162 1828 3222 1888 wir
3251 1828 3283 1888 an

2471 1885 2519 1945 daß
2575 1883 2624 1943 die
2675 1879 2859 1939 Schrift
2903 1877 2976 1937 des
3026 1877 3174 1937 Herrn
3224 1876 3279 1936 Jo

2635 1927 2676 1987 so
2744 1927 2907 1987 vielen
2981 1927 3163 1987 Jahren

2470 1932 2567 1992 nach

2474 1977 2719 2037 kräftiger
2776 1973 2812 2033 ge
2837 1973 3015 2033 worden
3077 1971 3132 2031 sei.
3176 1969 3249 2029 Nur

2474 2024 2521 2084 den
2552 2022 2769 2082 vorhandenen
2799 2019 2890 2079 echten
2921 2019 3131 2079 Schriftzügen
3156 2016 3282 2076 durchau

2470 2073 2573 2133 wurde
2598 2070 2626 2130 es
2656 2070 2731 2130 still.
2749 2068 2812 2128 Der
2836 2067 2928 2127 Oheim
2970 2065 3068 2125 verlor
3092 2064 3143 2124 das
3167 2062 3277 2122 Intere

2480 2118 2654 2178 gehörigen.
2679 2115 2733 2175 Ein
2764 2115 2848 2175 Herr
2873 2115 2975 2175 Baron
3006 2112 3036 2172 de
3061 2112 3121 2172 Ott
3146 2109 3278 2169 befindet

2478 2167 2584 2227 großen
2619 2164 2720 2224 Schar
2749 2162 2799 2222 der
2828 2159 3014 2219 Anmelder.
3032 2159 3139 2219 Weder
3168 2157 3213 2217 als
3241 2155 3286 2215 Er

2474 2212 2557 2272 einer
2582 2211 2678 2271 seiner
2703 2209 2877 2269 Begleiter.
2902 2207 2979 2267 Was
3004 2206 3184 2266 veranlaßte
3209 2204 3257 2264 ihn

2476 2260 2745 2320 unergründlichen
2782 2255 2992 2315 Schweigen?

2565 2333 2632 2393 Die
2667 2333 2863 2393 dichleibigen
2898 2330 3136 2390 Aktenfaszikel
3162 2327 3213 2387 des
3239 2325 3289 2385 Ol

2477 2382 2570 2442 amtes
2603 2380 2690 2440 geben
2728 2380 2772 2440 die
2798 2377 2960 2437 Antwort.
2986 2377 3048 2437 Ihr
3068 2374 3187 2434 Inhalt
3213 2374 3268 2434 kan

2472 2430 2561 2490 weise
2589 2428 2643 2488 nur
2672 2425 2775 2485 knapp
2810 2425 3044 2485 wiedergegeben
3079 2422 3209 2482 werden.

2569 2503 2635 2563 Mit
2663 2503 2906 2563 Handschreiben
2947 2500 3001 2560 vom
3049 2500 3109 2560 16.
3130 2497 3271 2557 Oktober

2477 2550 2584 2610 Kaiser
2615 2550 2656 2610 die
2687 2547 3024 2607 Verzichtserklärung
3055 2546 3102 2606 des
3133 2544 3277 2604 Erzherzo

2477 2598 2560 2658 vator
2591 2598 2644 2658 auf
2676 2598 2735 2658 das
2766 2596 2881 2656 Recht,
2906 2594 2947 2654 als
2984 2593 3079 2653 Prinz
3111 2594 3159 2654 des
3189 2592 3279 2652 Kaise

2476 2646 2637 2706 angesehen
2667 2644 2724 2704 und
2754 2643 2921 2703 behandelt
2939 2643 2967 2703 zu
2997 2640 3129 2700 werden,
3147 2639 3199 2699 zur
3217 2637 3280 2697 Ken

2476 2694 2539 2754 Die
2562 2693 2730 2753 Annahme
2754 2691 2835 2751 eines
2864 2688 3066 2748 bürgerlichen
3096 2687 3235 2747 Namens
3264 2683 3298 2743 wo

2477 2741 2564 2801 lichen
2597 2740 2728 2800 Prinzen
2767 2738 2923 2798 gestattet.
2943 2736 2987 2796 Er
3013 2735 3125 2795 nannte
3151 2734 3201 2794 sich
3234 2733 3295 2793 nach

2479 2789 2556 2849 Orth
2581 2787 2616 2847 am
2653 2786 2845 2846 Gmundner
2870 2783 2929 2843 See
2948 2781 3073 2841 Johann
3104 2781 3200 2841 Orth.

2574 2861 2638 2921 Nun
2672 2861 2815 2921 widmete
2842 2860 2874 2920 er
2901 2860 2953 2920 sich
2980 2857 3032 2917 dem
3078 2855 3293 2915 Seemannsbe

2480 2911 2518 2971 ein
2557 2909 2754 2969 Segelschiff,
2781 2907 2863 2967 „St.
2889 2904 3106 2964 Margarete",
3132 2902 3196 2962 mit
3222 2903 3272 2963 dem

2483 2956 2759 3016 Mittelländischen
2796 2953 2879 3013 Meer
2910 2950 2970 3010 und
3001 2947 3217 3007 insbesondere
3248 2947 3289 3007 die

2483 3005 2547 3065 nach
2577 3004 2671 3064 Chile
2693 3001 2895 3061 unternahm.

2575 3076 2616 3136 Es
2647 3074 2718 3134 liegt
2743 3073 2784 3133 ein
2816 3070 3050 3130 eigenhändiges
3081 3067 3237 3127 Schreiben

2486 3124 2568 3184 seinen
2602 3121 2830 3181 Rechtsfreund
2853 3118 2924 3178 Dr.
2942 3116 2975 3176 v.
2992 3114 3141 3174 Haberler
3164 3112 3236 3172 vor,
3254 3112 3286 3172 da

2483 3171 2562 3231 Porto
2594 3171 2630 3231 La
2656 3168 2766 3228 Plata,
2792 3166 2847 3226 12.
2866 3163 2939 3223 Juli
2959 3162 3088 3222 1890",
3107 3161 3131 3221 in
3157 3159 3205 3219 dem
3243 3158 3273 3218 es

2486 3217 2563 3277 heute
2597 3216 2685 3276 unter
2713 3213 2824 3273 Segel,
2847 3211 2879 3271 um
2924 3210 3001 3270 rund
3030 3209 3095 3269 Kap
3124 3207 3207 3267 Horn
3241 3206 3279 3266 na

2498 3263 2611 3323 teuern.
2636 3261 2768 3321 Nächste
2799 3258 2948 3318 Adresse:
2973 3256 3099 3316 Johann
3130 3253 3226 3313 Orth,
3250 3252 3268 3312 V

2500 3314 2568 3374 joste
2592 3310 2765 3370 restante."
2806 3305 2996 3365 Vorhanden
3037 3303 3077 3363 ist
3112 3300 3181 3360 auch
3222 3297 3261 3357 ein

2482 3359 2617 3419 Tenente
2640 3356 2758 3416 Tomas
2787 3353 2939 3413 Jelenice,
2957 3350 3007 3410 der
3031 3350 3052 3410 in
3087 3350 3120 3410 La
3149 3346 3278 3406 Plataa

2488 3406 2664 3466 aufgegeben
2694 3403 2747 3463 ist.
2765 3401 2835 3461 Der
2859 3398 3018 3458 Schreiber
3049 3395 3113 3455 teilt
3137 3392 3230 3452 seiner
3255 3391 3266 3451 G

2489 3454 2506 3514 in
2537 3452 2584 3512 der
2610 3452 2693 3512 Früh
2719 3449 2778 3509 mit
2797 3448 2875 3508 Orth
2906 3446 2972 3506 nach
2997 3442 3185 3502 Valparaiso
3209 3440 3281 3500 fahr

2481 3500 2600 3560 dorthin
2639 3496 2904 3556 rekommandiert
2931 3491 2964 3551 an
2997 3491 3056 3551 das
3089 3487 3240 3547 Konsulat

2482 3547 2631 3607 bestätigt
2655 3544 2695 3604 ein
2730 3543 2892 3603 englischer
2921 3538 3059 3598 Kapitän
3094 3535 3151 3595 aus
3186 3532 3284 3592 eigene

2482 3592 2523 3652 die
2547 3592 2690 3652 Abfahrt
2715 3591 2767 3651 der
2792 3587 3017 3647 „Margarete"
3048 3586 3077 3646 am
3119 3583 3179 3643 12.
3197 3580 3273 3640 Juli

2488 3640 2636 3700 damalige
2678 3637 2897 3697 Anwesenheit
2927 3634 2979 3694 auf
3010 3631 3057 3691 dem
3105 3628 3235 3688 Schiffe.

2484 3688 2551 3748 wird
2573 3687 2660 3747 durch
2681 3685 2728 3745 die
2750 3682 2933 3742 gerichtliche
2961 3679 3178 3739 Zeugenschaft
3200 3673 3280 3733 des5

2489 3735 2568 3795 Karl
2587 3732 2692 3792 Sucich
2717 3729 2890 3789 bekundet.

2578 3804 2639 3864 Aus
2677 3806 2713 3866 La
2745 3804 2843 3864 Plata
2875 3801 2979 3861 schrieb
3017 3801 3084 3861 auch
3117 3799 3153 3859 am
3197 3796 3258 3856 12.

2488 3856 2603 3916 Stubel
2626 3852 2701 3912 ihrer
2730 3852 2868 3912 Mutter,
2887 3851 2990 3911 Marie
3014 3846 3151 3906 Schenk,
3175 3846 3238 3906 nach

2488 3903 2603 3963 Sinne.
2626 3900 2689 3960 Die
2713 3900 2817 3960 Fahrt
2841 3897 2892 3957 von
2928 3896 2967 3956 La
2997 3894 3089 3954 Plata
3125 3890 3182 3950 mit
3205 3888 3251 3948 der

2488 3950 2672 4010 Valparaiso
2697 3946 2737 4006 ist
2762 3944 2970 4004 einwandfrei
2989 3938 3154 3998 bewiesen.

2762 4031 2848 4091 Das
2894 4028 3095 4088 „kranke
3131 4020 3271 4080 Schiff

2579 4109 2649 4169 Wie
2677 4109 2837 4169 bekannt,
2859 4106 2949 4166 bietet
2978 4103 3026 4163 die
3055 4101 3257 4161 Umsegelung

2488 4159 2594 4219 nischen
2624 4156 2818 4216 Kontinents
2842 4153 2930 4213 selbst
2954 4150 3042 4210 unter
3066 4149 3219 4209 günstigen
