3344 4384
146 528 860 588 OBSERVER

229 584 258 644 I.
271 581 392 641 österr.
405 585 557 645 behördl.
570 590 868 650 konzessioniertes

181 622 421 682 Unternehmen
452 625 499 685 für
525 629 907 689 Zeitungs-Ausschnitte

241 682 381 742 WIEN,
408 687 458 747 I.,
484 691 766 751 WOLLZEILE
818 694 855 754 11

329 736 550 796 TELEPHON
581 742 766 802 R-23-0-43

127 874 355 934 Ausschnitt
381 877 472 937 aus:

151 1194 423 1254 Pardr

438 1371 604 1431 193

162 1677 528 1737 Schnitzler
594 1677 765 1737 död.

250 2642 394 2702 Arthur
422 2644 652 2704 Schnitzler.

134 2740 252 2800 Wien,
264 2742 404 2802 Arthur
426 2740 658 2800 Schnitzlers
680 2740 842 2800 födelse¬

86 2791 189 2851 stad,
205 2791 361 2851 beredde
393 2791 439 2851 sig
470 2791 527 2851 att
554 2790 611 2850 till
632 2788 741 2848 vâren
773 2788 839 2848 fira

89 2838 281 2898 diktarens
343 2837 572 2897 70-Arsdag.
628 2838 847 2898 Schnitzler

90 2887 147 2947 var
176 2886 252 2946 inte
291 2886 372 2946 bara
410 2886 448 2946 en
492 2888 606 2948 under
640 2886 840 2946 decennier

83 2937 244 2997 populär
270 2937 411 2997 diktare
437 2936 452 2996 i
473 2937 523 2997 sin
554 2937 751 2997 hemstad,
767 2934 837 2994 han

89 2985 174 3045 hade
215 2984 269 3044 som
326 2985 386 3045 väl
417 2985 523 3045 ingen
564 2985 725 3045 samtida
761 2982 841 3042 för-

85 3035 182 3095 mått
230 3035 348 3095 fanga
405 3035 487 3095 dess
540 3032 632 3092 själ.
653 3032 730 3092 Med
772 3032 833 3092 den

524 3082 840 3142 internationella

88 3086 404 3146 utomordentliga

82 3137 283 3197 framgang
313 3134 410 3194 hans
440 3131 670 3191 dramatiska
700 3130 842 3190 förfat-

82 3185 170 3245 skap
201 3185 324 3245 nadde
354 3182 457 3242 förde
482 3182 551 3242 han
586 3179 694 3239 ocksà
725 3179 843 3239 denna

83 3233 183 3293 fläkt
204 3233 243 3293 av
269 3231 547 3291 förkrigsårens
572 3227 663 3287 Wien
698 3227 738 3287 ut
759 3227 844 3287 över

89 3280 259 3340 världen.
295 3280 395 3340 Hans
421 3277 647 3337 inställning
678 3277 737 3337 till
753 3274 838 3334 pro-

90 3331 223 3391 blemen
263 3328 302 3388 är
333 3328 535 3388 förkrigisk
570 3325 634 3385 och
674 3325 742 3385 hos
773 3325 836 3385 den

90 3380 151 3440 nya
212 3376 513 3436 generationen,
561 3376 621 3436 som
674 3373 729 3433 ser
763 3373 842 3433 med

88 3427 198 3487 andra
232 3428 323 3488 ôgon
358 3427 400 3487 pà
435 3425 631 3485 tillvaron,
651 3424 718 3484 har
747 3424 843 3484 hans

91 3474 161 3534 verk
197 3474 329 3534 funnit
350 3477 436 3537 föga
467 3474 599 3534 gehör.
615 3471 716 3531 Hans
747 3471 843 3531 värld

88 3525 156 3585 zick
191 3525 205 3585 i
225 3526 372 3586 stycken
412 3524 485 3584 med
520 3522 843 3582 världskatastro-

85 3573 166 3633 fen;
191 3574 272 3634 men
307 3575 421 3635 nâgra
451 3573 494 3633 av
523 3570 619 3630 hans
643 3569 850 3629 sk'despel

82 3624 145 3684 aro
200 3622 283 3682 dock
318 3623 352 3683 sa
387 3621 470 3681 akta
505 3621 563 3681 och
604 3618 761 3678 levande
791 3618 844 3678 att

89 3675 164 3735 man
200 3673 316 3733 vagar
342 3672 397 3732 tro
428 3671 489 3731 att
514 3669 574 3729 den
610 3669 843 3729 likgiltighet

88 3722 120 3782 de
149 3722 196 3782 nu
229 3722 313 3782 röna
347 3719 384 3779 år
413 3719 454 3779 av
483 3717 746 3777 övervägande
775 3715 845 3775 na-

85 3771 159 3831 tur.
204 3770 282 3830 Men
322 3770 411 3830 även
451 3767 490 3827 om
540 3767 574 3827 så
609 3767 687 3827 icke
723 3765 841 3825 skulle

83 3819 160 3879 ske,
180 3820 218 3880 ar
247 3818 305 3878 det
329 3818 416 3878 dock
445 3818 541 3878 stort
566 3817 623 3877 att
648 3815 763 3875 under
792 3815 845 3875 ett

89 3869 192 3929 langt
217 3867 261 3927 liv
291 3866 335 3926 ha
371 3866 469 3926 varit
499 3866 533 3926 en
573 3866 843 3926 förgrundsge¬

89 3916 177 3976 stalt
207 3916 217 3976 1
247 3916 400 3976 diktens
430 3914 523 3974 rike,
548 3913 607 3973 att
632 3913 676 3973 ha
711 3911 853 3971 tjusat,

91 3967 259 4027 fängslat
289 3965 346 4025 och
385 3964 558 4024 beriktat
583 3961 636 4021 sin
670 3960 833 4020 samtid.

128 4015 341 4075 Schnitzler
370 4014 431 4074 var
455 4012 545 4072 üven
579 4012 616 4072 en
650 4009 839 4069 uppburen

94 4063 429 4123 romanförfattare
462 4060 522 4120 och
560 4058 760 4118 novellist;
784 4054 835 4114 sin

90 4114 222 4174 största
278 4114 336 4174 rol
361 4111 508 4171 spelade
538 4109 612 4169 han
647 4108 736 4168 dock
771 4105 824 4165 som

97 4161 347 4221 dramatiker.

1049 673 1704 733 OBSERVER

1077 736 1101 796 I.
1114 736 1236 796 österr.
1249 732 1396 792 behördl.
1409 725 1711 785 konzessioniertes

1036 778 1271 838 Unternehmen
1305 771 1351 831 für
1373 766 1764 826 Zeitungs-Ausschnitte

1097 835 1238 895 WIEN,
1265 836 1315 896 I.,
1341 829 1625 889 WOLLZEILE
1670 826 1708 886 11

1189 883 1402 943 TELEPHON
1438 879 1612 939 R-23-0-43

1020 1030 1221 1090 Ausschnitt
1244 1023 1333 1083 aus:

1051 1094 1078 1154 lu
1117 1088 1289 1148 Journal:

1399 1239 1755 1299 UUTDREIS

1096 1471 1288 1531 Arthur
1338 1479 1646 1539 Schnitzler

1386 1554 1648 1614 pludselig
1700 1557 1820 1617 dod.

1091 1614 1194 1674 Hans
1226 1617 1416 1677 Sekretær
1443 1620 1557 1680 fandt
1583 1622 1650 1682 ham
1697 1623 1826 1683 livles,

1212 1677 1318 1737 ramt
1345 1680 1380 1740 af
1407 1680 1442 1740 et
1464 1680 1699 1740 Hjerteslag.

1135 1783 1313 1843 Osterrigs
1350 1784 1685 1844 verdensberomte
1732 1787 1823 1847 For¬

1085 1844 1198 1904 fatter
1252 1847 1454 1907 Arthur
1504 1850 1813 1910 Schnitzler

1086 1904 1120 1964 er
1146 1905 1333 1965 pludselig
1364 1907 1454 1967 dod,
1470 1910 1570 1970 ramt
1591 1910 1631 1970 af
1652 1910 1687 1970 et
1713 1910 1818 1970 Hjer-

1090 1964 1225 2024 teslag,
1246 1964 1261 2024 i
1277 1966 1329 2026 sit
1356 1966 1444 2026 Ijem
1549 1969 1674 2029 Wien.
1711 1969 1820 2029 Hans

1088 2024 1303 2084 kvindelige
1337 2026 1519 2086 Sekretor
1553 2028 1665 2088 fandt
1726 2032 1796 2092 ham

1089 2089 1257 2149 liggende
1287 2089 1395 2149 livlos
1425 2089 1439 2149 i
1465 2089 1819 2149 Arbejdsvarelset.

1131 2209 1357 2269 Schnitzler,
1380 2211 1446 2271 der
1475 2213 1513 2273 er
1536 2212 1662 2272 Loge,
1685 2212 1806 2272 havde

1096 2309 1212 2369 lenge
1245 2310 1361 2370 viret
1385 2313 1468 2373 klar
1497 2313 1599 2373 over,
1623 2316 1659 2376 at
1688 2314 1809 2374 Doden

1090 2370 1280 2430 narnede
1309 2372 1385 2432 sig,
1404 2372 1477 2432 men
1509 2375 1577 2435 han
1609 2375 1732 2435 havde
1778 2373 1823 2433 til

1094 2429 1152 2489 det
1185 2429 1302 2489 sidste
1335 2432 1507 2492 arbejdet
1566 2435 1825 2495 ufortrodent.

1090 2492 1136 2552 Om
1188 2492 1272 2552 kort
1300 2492 1356 2552 Tid
1390 2492 1520 2552 skulde
1549 2494 1642 2554 hans
1680 2495 1815 2555 mange

1102 2550 1245 2610 Venner
1273 2552 1366 2612 have
1394 2552 1504 2612 fejret
1527 2555 1593 2615 ham
1643 2555 1653 2615 i
1682 2555 1825 2615 Auled-

1091 2612 1176 2672 ning
1212 2612 1247 2672 af
1273 2611 1368 2671 hans
1389 2611 1424 2671 70
1455 2613 1546 2673 Aars
1577 2614 1829 2674 Podselsdag.

1128 2668 1198 2728 Den
1237 2671 1373 2731 ufdodo
1402 2674 1591 2734 Forfatter
1620 2677 1681 2737 var
1714 2677 1747 2737 en
1785 2677 1823 2737 af

1091 2727 1278 2787 Osterrigs
1312 2734 1560 2794 betydeligste
1599 2739 1632 2799 og
1671 2740 1709 2800 en
1776 2738 1820 2798 al

1090 2789 1259 2849 Evropas
1297 2791 1429 2851 kendte
1467 2797 1689 2857 Skikkelser
1722 2797 1737 2857 i
1764 2797 1822 2857 Li-

1090 2847 1307 2907 teraturens
1343 2853 1505 2913 Verden,
1556 2856 1596 2916 en
1658 2859 1728 2919 Ven
1779 2859 1819 2919 og

1089 2910 1367 2970 Aundstrande
1425 2916 1464 2976 af
1493 2918 1608 2978 Georg
1647 2919 1819 2979 Brandes

1087 2973 1121 3033 og
1161 2973 1195 3033 et
1225 2975 1318 3035 Barn
1358 2976 1398 3036 af
1423 2976 1476 3036 sin
1511 2978 1600 3038 Tid.
1644 2982 1718 3042 Han
1758 2982 1821 3042 op-

1088 3030 1231 3090 naacde
1261 3032 1274 3092 i
1304 3035 1356 3095 sin
1395 3036 1457 3096 Tid
1496 3037 1567 3097 ofte
1601 3038 1639 3098 at
1668 3041 1816 3101 forarge

1092 3089 1154 3149 det
1182 3092 1397 3152 borgerlige
1432 3098 1592 3158 Selskab
1655 3098 1717 3158 ved
1759 3099 1813 3159 sin

1085 3154 1368 3214 »Dristighed«.
1435 3158 1489 3218 Nu
1528 3160 1631 3220 tager
1659 3161 1746 3221 man
1785 3161 1817 3221 jo

1080 3211 1182 3271 mere
1214 3214 1322 3274 koldt
1348 3216 1389 3276 og
1421 3218 1539 3278 roligt
1565 3221 1632 3281 paa
1668 3221 1704 3281 et
1730 3221 1823 3281 F'or¬

1082 3271 1293 3331 fatterskab
1351 3277 1394 3337 af
1443 3277 1683 3337 Schnitzlers
1741 3281 1827 3341 Art.

1082 3334 1226 3394 Blandt
1251 3335 1342 3395 hans
1371 3337 1646 3397 almenkendte
1699 3340 1819 3400 Boger

1084 3394 1150 3454 kan
1191 3394 1342 3454 naynes
1378 3399 1542 3459 »Froken
1582 3400 1706 3460 Else«,
1756 3401 1818 3461 der

1079 3456 1244 3516 fornylig
1280 3457 1337 3517 som
1394 3458 1549 3518 Talefilm
1606 3463 1688 3523 blev
1766 3463 1807 3523 en

1082 3516 1152 3576 stor
1190 3518 1353 3578 Sukces,
1382 3521 1419 3581 og
1458 3520 1664 3580 »Reigen«,
1725 3522 1814 3582 hvis

1077 3576 1259 3636 Kynisme
1317 3579 1355 3639 og
1389 3579 1676 3639 skaanselslose
1710 3582 1815 3642 Hud-

1078 3636 1238 3696 flettelse
1299 3639 1344 3699 af
1370 3641 1404 3701 en
1445 3642 1586 3702 Række
1627 3645 1803 3705 Vildskud

1084 3697 1189 3757 vakte
1225 3697 1300 3757 stor
1336 3701 1612 3761 Opstandelse.
1689 3704 1809 3764 Trods

1083 3758 1157 3818 sine
1190 3761 1325 3821 mange
1359 3761 1512 3821 Værker
1540 3764 1582 3824 og
1616 3764 1713 3824 store
1746 3767 1816 3827 Be¬

1080 3818 1276 3878 rommelse
1303 3822 1361 3882 var
1388 3824 1457 3884 han
1484 3827 1515 3887 en
1547 3824 1653 3884 fattig
1680 3824 1818 3884 Mand,

1078 3883 1112 3943 en
1147 3881 1260 3941 bitter
1290 3881 1329 3941 og
1364 3884 1527 3944 bidende
1562 3887 1734 3947 Spotter,
1764 3889 1803 3949 og

1073 3940 1111 4000 en
1150 3943 1456 4003 Bohemenatur,
1505 3946 1566 4006 som
1620 3947 1729 4007 Livet
1768 3948 1811 4008 af

1073 4003 1107 4063 og
1138 4003 1183 4063 til
1204 4003 1260 4063 tog
1291 4006 1432 4066 haardt
1454 4009 1544 4069 paa.
1585 4010 1630 4070 En
1667 4009 1813 4069 Datter,

1078 4061 1134 4121 der
1166 4060 1248 4120 blev
1285 4066 1507 4126 ulykkeligt
1534 4066 1626 4126 gift,
1659 4069 1803 4129 drabte

1075 4123 1126 4183 for
1156 4123 1196 4183 et
1220 4125 1288 4185 l'ar
1318 4127 1393 4187 Aar
1422 4127 1520 4187 siden
1555 4128 1612 4188 sig
1642 4128 1740 4188 selv,
1758 4128 1798 4188 og

1079 4185 1133 4245 den
1167 4185 1267 4245 store
1295 4185 1423 4245 Digter
1451 4185 1529 4245 blev
1557 4188 1628 4248 paa
1657 4188 1696 4248 én
1730 4189 1801 4249 Dag

1074 4247 1106 4307 en
1145 4245 1318 4305 gammel
1346 4246 1481 4306 Mand,
1525 4249 1622 4309 hvem
1672 4249 1796 4309 Doden

2239 366 2328 426 L

2082 559 2238 619 r
2350 526 2998 586 eenennftelser

2508 725 2591 785 193

2280 782 2710 842 s
2735 788 2982 848 NatsISKa

2277 818 2442 878 museum.

2395 1009 2865 1069 ilteralur

2345 1193 2559 1253 Arthur
2605 1200 2921 1260 Schnitzler

2573 1339 2709 1399 död.

2437 2368 2497 2428 33

2308 2422 2420 2482 WIEN,
2460 2426 2490 2486 21
2522 2426 2591 2486 okt.
2611 2427 2743 2487 (F.N.B.)
2781 2429 2969 2489 Författaren

2261 2474 2374 2534 Arthur
2417 2474 2582 2534 Schnitzler
2609 2477 2686 2537 avled
2723 2477 2764 2537 vid
2796 2480 2899 2540 7-tiden
2936 2483 2967 2543 pa

2265 2525 2521 2585 onsdagsaftonen.
2559 2525 2600 2585 Dä
2624 2528 2796 2588 författaren
2825 2530 2852 2590 pö
2881 2528 2969 2588 efter-

2260 2576 2411 2636 middagen
2460 2576 2615 2636 ätervände
2646 2576 2708 2636 från
2740 2579 2770 2639 en
2797 2579 2974 2639 promsnad,

2266 2623 2423 2683 drabbades
2448 2626 2497 2686 han
2522 2625 2551 2685 av
2576 2623 2620 2683 ett
2635 2626 2792 2686 slaganfall
2812 2626 2856 2686 och
2886 2627 2959 2687 avled

2267 2674 2322 2734 utan
2351 2674 2392 2734 att
2412 2674 2444 2734 ha
2463 2677 2589 2737 äterfätt
2608 2677 2828 2737 medvetandet.
2842 2677 2968 2737 Schnits-

2262 2725 2301 2785 ler
2327 2725 2417 2785 skulle
2438 2725 2453 2785 i
2473 2726 2534 2786 maj
2554 2728 2630 2788 nästa
2656 2728 2690 2788 år
2711 2728 2746 2788 ha
2772 2728 2857 2788 blivit
2878 2728 2908 2788 70
2934 2728 2968 2788 àr

2263 2776 2405 2836 gammal.

2302 2861 2406 2921 Arthur
2447 2862 2610 2922 Schnitzler
2638 2862 2737 2922 föddes
2765 2862 2815 2922 den
2847 2865 2878 2925 15
2906 2865 2965 2925 maj

2261 2902 2328 2962 1862
2356 2901 2365 2961 i
2398 2901 2465 2961 Wieu
2498 2902 2548 2962 och
2580 2904 2808 2964 promoverades
2836 2904 2867 2964 àr
2895 2904 2963 2964 1885

2260 2943 2306 3003 till
2344 2943 2427 3003 med.
2447 2943 2568 3003 doktor,
2592 2943 2648 3003 men
2682 2945 2788 3005 egnade
2818 2946 2854 3006 sig
2883 2945 2967 3005 snart

2258 2982 2441 3042 uteslutande
2467 2985 2496 3045 ét
2517 2985 2722 3045 litteraturen.
2756 2985 2818 3045 Han
2848 2984 2968 3044 debute¬

2260 3025 2320 3085 rade
2342 3024 2372 3084 ár
2394 3024 2458 3084 1893
2484 3024 2540 3084 med
2566 3026 2591 3086 en
2618 3025 2691 3085 serie
2713 3027 2850 3087 enaktare
2872 3027 2966 3087 „Ana¬

2260 3065 2332 3125 tol",
2346 3062 2376 3122 uv
2402 3064 2471 3124 vilka
2493 3065 2566 3125 flera
2588 3066 2725 3126 uppförts
2743 3065 2807 3125 även
2833 3067 2863 3127 på
2886 3065 2971 3125 sven-

2254 3104 2314 3164 ska.
2349 3105 2392 3165 Do
2414 3106 2474 3166 giva
2501 3104 2591 3164 genom
2626 3107 2665 3167 ein
2691 3107 2829 3167 stämning
2856 3107 2890 3167 av
2912 3107 2968 3167 fri-

2254 3145 2364 3205 volitet,
2385 3146 2474 3206 gratie
2503 3146 2552 3206 och
2581 3146 2658 3206 emak
2688 3146 2720 3206 en
2749 3148 2957 3208 karaktäristik

2254 3188 2287 3248 av
2316 3187 2353 3247 sin
2384 3186 2555 3246 författares
2584 3188 2764 3248 egenskaper
2790 3188 2839 3248 och
2874 3188 2969 3248 avsik-

2255 3227 2309 3287 ter.
2351 3227 2406 3287 För
2434 3227 2544 3287 teatern
2577 3228 2627 3288 har
2655 3229 2705 3289 han
2738 3230 2880 3290 körfattat
2927 3230 2968 3290 ett

2252 3267 2320 3327 otal
2337 3265 2507 3325 skädespel.

2288 3307 2446 3367 Schnitzler
2493 3306 2526 3366 är
2556 3307 2677 3367 wienare
2711 3309 2861 3369 alltigenom
2907 3307 2953 3367 och

2258 3348 2277 3408 fá
2302 3346 2330 3406 ha
2355 3346 2399 3406 som
2441 3346 2489 3406 han
2514 3346 2640 3406 skildrat
2661 3349 2709 3409 den
2738 3349 2811 3409 unze
2836 3349 2957 3409 wienska

2251 3388 2522 3448 levnadsnjutaren.
2546 3388 2597 3448 deu
2633 3388 2711 3448 rike,
2735 3388 2849 3448 bildade
2885 3388 2963 3448 man-

2251 3427 2318 3487 nen,
2346 3428 2412 3488 vars
2444 3430 2582 3490 särskilda
2618 3427 2818 3487 kännetecken
2854 3430 2885 3490 är
2917 3430 2964 3490 att

2253 3467 2316 3527 vara
2363 3467 2395 3527 en
2446 3468 2591 3528 lätteinnig
2627 3468 2851 3528 melankoliker.
2895 3469 2945 3529 Som

2246 3507 2366 3567 motbild
2399 3507 2496 3567 ställer
2525 3510 2687 3570 Schnitzler
2716 3507 2764 3567 den
2797 3509 2890 3569 blida,
2910 3509 2962 3569 au¬

2248 3549 2423 3609 sprákelösa.
2445 3549 2608 3609 obetvdliga
2638 3549 2708 3609 unau
2734 3549 2859 3609 flickan.
2881 3551 2893 3611 i
2914 3549 2956 3609 láz

2247 3588 2532 3648 samhällsställuin,
2568 3588 2615 3648 som
2671 3588 2738 3648 utan
2782 3588 2861 3648 stora
2905 3588 2952 3648 ord

2247 3628 2381 3688 hängiver
2428 3629 2467 3689 sig
2495 3627 2542 3687 och
2574 3627 2656 3687 sedan
2688 3630 2786 3690 finner
2814 3630 2849 3690 six
2877 3630 2888 3690 i
2912 3630 2955 3690 att

2246 3669 2342 3729 kustas
2372 3669 2455 3729 bort.
2498 3669 2611 3729 Läkare
2645 3669 2694 3729 till
2720 3669 2757 3729 sin
2792 3668 2955 3728 utbildnins

2247 3709 2294 3769 har
2318 3707 2369 3767 han
2397 3707 2484 3767 gärna
2508 3710 2618 3770 nyttjat
2642 3710 2803 3770 auggestion
2831 3709 2878 3769 och
2910 3708 2961 3768 dy¬

2241 3746 2294 3806 lika
2341 3749 2475 3809 fenomen
2506 3749 2552 3809 som
2595 3749 2702 3809 motiv,
2722 3749 2813 3809 liksom
2856 3749 2913 3809 man

2241 3789 2308 3849 haus
2336 3788 2629 3848 kuraktärsteckning
2661 3791 2724 3851 ofta
2756 3791 2870 3851 mürker
2898 3791 2945 3851 den

2241 3827 2359 3887 erfaruo
2387 3830 2521 3890 läkurens
2545 3830 2703 3890 fórsonliga
2731 3830 2960 3890 levnadsvishet.

2248 3869 2335 3929 Nägon
2390 3872 2457 3932 gäng
2492 3870 2541 3930 har
2571 3869 2621 3929 han
2651 3869 2717 3929 även
2752 3872 2819 3932 lätit
2844 3872 2948 3932 sociala

2252 3907 2425 3967 synpunkter
2470 3908 2518 3968 och
2550 3910 2660 3970 judiska
2688 3910 2805 3970 problem
2846 3912 2946 3972 utgöra

2248 3949 2541 4009 huvudepöremälen.

2282 3991 2370 4051 Kring
2399 3991 2455 4051 sina
2484 3990 2642 4050 personor,
2663 3991 2755 4051 vilkus
2780 3991 2950 4051 replikskif¬

2246 4030 2286 4090 ten
2314 4030 2363 4090 äro
2387 4030 2643 4090 beundransvärda
2667 4030 2679 4090 i
2700 4030 2886 4090 blandninzen
2918 4031 2946 4091 av

2246 4069 2293 4129 vek
2324 4072 2396 4132 lvrik
2427 4069 2474 4129 och
2505 4072 2676 4132 hänsvnslös
2703 4072 2831 4132 realism,
2853 4072 2947 4132 gjuter

2242 4111 2405 4171 Schnitzler
2427 4111 2456 4171 en
2478 4111 2619 4171 atmosfär
2641 4111 2671 4171 av
2693 4111 2752 4171 fint
2770 4111 2946 4171 nyaneerade

2240 4152 2381 4212 dümpade
2430 4151 2547 4211 färger:
2572 4152 2620 4212 den
2653 4152 2733 4212 stora
2762 4152 2876 4212 gesten,
2900 4152 2948 4212 det

2242 4189 2317 4249 vildu
2362 4191 2410 4251 och
2441 4191 2490 4251 det
2512 4192 2662 4252 upphäjda
2689 4191 2720 4251 ůr
2743 4191 2852 4251 fjärran
2879 4191 2941 4251 fráu

2239 4233 2313 4293 laus
2357 4231 2458 4291 konst,
2482 4233 2529 4293 som
2572 4233 2635 4293 stûr
2663 4233 2831 4293 miniatyren
2866 4233 2948 4293 nära.

2249 4268 2292 4328 Som
2328 4268 2398 4328 hans
2418 4269 2488 4329 nest
2508 4274 2617 4334 typi-ka
2641 4272 2704 4332 form
2739 4273 2790 4333 kan
2818 4272 2876 4332 man
2900 4272 2951 4332 an-
