3344 4320
156 232 232 292 12

1451 237 1578 297 box
1651 240 1834 300 42/5

345 241 930 301 Schnitzler's
999 240 1233 300 Death

771 748 844 808 Nr.
865 750 986 810 24104

1241 755 1354 815 Wien,
1373 757 1582 817 Donnerstag

776 894 1109 954 Schnitzler,
1146 896 1238 956 der
1295 901 1748 961 Oesterreicher.

1051 963 1107 1023 Von
1148 964 1278 1024 Stefan
1318 969 1465 1029 Zweig.

787 1037 863 1097 Was
911 1037 1034 1097 Arthur
1076 1039 1241 1099 Schnitzler
1283 1041 1329 1101 als
1377 1045 1501 1105 Dichter
1543 1048 1595 1108 und
1637 1047 1813 1107 Darsteller

695 1094 814 1154 unserer
851 1096 1098 1156 österreichischen
1141 1096 1231 1156 Welt
1262 1097 1418 1157 bedeutet,
1442 1101 1515 1161 weiß
1558 1102 1623 1162 man
1666 1103 1689 1163 in
1732 1103 1810 1163 allen

692 1151 844 1211 Sprachen
884 1153 1031 1213 Europas
1077 1153 1127 1213 und
1167 1154 1354 1214 Amerikas.
1388 1156 1455 1216 Und
1495 1159 1574 1219 mehr
1615 1157 1710 1217 noch:
1739 1159 1817 1219 Fast

689 1204 785 1264 alles,
808 1205 872 1265 was
905 1205 980 1265 diese
1007 1206 1132 1266 Länder
1165 1206 1218 1266 von
1251 1209 1375 1269 unserer
1402 1212 1537 1272 Kultur,
1560 1213 1613 1273 von
1646 1213 1694 1273 der
1727 1213 1808 1273 durch

689 1261 844 1321 besondere
875 1261 1032 1321 Mischung
1063 1262 1116 1322 und
1142 1262 1273 1322 Geschick
1304 1267 1461 1327 bedingten
1498 1267 1666 1327 Lebensart
1691 1267 1817 1327 Oester¬

689 1314 784 1374 reichs
809 1315 929 1375 wissen,
954 1317 1007 1377 das
1038 1317 1133 1377 wissen
1164 1318 1206 1378 sie
1231 1319 1314 1379 durch
1345 1320 1392 1380 ihn
1423 1322 1477 1382 und
1508 1323 1597 1383 durch
1622 1321 1669 1381 ihn
1706 1324 1814 1384 allein.

682 1368 797 1428 Diesem
844 1369 948 1429 klaren
989 1371 1046 1431 und
1075 1372 1197 1432 wahren
1238 1375 1352 1435 Zeugen
1400 1377 1451 1437 hat
1481 1377 1561 1437 seine
1591 1378 1718 1438 Heimat
1753 1378 1804 1438 das

686 1425 981 1485 Außerordentliche
1019 1424 1050 1484 zu
1095 1427 1232 1487 danken,
1265 1427 1320 1487 daß
1365 1431 1408 1491 ein
1447 1431 1647 1491 Oesterreich,
1686 1431 1811 1491 welches

689 1479 712 1539 in
755 1482 851 1542 seiner
888 1481 1129 1541 weltpolitischen
1172 1483 1281 1543 Macht
1318 1485 1426 1545 längst
1457 1487 1626 1547 vergangen
1675 1488 1734 1548 und
1777 1486 1801 1546 in

688 1536 780 1596 seiner
821 1536 959 1596 geistigen
1012 1536 1289 1596 lebensgefährlich
1330 1542 1457 1602 bedroht
1492 1542 1543 1602 ist,
1579 1542 1705 1602 dennoch
1752 1541 1809 1601 un¬

685 1589 783 1649 beirrt
828 1590 888 1650 und
938 1590 1153 1650 unverändert
1197 1593 1252 1653 von
1303 1595 1357 1655 der
1402 1598 1594 1658 Gegenwvart
1639 1597 1693 1657 und
1744 1596 1809 1656 Ge¬

685 1643 803 1703 schichte
845 1642 891 1702 als
939 1643 981 1703 ein
1034 1648 1223 1708 Lebendiges
1271 1651 1459 1711 weiterlebt.
1495 1650 1584 1710 Denn
1632 1651 1696 1711 alle
1732 1650 1808 1710 Ele¬

679 1698 785 1758 mente
827 1700 950 1760 unserer
992 1703 1163 1763 gemischten
1217 1704 1276 1764 und
1330 1706 1400 1766 eben
1449 1706 1536 1766 durch
1584 1708 1802 1768 Vermischung

680 1755 887 1815 eigenartigen
946 1756 1067 1816 Nation
1131 1757 1234 1817 waren
1299 1760 1327 1820 in
1391 1763 1489 1823 seinem
1559 1763 1795 1823 weiträumigen

685 1810 792 1870 Werke
825 1810 1068 1870 lebenswirklich
1100 1813 1266 1873 vertreten,
1293 1816 1337 1876 die
1370 1818 1446 1878 alte,
1472 1819 1516 1879 die
1543 1819 1619 1879 neue
1646 1819 1721 1879 Zeit
1748 1818 1804 1878 und

679 1864 726 1924 ihr
762 1867 962 1927 Uebergang,
992 1868 1075 1928 Adel
1105 1869 1170 1929 und
1200 1872 1412 1932 Bürgertum,
1442 1873 1489 1933 die
1520 1871 1619 1931 Stadt
1655 1873 1714 1933 und
1750 1873 1802 1933 das

681 1920 784 1980 Land,
814 1921 871 1981 das
907 1922 1039 1982 Sterben
1081 1924 1138 1984 und
1173 1925 1242 1985 doch
1278 1930 1358 1990 nicht
1387 1929 1630 1989 Sterbenwollen
1683 1930 1804 1990 unserer

676 1978 810 2038 Kultur,
838 1978 884 2038 der
912 1981 1020 2041 innere
1047 1981 1168 2041 Glaube
1196 1983 1242 2043 des
1270 1986 1506 2046 Oesterreichers
1541 1985 1594 2045 und
1628 1986 1682 2046 sein
1716 1986 1803 2046 skep¬

675 2031 781 2091 tisches
813 2038 1272 2098 Nichtansichglaubenwollen,
1298 2038 1380 2098 seine
1406 2040 1613 2100 Melancholie
1639 2040 1694 2100 und
1733 2040 1807 2100 seine

678 2091 807 2151 Ironie,
826 2091 868 2151 all
895 2091 986 2151 dieses
1012 2091 1215 2151 merhwürdig
1247 2094 1302 2154 und
1333 2096 1475 2156 einmalig
1507 2097 1728 2157 Verbundene,
1754 2097 1802 2157 das

679 2145 762 2205 keine
789 2147 918 2207 Formel
939 2148 1120 2208 ausdrücken
1153 2149 1251 2209 kann,
1271 2151 1329 2211 und
1356 2151 1414 2211 das
1440 2153 1498 2213 nur
1518 2154 1700 2214 anschaulich
1727 2154 1797 2214 wird

677 2201 763 2261 durch
792 2203 947 2263 wahrhaft
971 2205 1115 2265 gesehene
1139 2207 1294 2267 Gestalten
1329 2207 1403 2267 eines
1439 2208 1594 2268 Dichters.

769 2267 894 2327 Solcher
921 2270 1073 2330 Gestalten
1107 2270 1159 2330 hat
1180 2272 1346 2332 Schnitzler
1367 2273 1532 2333 unzählige
1559 2273 1731 2333 geschaffen,
1751 2273 1797 2333 ein

675 2324 787 2384 ganzes
823 2324 922 2384 Volk,
953 2325 1017 2385 eine
1047 2328 1141 2388 ganze
1171 2327 1276 2387 Welt,
1301 2328 1347 2388 ein
1383 2330 1494 2390 ganzes
1531 2330 1589 2390 und
1625 2330 1789 2390 wirkliches

675 2379 856 2439 Oesterreich
888 2381 969 2441 steht
1001 2383 1239 2443 unvergänglich
1271 2383 1296 2443 in
1340 2384 1427 2444 seinem
1479 2384 1610 2444 Werke.
1636 2386 1798 2446 Vielleicht

679 2436 736 2496 nur
770 2435 834 2495 eine
867 2437 1003 2497 Gestalt,
1030 2438 1075 2498 die
1108 2438 1297 2498 geliebteste,
1330 2439 1375 2499 die
1408 2440 1616 2500 bedeutendste
1649 2442 1687 2502 ist
1721 2443 1798 2503 nicht

678 2492 751 2552 ganz
770 2492 892 2552 deutlich
923 2494 1094 2554 geworden,
1114 2494 1137 2554 er
1163 2493 1267 2553 selbst,
1286 2493 1353 2553 denn
1384 2497 1433 2557 sich
1458 2497 1549 2557 selbst
1569 2497 1617 2557 hat
1642 2497 1690 2557 der
1716 2497 1789 2557 allzu

674 2545 871 2605 Bescheidene
903 2548 951 2608 nie
983 2551 1161 2611 beschrieben
1199 2551 1260 2611 und
1292 2551 1483 2611 dargestellt,
1508 2554 1631 2614 sondern
1669 2551 1711 2611 ist
1737 2554 1804 2614 still

674 2603 730 2663 und
769 2605 945 2665 ehrfürchtig
983 2606 1083 2666 hinter
1115 2607 1165 2667 dem
1216 2607 1341 2667 Bildnis
1380 2611 1474 2671 seiner
1506 2611 1574 2671 Zeit
1607 2611 1663 2671 und
1702 2611 1795 2671 seiner

675 2656 763 2716 Welt
790 2661 1044 2721 zurückgetreten.
1071 2661 1153 2721 Aber
1179 2662 1243 2722 wer
1269 2664 1313 2724 ihn
1352 2664 1447 2724 näher
1473 2664 1588 2724 kennen
1620 2664 1722 2724 durfte
1761 2663 1786 2723 in

674 2713 722 2773 der
766 2718 882 2778 gütigen
926 2718 1153 2778 Gerechtigkeit
1190 2721 1288 2781 seines
1325 2721 1484 2781 Herzens,
1522 2720 1546 2780 in
1590 2720 1644 2780 der
1682 2721 1786 2781 klaren

674 2771 895 2831 Gerechtigkeit
938 2774 1033 2834 seines
1071 2775 1208 2835 Geistes,
1245 2775 1353 2835 immer
1395 2778 1576 2838 ebenmäßig
1624 2776 1648 2836 in
1697 2778 1792 2838 seiner

672 2826 769 2886 Güte,
795 2827 837 2887 die
862 2829 886 2889 zu
918 2829 984 2889 edel
1010 2831 1095 2891 war,
1114 2832 1144 2892 um
1188 2832 1304 2892 jemals
1329 2832 1488 2892 ostentativ
1520 2832 1544 2892 zu
1575 2832 1709 2892 werden,
1729 2835 1789 2895 wer

671 2882 716 2942 ihn
757 2885 884 2945 kannte,
913 2884 970 2944 mit
994 2884 1120 2944 scharfem
1167 2887 1270 2947 Blicke
1311 2888 1535 2948 aufnehmend,
1570 2886 1633 2946 mit
1668 2887 1788 2947 weicher

672 2939 765 2999 Seele
793 2939 1014 2999 teilnehmend,
1037 2944 1097 3004 nur
1126 2942 1175 3002 der
1203 2943 1290 3003 weiß,
1319 2944 1374 3004 aus
1402 2945 1523 3005 welcher
1551 2945 1672 3005 inneren
1706 2947 1794 3007 Fülle

672 2995 752 3055 jenes
785 2996 1068 3056 außerordentliche
1093 2999 1206 3059 Wissen
1238 3001 1269 3061 um
1314 3002 1395 3062 seine
1421 3003 1509 3063 Zeit,
1528 3002 1559 3062 um
1604 3002 1685 3062 seine
1711 3001 1785 3061 Wel

673 3052 848 3112 entstanden
880 3052 964 3112 war.

760 3115 844 3175 Allen
873 3116 1071 3176 verbunden,
1088 3120 1190 3180 wußte
1213 3120 1246 3180 er
1270 3121 1331 3181 doch
1360 3121 1501 3181 innerlich
1530 3121 1586 3181 frei
1604 3121 1632 3181 zu
1661 3121 1796 3181 bleiben,

664 3169 720 3229 und
755 3172 936 3232 niemandem
982 3175 1174 3235 verpflichtet
1203 3175 1248 3235 als
1277 3176 1373 3236 seiner
1402 3178 1521 3238 eigenen
1556 3177 1674 3237 Pflicht
1697 3178 1793 3238 zeigte

663 3223 695 3283 er
723 3227 781 3287 uns
814 3228 970 3288 Jüngeren
1008 3227 1051 3287 ein
1089 3229 1223 3289 Vorbild
1278 3232 1525 3292 exemplarischen
1564 3232 1676 3292 Lebens
1725 3232 1784 3292 und

665 3279 765 3339 reinen
797 3282 1025 3342 Dichtertums.
1052 3285 1142 3345 Nicht
1163 3285 1216 3345 das
1249 3285 1306 3345 alte
1333 3288 1513 3348 Oesterreich
1545 3286 1603 3346 und
1630 3285 1709 3345 nicht
1736 3288 1788 3348 das

667 3337 755 3397 neue,
783 3338 866 3398 nicht
894 3339 949 3399 das
989 3339 1155 3399 Kaisertum
1211 3342 1266 3402 und
1305 3344 1382 3404 nicht
1416 3342 1460 3402 die
1494 3342 1649 3402 Republik
1694 3345 1782 3405 haben

662 3393 709 3453 ihn
752 3395 781 3455 um
830 3393 919 3453 dieser
950 3396 1112 3456 herrlichen
1149 3399 1431 3459 Unabhängigkeit
1462 3400 1557 3460 willen
1594 3400 1647 3460 mit
1678 3400 1780 3460 Orden

664 3450 721 3510 und
768 3453 1045 3513 Auszeichnungen
1092 3454 1265 3514 beschwert,
1295 3456 1393 3516 Nulla
1428 3456 1515 3516 crux.
1544 3456 1625 3516 nulla
1661 3457 1793 3517 corona,

664 3504 728 3564 kein
759 3507 858 3567 Kreuz
888 3508 946 3568 und
982 3508 1065 3568 keine
1095 3509 1200 3569 Krone
1231 3512 1395 3572 schmücken
1432 3510 1519 3570 diesen
1555 3512 1655 3572 teuren
1685 3514 1790 3574 Sarg.

666 3563 729 3623 Und
774 3564 844 3624 doch
883 3564 972 3624 birgt
1011 3564 1087 3624 diese
1126 3566 1273 3626 tragische
1306 3569 1401 3629 Hülle
1427 3569 1478 3629 den
1518 3568 1779 3628 repräsentativen

660 3620 786 3680 Dichter
831 3620 1059 3680 Oesterreichs,
1104 3623 1186 3683 einen
1242 3623 1497 3683 unvergeßlichen
1547 3623 1674 3683 Meister
1724 3625 1785 3685 und

656 3673 777 3733 unseren
816 3674 1009 3734 geliebtesten
1048 3677 1186 3737 Führer.

685 3815 844 3875 Dr.
891 3820 1475 3880 Weidenhoffer
1545 3823 1727 3883 über

700 3923 820 3983 den
883 3927 1725 3987 Bundesvoranschlag

1022 4032 1130 4092 für
1194 4028 1424 4088 1932.

674 4126 782 4186 Rede
819 4127 891 4187 hei
914 4127 986 4187 der
1023 4126 1343 4186 Einbrinaung
1373 4126 1408 4186 im
1460 4133 1779 4193 Vatiaualrat.

2080 763 2232 823 Neue
2278 763 2443 823 Freie
2482 769 2692 829 Presse

2167 1010 2813 1070 BIERER

2138 1231 2224 1291 der
2251 1234 2475 1294 bellebte
2510 1240 2813 1300 Brennstoff
2840 1240 2908 1300 für

1915 2002 2044 2062 Füll-
2075 2004 2174 2064 und
2216 2005 2676 2065 Dauerbrandöfen

1911 2097 1942 2157 o
2007 2100 2586 2160 Zentralheizungen

1922 2195 2274 2255 Gewerbliche
2324 2199 2675 2259 Feuerstätten

1852 2380 1967 2440 mußten
2000 2381 2044 2441 die
2072 2382 2242 2442 Kürzungen
2276 2381 2303 2441 in
2336 2384 2479 2444 möglichst
2507 2389 2804 2449 zweckentsprechender
2838 2390 2892 2450 und
2920 2390 2964 2450 die

1851 2423 2008 2483 Sicherung
2041 2423 2083 2483 der
2116 2426 2229 2486 aktiven
2262 2425 2419 2485 Gebarung
2457 2428 2711 2488 gewährleistender
2738 2431 2835 2491 Weise
2863 2431 2965 2491 durch¬

1849 2466 1961 2526 geführt
1984 2467 2108 2527 werden.
2131 2465 2215 2525 Dies:
2239 2466 2369 2526 Aufgabe
2392 2468 2425 2528 ist
2448 2469 2521 2529 nicht
2544 2473 2595 2533 nur
2624 2473 2652 2533 an
2681 2473 2725 2533 sich
2754 2473 2912 2533 schwierig,
2929 2474 2962 2534 sie

1851 2509 1940 2569 wurde
1973 2509 2004 2569 um
2047 2509 2073 2569 so
2100 2509 2270 2569 schwieriger
2302 2510 2376 2570 durch
2414 2510 2455 2570 den
2494 2515 2641 2575 Umstand,
2669 2516 2716 2576 daß
2748 2517 2860 2577 gewisse
2887 2517 2965 2577 Aus¬

1853 2551 2002 2611 gabensätze
2039 2552 2095 2612 aus
2132 2553 2308 2613 zwingenden
2350 2557 2489 2617 Gründen
2532 2557 2614 2617 höher
2651 2559 2816 2619 vorgesehen
2858 2560 2961 2620 werden

1849 2594 1997 2654 mußten;
2025 2594 2058 2654 um
2108 2596 2135 2656 so
2169 2596 2274 2656 stärker
2307 2599 2423 2659 mußten
2456 2599 2538 2659 daher
2572 2599 2611 2659 die
2645 2602 2749 2662 nicht
2783 2603 2964 2663 zwangs¬

1851 2639 2046 2699 läufigen
2079 2640 2300 2700 Ausgaben
2334 2643 2660 2703 eingeschränkt
2687 2643 2810 2703 werden.

1849 2707 1930 2767 150
1981 2710 2218 2770 Millionen
2269 2712 2473 2772 Schilling
2524 2717 2951 2777 Mehrerfordernis

1852 2775 1921 2835 bei
1952 2779 2260 2839 Staatsschuld
2291 2779 2369 2839 und
2402 2783 2958 2843 Arbeitslosenfürsorge.

1994 2845 2067 2905 Die
2109 2846 2224 2906 höher
2272 2849 2305 2909 zu
2353 2852 2746 2912 veranschlagenden
2795 2852 2909 2912 Aus¬

1893 2905 2013 2965 gaben
2071 2904 2270 2964 betreffen
2321 2908 2620 2968 insbesondere
2672 2911 2742 2971 den
2800 2909 2913 2969 Auf¬

1892 2960 2011 3020 wand
2043 2960 2111 3020 für
2149 2961 2205 3021 die
2237 2963 2532 3023 Staatsschuld
2570 2969 2645 3029 und
2677 2969 2789 3029 jenen
2834 2966 2902 3026 für

1885 3018 1944 3078 die
1985 3020 2513 3080 Arbeitslosenfürsorge.

1930 3077 1986 3137 Die
2013 3076 2166 3136 höhere
2193 3079 2564 3139 Veranschlagung
2597 3082 2642 3142 bei
2668 3082 2750 3142 diesen
2790 3082 2860 3142 zwei
2886 3081 2969 3141 Aus¬

1843 3120 2090 3180 gabenpositionen
2122 3120 2230 3180 beträgt
2266 3121 2421 3181 gegenüber
2457 3121 2503 3181 dem
2545 3124 2643 3184 Erfolg
2674 3124 2741 3184 1929
2783 3124 2855 3184 ohne
2891 3124 2963 3184 Ein¬

1843 3162 1981 3222 rechnung
2013 3161 2059 3221 der
2091 3161 2111 3221 im
2158 3163 2250 3223 Jahre
2282 3163 2353 3223 1932
2390 3165 2586 3225 vorgesehenen
2618 3166 2875 3226 Schuldentilgung
2907 3166 2958 3226 von

1852 3201 1896 3261 100
1931 3202 2083 3262 Millionen
2118 3203 2254 3263 Schilling
2305 3208 2441 3268 allein
2481 3210 2588 3270 rund
2617 3211 2691 3271 150
2720 3211 2957 3271 Millionen

1842 3245 2080 3305 Schilling.

1934 3311 2018 3371 Ein
2058 3318 2324 3378 Ueberschuß
2363 3318 2440 3378 von
2489 3321 2593 3381 zwei
2622 3321 2860 3381 Millionen

2283 3375 2508 3435 Schilling.

1925 3435 2017 3495 Wenn
2048 3435 2086 3495 ich
2127 3437 2172 3497 das
2196 3438 2374 3498 Gesamtbild
2406 3441 2561 3501 betrachte,
2577 3444 2599 3504 so
2631 3443 2669 3503 ist
2685 3441 2887 3501 festzustellen,
2911 3445 2948 3505 daß

1885 3501 1946 3561 der
1995 3502 2276 3562 Voranschlag
2325 3503 2434 3563 1932
2483 3504 2778 3564 einschließlich
2827 3505 2888 3565 des

1891 3558 2224 3618 Erfordernisses
2285 3560 2357 3620 für
2405 3560 2464 3620 die
2505 3562 2598 3622 auch
2632 3560 2772 3620 bisher
2819 3562 2891 3622 aus

1882 3615 2100 3675 laufenden
2176 3617 2401 3677 Ausgaben
2482 3620 2551 3680 zu,
2592 3617 2886 3677 bestreitenden

1884 3672 2189 3732 Investitionen
2234 3674 2310 3734 mit
2349 3673 2412 3733 dem
2464 3673 2692 3733 allerdings
2738 3675 2903 3735 beschei¬

1881 3730 2000 3790 denen
2060 3730 2306 3790 Ueberschuß
2360 3733 2432 3793 von
2486 3733 2592 3793 rund
2646 3735 2746 3795 zwei
2793 3733 2905 3793 Mil¬

1880 3787 2020 3847 lionen
2060 3787 2260 3847 Schilling
2294 3787 2520 3847 abschließt

1843 3847 1892 3907 und
1925 3847 1974 3907 daß
2006 3844 2199 3904 infolgedessen
2239 3847 2388 3907 Mittel
2420 3850 2489 3910 für
2514 3850 2840 3910 Investitionen
2885 3850 2953 3910 der

1844 3885 1928 3945 Post
1968 3888 2041 3948 und
2081 3889 2385 3949 Eisenbahnen
2432 3890 2527 3950 über
2568 3890 2680 3950 diese
2720 3892 2821 3952 zwei
2856 3891 2957 3951 Mil¬

1836 3929 1973 3989 lionen
2013 3927 2228 3987 Schilling
2267 3932 2427 3992 hinaus
2471 3932 2548 3992 nur
2576 3933 2775 3993 insoweit
2809 3933 2841 3993 in
2880 3932 2952 3992 An-

1851 3972 1969 4032 pruch
2021 3969 2263 4029 genommen
2320 3975 2479 4035 werden
2532 3974 2707 4034 dürfen,
2759 3975 2825 4035 als
2888 3975 2949 4035 die

1841 4013 2035 4073 laufende
2062 4013 2294 4073 Gebarung
2333 4017 2575 4077 günstigere
2614 4016 2678 4076 als
2711 4016 2770 4076 die
2808 4016 2953 4076 veran¬

1852 4056 2039 4116 chlagten
2073 4056 2333 4116 Ergebnisse
2361 4059 2533 4119 zeitigt.
2556 4058 2616 4118 Der
2650 4059 2838 4119 Voranschlag
2877 4058 2948 4118 1932

1836 4096 1866 4156 ist
1893 4096 1980 4156 somit
2002 4097 2135 4157 aktiv,
2163 4098 2291 4158 während
2323 4100 2369 4160 der
2396 4100 2582 4160 Voranschlag
2618 4100 2691 4160 1931
2733 4100 2867 4160 zuzüglich
2909 4097 2955 4157 der

2697 4141 2893 4201 ne

3150 785 3212 845 22.
3234 783 3283 843 Ok

3031 870 3131 930 gedeckt
3157 870 3212 930 wer

3031 909 3108 969 gaben
3140 910 3227 970 stellte

3027 948 3115 1008 lionen
3150 951 3233 1011 Schil

3030 987 3091 1047 basis
3125 991 3204 1051 Aus

3028 1028 3066 1088 In
3095 1028 3173 1088 diesem
3213 1034 3224 1094 2

3028 1070 3068 1130 den
3121 1073 3212 1133 Einn.

3021 1112 3104 1172 auß

3025 1155 3122 1215 zahl

3020 1194 3096 1254 Bhel

3020 1718 3110 1778 niert,

3026 1760 3136 1820 sind.

3018 1799 3068 1859 38

3020 1841 3148 1901 gaben

3025 1882 3053 1942 an
3088 1882 3133 1942 die
3163 1883 3173 1943 L

3020 1923 3125 1983 werd

3018 1960 3129 2020 Gaba

3031 2005 3116 2065 meden

3067 2064 3110 2124 da

3063 2118 3144 2178 Tra

3072 2173 3137 2233 193

3028 2279 3049 2339 so
3072 2283 3125 2343 stel

3014 2323 3111 2383 lionen

3014 2365 3128 2425 rund

3014 2405 3083 2465 der
3107 2407 3182 2467 Erf

3024 2445 3131 2505 Schil

3095 2649 3159 2709 Der

3013 2690 3182 2750 entsprechen

3018 2732 3097 2792 daher
3135 2731 3214 2791 Verg

3099 2770 3150 2830 Die
3186 2775 3225 2835 Ke

3009 2814 3136 2874 richte
3175 2817 3219 2877 öf

3011 2855 3088 2915 geben
3127 2855 3149 2915 zu
3188 2858 3232 2918 bei

3014 2895 3175 2955 gewiesenen

3012 2937 3237 2997 Sanierungsge

3012 2975 3054 3035 den
3093 2979 3261 3039 Ersparung

3016 3020 3141 3080 gebenden
3181 3022 3256 3082 Absti

3097 3059 3218 3119 Kapitel

3016 3101 3201 3161 zahlung
3221 3103 3240 3163 v

3019 3144 3211 3204 fristiger

3008 3183 3076 3243 auf.
3108 3184 3165 3244 Sie
3203 3187 3266 3247 erre

3010 3225 3058 3285 100
3090 3226 3250 3286 Millionen

3010 3265 3166 3325 Begebung
3210 3270 3254 3330 der

3015 3308 3186 3368 anleihe
3218 3309 3273 3369 gere

3011 3351 3081 3411 Rest
3099 3351 3139 3411 des
3163 3354 3274 3414 Jahres

3091 3392 3155 3452 Der
3199 3393 3276 3453 Pe=

3013 3430 3051 3490 20
3098 3435 3253 3495 Millio

3008 3473 3150 3533 einerseits
3182 3476 3219 3536 die

3013 3516 3251 3576 Pensionsz

3005 3557 3165 3617 anstalt
3189 3557 3268 3617 gest

3007 3594 3062 3654 mit
3091 3599 3220 3659 500.000

3002 3641 3286 3701 Tapferkeigs

3004 3676 3070 3736 des
3108 3682 3242 3742 Heere

3006 3721 3151 3781 normalen
3205 3723 3264 3783 Abf

3003 3763 3161 3823 Rechnung
3211 3769 3260 3829 ges

3008 3805 3144 3865 anläßlich
3180 3808 3225 3868 des

3008 3847 3196 3907 zuführenden
3225 3850 3266 3910 Ap

3082 3886 3142 3946 Die
3174 3891 3290 3951 Kapisel

3004 3928 3064 3988 eine
3095 3931 3240 3991 Ausga

3005 3972 3087 4032 schlag
3118 3975 3194 4035 1931
3224 3977 3271 4037 vol

3004 4014 3137 4074 aufwand
3171 4017 3286 4077 ungesih

2996 4055 3076 4115 und
3120 4059 3275 4119 Sachalu

3003 4097 3135 4157 aufwand
3160 4099 3207 4159 für
3232 4098 3286 4158 des

3011 4137 3057 4197 Ner
3072 4139 3152 4199 al
