3392 4352
156 216 282 276 12.
342 219 928 279 Schnitzler's
998 219 1231 279 Death

1456 218 1582 278 box
1666 219 1845 279 44/2

702 651 1420 711 OBSERVER

784 723 811 783 I.
825 721 948 781 österr.
958 721 1109 781 behördl.
1124 721 1422 781 konzessioniertes

737 762 978 822 Unternehmen
1005 762 1054 822 für
1081 762 1470 822 Zeitungs-Ausschnitte

797 822 946 882 WIEN,
975 823 1021 883 I.,
1049 822 1335 882 WOLLZEILE
1378 824 1424 884 11

896 873 1110 933 TELEPHON
1148 873 1324 933 R-23-0-43

1055 1007 1218 1067 Vooruit

1012 1070 1096 1130 Den
1125 1072 1237 1132 Haad
1277 1076 1466 1136 2NOV.

898 1195 1072 1255 Mijn
1154 1206 1788 1266 herinneringen
1871 1209 2018 1269 aan
2114 1213 2559 1273 Schnitzler

1220 1374 1405 1434 aoor
1475 1378 1837 1438 Anareas
1907 1382 2200 1442 Latzko

1765 1539 1826 1599 hen
1866 1539 1945 1599 door
1981 1539 2100 1599 elkaar
2132 1540 2260 1600 schudt
2291 1540 2406 1600 zooals
2442 1542 2684 1602 hardhandige

1764 1577 1922 1637 kinderen
1956 1577 2014 1637 het
2040 1577 2102 1637 hun
2136 1580 2261 1640 noppen
2295 1580 2395 1640 doen,
2412 1580 2487 1640 deze
2513 1580 2592 1640 bron
2622 1577 2679 1637 van

784 1595 1073 1655 Zwijger
1110 1601 1241 1661 ....
1295 1598 1672 1658 verbefene

1764 1616 1987 1676 Schnitzler's
2018 1616 2224 1676 charmante
2255 1616 2379 1676 ironie,
2406 1619 2439 1679 de
2471 1619 2599 1679 sleutel
2625 1619 2681 1679 van

1764 1655 1897 1715 succes,
1928 1655 1978 1715 die
2013 1655 2120 1715 dertig
2160 1658 2237 1718 jaar
2272 1658 2349 1718 lang
2388 1658 2448 1718 zijn
2487 1659 2684 1719 scheppend

1769 1694 1850 1754 werk
1882 1694 2018 1754 gunstig
2055 1694 2228 1754 beinvloed
2265 1697 2351 1757 had,
2393 1698 2470 1758 ging
2525 1697 2588 1757 hem
2657 1698 2684 1758 in

1764 1735 1867 1795 latere
1898 1736 1993 1796 jaren
2032 1736 2084 1796 tot
2111 1736 2235 1796 schade
2271 1736 2421 1796 worden.

955 1736 1086 1796 Zijn
1144 1739 1493 1799 problemen

1810 1772 1890 1832 Toen
1927 1774 1954 1834 ik
1991 1771 2121 1831 Arthur
2149 1774 2343 1834 Schnitzler
2375 1774 2411 1834 na
2448 1774 2506 1834 den
2570 1774 2682 1834 oorlog

1766 1811 1844 1871 voor
1870 1813 1927 1873 den
1957 1810 2085 1870 eersten
2119 1811 2198 1871 keer
2223 1812 2314 1872 terug
2344 1813 2418 1873 zag,
2435 1813 2485 1873 lag
2514 1813 2547 1873 er
2572 1813 2605 1873 al
2627 1813 2680 1873 een

1766 1852 1882 1912 zekere
1919 1849 2056 1909 onrust,
2086 1850 2147 1910 iets
2181 1852 2364 1912 verbetens
2393 1852 2422 1912 in
2464 1852 2526 1912 zijn
2568 1852 2696 1912 wezen.

1203 1864 1472 1924 WAREN

1764 1891 1807 1951 De
1837 1891 2030 1951 zwijgzame
2061 1891 2116 1951 van
2151 1891 2318 1951 voorheen
2353 1890 2459 1950 stelde
2486 1890 2528 1950 nu
2563 1891 2597 1951 op
2627 1890 2687 1950 ge¬

1766 1930 1963 1990 prikkelden
2006 1930 2078 1990 toon
2121 1930 2241 1990 vragen
2284 1930 2331 1990 als
2366 1929 2421 1989 een
2460 1930 2695 1990 verdwaalde,

1764 1966 1815 2026 die
1850 1968 1923 2028 met
1949 1968 2013 2028 zijn
2052 1968 2133 2028 boot
2164 1968 2189 2028 is
2219 1967 2425 2027 afgedreven
2465 1966 2498 2026 en
2538 1968 2606 2028 zich
2645 1970 2683 2030 op

1029 1992 1092 2052 er
1134 1994 1279 2054 geen
1336 1992 1505 2052 meer

1770 2007 1924 2067 vreemde
1950 2007 2070 2067 kusten
2100 2007 2199 2067 zoekt
2225 2007 2250 2067 te
2280 2007 2512 2067 oriënteeren.
2533 2007 2606 2067 Niet
2632 2007 2683 2067 ten

1764 2046 1931 2106 onrechte
1962 2046 2112 2106 rekende
2147 2044 2180 2104 de
2215 2046 2443 2106 respectlooze
2473 2048 2576 2108 jeugd
2611 2046 2683 2106 toen

1766 2084 1863 2144 reeds
1894 2085 1951 2145 den
1986 2085 2180 2145 grijzenden
2216 2085 2352 2145 dichter
2379 2085 2458 2145 voor
2498 2085 2559 2145 dat
2586 2086 2612 2146 in
2648 2085 2687 2145 de

1766 2123 1856 2183 heele
1886 2124 2169 2184 Oostenrijksche
2200 2124 2401 2184 monarchie
2432 2124 2565 2184 minder
2595 2124 2689 2184 duels

813 2144 1112 2204 oorbijgegaan
1144 2148 1201 2208 zijn
1232 2150 1268 2210 31
1289 2150 1377 2210 jaren
1408 2150 1506 2210 sinds
1527 2150 1563 2210 de
1585 2151 1713 2211 schrij¬

1768 2162 2025 2222 voorkwamen,
2042 2162 2106 2222 dan
2136 2162 2174 2222 de
2201 2162 2269 2222 vele
2295 2162 2367 2222 met
2389 2163 2599 2223 doodelijken
2634 2163 2689 2223 af¬

789 2181 842 2241 ver
872 2183 930 2243 van
968 2186 1042 2246 deze
1071 2189 1337 2249 herinneringen
1371 2189 1449 2249 voor
1479 2189 1533 2249 den
1570 2190 1695 2250 eersten

1761 2201 1830 2261 loop
1861 2201 1869 2261 —
1913 2199 1947 2259 om
1991 2202 2051 2262 van
2082 2201 2116 2261 de
2142 2202 2276 2262 minder
2298 2203 2505 2263 gevaarlijke
2532 2203 2592 2263 nog
2619 2201 2691 2261 niet

782 2222 861 2282 keer
892 2224 949 2284 den
999 2225 1122 2285 auteur
1163 2227 1224 2287 van
1274 2229 1455 2289 „Liebelei"
1500 2229 1712 2289 ontmoette,

1769 2240 1796 2300 te
1825 2240 1964 2300 spreken
1998 2240 2011 2300 —
2063 2242 2113 2302 die
2143 2243 2170 2303 in
2203 2243 2333 2303 Arthur
2362 2243 2581 2303 Schnitzler's
2609 2243 2688 2303 boe¬

783 2263 886 2323 wiens
916 2264 1006 2324 naam
1058 2265 1130 2325 toen
1169 2267 1207 2327 al
1233 2267 1305 2327 met
1336 2268 1575 2328 bewondering
1614 2270 1695 2330 werd

1766 2280 1824 2340 ken
1856 2282 2120 2342 voorkwamen.

782 2303 967 2363 genoemd.
990 2303 1047 2363 Hij
1069 2306 1127 2366 zat
1154 2306 1237 2366 daar
1264 2307 1397 2367 vervuld
1428 2309 1498 2369 met
1525 2309 1583 2369 den
1619 2308 1702 2368 aan¬

1803 2330 1848 2390 De
1894 2330 2007 2390 oorlog
2057 2330 2125 2390 had
2175 2330 2238 2390 aan
2293 2328 2334 2388 de
2384 2330 2683 2390 voor-oorlogsche

782 2341 966 2401 dachtigen
1007 2342 1139 2402 eerbied
1179 2344 1236 2404 van
1289 2347 1346 2407 den
1395 2347 1615 2407 beginneling
1664 2346 1694 2406 en

1762 2368 2135 2428 cavaliersmanieren,
2161 2368 2599 2428 cavaliershartstochten,
2629 2366 2689 2426 de¬

784 2380 901 2440 voelde
933 2382 1001 2442 zich
1038 2383 1279 2443 tegelijkertijd
1316 2384 1515 2444 gescheiden
1556 2386 1638 2446 door
1665 2386 1701 2446 de

1764 2407 1909 2467 cadente
1931 2407 2179 2467 zelfontleding
2210 2407 2244 2467 en
2274 2407 2338 2467 wat
2364 2407 2432 2467 dies
2454 2407 2544 2467 meer
2570 2408 2612 2468 zij
2630 2406 2685 2466 in¬

780 2419 876 2479 diepe
912 2422 1022 2482 kloof,
1045 2422 1097 2482 die
1128 2422 1265 2482 bestaat
1296 2422 1454 2482 tusschen
1491 2425 1530 2485 de
1561 2423 1706 2483 vijf-en¬

1764 2443 1842 2503 eens
1872 2443 1926 2503 een
1964 2443 2059 2503 einde
2092 2443 2275 2503 gemaakt;
2301 2443 2379 2503 heel
2405 2443 2529 2503 andere
2563 2446 2687 2506 vraag¬

781 2458 910 2518 twintig
943 2459 1039 2519 jaren
1073 2458 1131 2518 van
1165 2459 1222 2519 den
1257 2461 1402 2521 discipel
1423 2459 1460 2519 en
1494 2460 1531 2520 de
1561 2461 1706 2521 vijf-en¬

1758 2479 1895 2539 stukken
1952 2482 2012 2542 dan
2068 2482 2353 2542 psychologische
2405 2482 2680 2542 haarkloverijen

783 2496 887 2556 dertig
940 2496 1000 2556 van
1057 2496 1114 2556 den
1175 2497 1417 2557 bewonderden
1474 2497 1712 2557 leermeester.

1762 2519 2007 2579 beheerschten
2053 2519 2086 2579 de
2124 2521 2390 2581 na-oorlogsche
2428 2521 2548 2581 wereld
2594 2521 2681 2581 Deed

783 2533 942 2593 Evenwel
969 2535 1058 2595 stort
1089 2534 1127 2594 de
1158 2536 1239 2596 tijd.
1261 2536 1373 2596 zooals
1403 2536 1497 2596 ieder
1528 2535 1579 2595 uit
1610 2536 1695 2596 eigen

1762 2556 1837 2616 niet
1863 2556 1903 2616 de
1934 2556 2031 2616 kreet
2063 2556 2119 2616 van
2159 2559 2353 2619 millioenen
2389 2559 2424 2619 om
2473 2561 2680 2621 dagelijksch

783 2574 995 2634 smartelijke
1021 2574 1178 2634 ervaring
1204 2574 1312 2634 leeren
1342 2574 1450 2634 moet,
1467 2576 1500 2636 op
1530 2574 1587 2634 den
1621 2574 1704 2634 duur

1762 2595 1860 2655 brood
1899 2595 1967 2655 elke
2002 2597 2131 2657 andere
2161 2598 2233 2658 stem
2281 2598 2431 2658 verloren
2470 2598 2581 2658 gaan?

782 2611 831 2671 die
864 2613 958 2673 kloof
986 2612 1054 2672 vol.
1077 2613 1185 2673 Boven
1222 2613 1259 2673 de
1291 2616 1399 2676 vijftig
1431 2615 1508 2675 jaar
1536 2613 1617 2673 doet
1645 2615 1703 2675 het

1799 2631 1899 2691 Sinds
1922 2634 1972 2694 die
1995 2634 2086 2694 jaren
2114 2634 2214 2694 heeft
2232 2637 2428 2697 Schnitzler
2447 2637 2501 2697 tot
2520 2637 2579 2697 zijn
2602 2637 2684 2697 dood

782 2649 816 2709 er
852 2652 1007 2712 eigenlijk
1052 2652 1166 2712 weinig
1207 2652 1277 2712 toe,
1304 2652 1339 2712 of
1370 2652 1445 2712 men
1486 2652 1538 2712 een
1592 2654 1697 2714 dozijn

1766 2675 1815 2735 toe
1841 2673 1865 2733 in
1895 2673 1948 2733 een
1978 2673 2289 2733 onaanvaardbare
2314 2676 2521 2736 verhouding
2551 2676 2600 2736 tot
2617 2677 2679 2737 zijn

779 2690 877 2750 jaren
917 2691 1006 2751 meer
1042 2690 1075 2750 of
1110 2691 1243 2751 minder
1278 2691 1342 2751 telt
1373 2691 1432 2751 dan
1476 2692 1596 2752 degeen
1636 2691 1708 2751 met

1759 2712 1935 2772 omgeving
1979 2712 2146 2772 gestaan;
2185 2712 2219 2772 de
2262 2715 2438 2775 omgeving
2477 2715 2567 2775 zelde
2611 2715 2670 2775 hem

783 2728 860 2788 wien
899 2729 959 2789 het
989 2729 1127 2789 gesprek
1162 2729 1303 2789 gevoerd
1338 2729 1463 2789 wordt.
1485 2729 1527 2789 De
1562 2730 1699 2790 afstand

1757 2750 1847 2810 niets
1877 2749 1907 2809 en
1946 2750 1997 2810 hij
2019 2750 2088 2810 had
2118 2750 2169 2810 tot
2200 2751 2285 2811 haar
2316 2753 2466 2813 evenmin
2505 2753 2595 2813 meer
2621 2753 2685 2813 iets

783 2768 949 2828 vervaagt
980 2768 1009 2828 en
1048 2767 1108 2827 het
1138 2768 1343 2828 onstuimige
1373 2769 1514 2829 jongere
1545 2768 1702 2828 geslacht

1760 2786 1788 2846 te
1818 2789 1959 2849 zeggen.
1976 2789 2017 2849 Al
2038 2787 2096 2847 het
2121 2789 2249 2849 vleesch
2283 2789 2345 2849 was
2375 2791 2428 2851 van
2462 2792 2499 2852 de
2524 2792 2682 2852 geraam¬

775 2807 804 2867 is
838 2807 871 2867 er
900 2807 988 2867 gauw
1035 2807 1160 2867 genoeg
1198 2808 1244 2868 bij
1278 2810 1311 2870 om
1361 2807 1377 2867 u
1411 2809 1541 2869 zonder
1571 2809 1700 2869 nadere

1760 2825 1811 2885 ten
1850 2827 1957 2887 zijner
1988 2828 2185 2888 problemen
2224 2831 2438 2891 afgevallen,
2464 2831 2511 2891 die
2546 2831 2687 2891 immers

768 2846 962 2906 schifting,
992 2846 1126 2906 tegelijk
1169 2846 1242 2906 met
1277 2848 1333 2908 een
1376 2847 1557 2907 heeleboel
1592 2849 1699 2909 ande¬

1759 2867 1833 2927 niet
1859 2867 1979 2927 langer
2013 2867 2204 2927 problemen
2246 2869 2375 2929 waren.
2401 2869 2433 2929 In
2471 2868 2525 2928 een
2563 2870 2679 2930 wereld

777 2886 858 2946 ren,
881 2885 949 2945 wat
975 2886 1113 2946 minder
1144 2885 1178 2945 of
1209 2885 1277 2945 wat
1308 2887 1433 2947 hooger
1463 2886 1493 2946 in
1528 2886 1648 2946 jaren,
1670 2888 1696 2948 in

1760 2903 1818 2963 van
1872 2903 1964 2963 korte
2014 2906 2139 2966 rokken
2189 2906 2227 2966 en
2277 2909 2564 2969 strandvermaak
2615 2908 2689 2968 met

779 2924 809 2984 te
844 2924 951 2984 deelen
990 2925 1036 2985 bij
1063 2924 1096 2984 de
1131 2927 1269 2987 oudjes,
1291 2926 1337 2986 die
1368 2924 1393 2984 in
1432 2926 1466 2986 de
1501 2926 1599 2986 oogen
1638 2926 1694 2986 van

1755 2941 2051 3001 nauw-sluitende
2082 2944 2197 3004 tricots
2224 2946 2373 3006 plaatste
2396 2945 2447 3005 hij
2464 2947 2528 3007 zijn
2559 2947 2683 3007 „Fraù-

781 2962 995 3022 de„nieuwe
1021 2962 1214 3022 generatie”
1244 2965 1407 3025 allemaal
1429 2965 1505 3025 voor
1531 2964 1702 3024 mumme¬

1761 2980 1819 3040 lein
1847 2980 1959 3040 Else”,
1974 2982 2023 3042 die
2047 2980 2128 3040 door
2151 2982 2200 3042 een
2233 2983 2296 3043 blik
2324 2986 2355 3046 op
2383 2986 2469 3046 haar
2492 2986 2677 3046 naaktheid

780 3004 879 3064 lende
910 3004 1100 3064 grijsaards
1128 3004 1266 3064 gelden.

1762 3019 1818 3079 den
1852 3022 1929 3082 dood
1964 3020 2076 3080 wordt
2102 3022 2325 3082 ingedreven.

819 3043 909 3103 Doch
948 3041 1029 3101 voor
1064 3043 1124 3103 mij
1155 3043 1223 3103 was
1258 3043 1291 3103 de
1326 3042 1399 3102 toen
1443 3040 1700 3100 vijf-en-dertig

1799 3067 1841 3127 De
1879 3070 2004 3130 laatste
2042 3070 2140 3130 keer,
2164 3070 2229 3130 dat
2258 3070 2285 3130 ik
2327 3072 2453 3132 Arthus
2486 3073 2682 3133 Schnitzler

779 3083 887 3143 jarige
916 3082 1129 3142 Schnitzler,
1146 3082 1183 3142 om
1225 3082 1279 3142 zoo
1313 3082 1341 3142 te
1367 3082 1512 3142 zeggen,
1530 3079 1584 3139 een
1617 3082 1700 3142 oude

1751 3108 1876 3168 sprak,
1898 3107 1962 3167 was
1993 3106 2075 3166 kort
2101 3107 2143 3167 na
2178 3108 2239 3168 het
2269 3109 2390 3169 verlies
2416 3109 2476 3169 van
2515 3112 2592 3172 mijn
2632 3110 2683 3170 23-

774 3119 856 3179 heer
882 3119 912 3179 en
947 3121 1089 3181 bepaald
1120 3121 1274 3181 geslagen
1309 3121 1546 3181 constateerde
1577 3121 1624 3181 ik,
1642 3120 1701 3180 dat

1762 3144 1886 3204 jarigen
1924 3147 2028 3207 zoon,
2053 3147 2099 3207 die
2137 3144 2170 3204 op
2208 3147 2262 3207 een
2304 3147 2487 3207 fletstocht
2517 3150 2675 3210 tusschen

780 3159 857 3219 mijn
921 3159 1121 3219 vermaarde
1190 3160 1403 3220 landgenoot
1468 3159 1695 3219 doorloopend

1756 3183 1830 3243 twee
1860 3183 2007 3243 razende
2041 3183 2149 3243 auto’s
2179 3185 2354 3245 verminkt
2384 3186 2489 3246 werd.
2510 3186 2564 3246 Bij
2589 3188 2681 3248 wijze

770 3198 915 3258 zweeg.

1753 3220 1815 3280 van
1845 3222 1953 3282 troost
1974 3223 2079 3283 begon
2108 3223 2158 3283 hij
2179 3222 2313 3282 allerlei
2330 3225 2614 3285 beschouwingen
2644 3227 2677 3287 op

815 3237 875 3297 Een
918 3234 1078 3294 Weener,
1108 3235 1296 3295 bovendien
1353 3237 1608 3297 letterkundige
1661 3234 1693 3294 en

1759 3261 1788 3321 te
1813 3261 1920 3321 zetten
1955 3261 2033 3321 over
2063 3261 2120 3321 het
2146 3261 2329 3321 voorrecht
2355 3262 2412 3322 van
2446 3264 2500 3324 een
2538 3266 2675 3326 vroegen

783 3276 845 3336 dan
874 3276 933 3336 nog
966 3276 1024 3336 wel
1045 3276 1120 3336 een,
1137 3276 1187 3336 die
1212 3276 1275 3336 zich
1308 3276 1366 3336 het
1388 3276 1487 3336 recht
1509 3273 1696 3333 verworven

1755 3299 1838 3359 dood
1884 3300 1921 3360 op
1967 3300 2025 3360 den
2076 3300 2233 3360 drempel
2271 3300 2329 3360 des
2367 3302 2500 3362 levens,
2538 3303 2683 3363 vóórdat

783 3315 845 3375 had
883 3315 916 3375 om
966 3316 1029 3376 zijn
1067 3315 1224 3375 meening
1263 3315 1312 3375 als
1346 3315 1604 3375 gezaghebbend
1646 3314 1696 3374 ten

1757 3338 2049 3398 teleurstellingen
2084 3338 2139 3398 den
2170 3338 2264 3398 moed
2294 3340 2423 3400 konden
2453 3341 2607 3401 knakken
2642 3341 2672 3401 en

779 3352 870 3412 beste
904 3353 933 3413 te
971 3351 1071 3411 geven
1113 3353 1146 3413 en
1189 3353 1582 3413 desniettegenstaande
1616 3353 1694 3413 geen

1755 3377 1817 3437 alle
1863 3377 2071 3437 vertrouwen
2122 3375 2267 3435 verloren
2317 3377 2384 3437 was
2426 3380 2550 3440 gegaan
2600 3380 2679 3440 door

779 3393 881 3453 mond
911 3392 1115 3452 opendeed!

1751 3416 2119 3476 meedoogenloosheid
2158 3416 2190 3476 en
2224 3416 2538 3476 gemeenheid......

826 3431 891 3491 Wie
918 3431 988 3491 ooit
1020 3432 1076 3492 het
1103 3431 1240 3491 rumoer
1267 3431 1364 3491 heeft
1391 3431 1563 3491 gehoord,
1581 3430 1642 3490 dat
1669 3429 1695 3489 in

1794 3452 1917 3512 Korten
1953 3455 2010 3515 tijd
2041 3455 2125 3515 later
2152 3455 2236 3515 werd
2268 3455 2320 3515 hij
2338 3456 2404 3516 zelf
2427 3458 2506 3518 door
2533 3458 2586 3518 een
2617 3457 2679 3517 on¬

780 3471 839 3531 een
880 3473 1038 3533 Weensch
1080 3473 1271 3533 koffichuis
1303 3471 1362 3531 den
1404 3469 1698 3529 binnentredende

1753 3492 1847 3552 geluk
1894 3493 2031 3553 beroofd
2079 3493 2138 3553 van
2186 3494 2246 3554 zijn
2293 3494 2409 3554 eenige
2452 3497 2670 3557 aangebeden

1752 3529 1915 3589 dochter,
1938 3530 2065 3590 terwijl
2092 3532 2137 3592 zij
2160 3532 2223 3592 nog
2260 3532 2287 3592 in
2324 3532 2360 3592 de
2392 3535 2491 3595 poort
2524 3535 2582 3595 van
2619 3536 2677 3596 het

1750 3569 1812 3629 pas
1843 3568 1990 3628 gesloten
2031 3570 2186 3630 huwelijk
2227 3571 2346 3631 stond.

1794 3607 1833 3667 En
1869 3607 1917 3667 die
1949 3607 2014 3667 slag
2050 3607 2147 3667 heeft
2174 3610 2231 3670 hem
2280 3609 2466 3669 gebroken,
2488 3611 2576 3671 alsof
2599 3613 2660 3673 hem

1755 3646 1815 3706 aan
1849 3646 1900 3706 den
1931 3646 2007 3706 lijve
2033 3648 2191 3708 duidelijk
2218 3647 2380 3707 gemaakt
2402 3649 2508 3709 moest
2534 3651 2683 3711 worden,

1755 3686 1817 3746 dat
1846 3685 1900 3745 ook
1938 3685 1975 3745 de
2009 3685 2121 3745 meest
2151 3686 2392 3746 overtuigende
2426 3688 2596 3748 theorieen
2638 3690 2671 3750 en

1753 3720 1941 3780 gedachten
1976 3723 1997 3783 in
2032 3723 2091 3783 het
2113 3723 2246 3783 gezicht
2272 3723 2327 3783 van
2358 3726 2396 3786 de
2418 3726 2525 3786 harde
2551 3726 2675 3786 werke¬

1750 3762 1891 3822 lijkheid
1924 3762 1974 3822 tot
2006 3762 2092 3822 niets
2125 3765 2472 3825 vervluchtigen......
