3392 4352
675 246 897 306 ler's
957 248 1191 308 Death

124 248 244 308 12.
295 250 586 310 Schnit

278 1048 980 1108 „OBSERVER

348 1094 373 1154 I.
390 1094 514 1154 österr.
531 1102 684 1162 behördl.
702 1112 1005 1172 konzessioniertes

316 1143 548 1203 Unternehmen
578 1149 625 1209 für
651 1159 1024 1219 Zeitungs-Ausschnitte

382 1205 523 1265 WIEN,
543 1213 585 1273 I.,
611 1219 870 1279 WOLLZEILE
914 1224 951 1284 11

452 1264 657 1324 TELEPHON
693 1273 878 1333 R-23-0-43

256 1392 477 1452 Ausschnitt
502 1398 567 1458 aus
583 1402 597 1462 :

546 1586 797 1646 Folkseeltanz

244 1615 361 1675 vom:

669 1666 694 1726 8
738 1663 875 1723 OMT.
902 1663 1005 1723 1932

364 1805 623 1865 Schnitzler
664 1807 713 1867 im
784 1805 1062 1865 Denkmal.

278 1864 540 1924 Alezander
580 1860 762 1920 Jarays
803 1861 984 1921 Plastik
1019 1862 1070 1922 ist
1099 1862 1138 1922 zu

556 1906 865 1966 besichtigen.

364 1956 449 2016 Nicht
501 1954 598 2014 lange
654 1956 715 2016 vor
767 1953 873 2013 seinem
946 1954 1032 2014 Tode
1094 1950 1149 2010 hat

271 1999 454 2059 Alexander
485 1998 658 2058 Jaray,
684 1995 740 2055 der
771 1995 1026 2055 schätzenswerte
1057 1995 1153 2055 Bild¬

273 2045 373 2105 hauer
422 2043 527 2103 Artur
557 2042 730 2102 Schnitzler
764 2040 965 2100 modelliert,
1014 2039 1042 2099 es
1081 2037 1129 2097 kam

274 2088 354 2148 aber
400 2088 485 2148 nicht
536 2085 626 2145 mehr
672 2083 773 2143 dazu,
814 2082 874 2142 daß
905 2082 940 2142 er
971 2080 1026 2140 das
1057 2079 1152 2139 Werk

276 2130 435 2190 vollende.
455 2128 589 2188 Seither
614 2129 668 2189 hat
694 2127 738 2187 sich
768 2127 822 2187 der
853 2124 1006 2184 Künstler
1032 2122 1150 2182 immer

278 2174 391 2234 wieder
428 2172 484 2232 mit
510 2171 567 2231 dem
614 2168 815 2228 Gegenstand
862 2168 1058 2228 beschäftigt,
1095 2165 1151 2225 hat

281 2216 486 2276 Erinnerung
523 2214 582 2274 und
608 2213 784 2273 Phantasie
815 2211 925 2271 spielen
962 2210 1052 2270 lassen
1087 2209 1142 2269 und

278 2261 332 2321 das
367 2258 529 2318 Material
549 2258 608 2318 aus
638 2256 726 2316 ihnen
761 2255 878 2315 belebt.
899 2255 967 2315 Nun
1002 2255 1036 2315 ist
1061 2252 1149 2312 mehr

281 2306 327 2366 als
363 2303 430 2363 eine
456 2303 569 2363 Büste,
606 2302 636 2362 es
668 2300 703 2360 ist
729 2300 775 2360 ein
812 2298 945 2358 Bildnis
987 2297 1151 2357 gediehen,

279 2345 323 2405 ein
353 2347 412 2407 aus
438 2345 491 2405 der
516 2344 743 2404 körperlichen,
764 2341 812 2401 der
838 2341 980 2401 geistigen
1016 2338 1075 2398 und
1100 2338 1153 2398 der

278 2390 429 2450 seelischen
471 2387 612 2447 Haltung
649 2385 704 2445 des
741 2383 964 2443 verstorbenen
1005 2380 1152 2440 Dichters

280 2432 487 2492 erwachsenes
512 2431 690 2491 Denkmal,
706 2425 796 2485 dessen
832 2425 1065 2485 „Stimmung“
1096 2422 1156 2482 mit

283 2478 368 2538 jenem
419 2475 544 2535 Gefühl
575 2472 851 2532 übereinstimmt,
882 2468 937 2528 das
978 2467 1047 2527 man
1083 2467 1158 2527 hat,

283 2521 365 2581 wenn
407 2518 479 2578 mon
526 2518 582 2578 den
624 2516 743 2576 Namen
785 2512 976 2572 Schnitzler,
1018 2511 1152 2571 erfühlt,

285 2562 480 2622 ausspricht.

373 2605 428 2665 Die
459 2604 646 2664 allgemeine
677 2598 849 2658 Situation
885 2595 941 2655 des
972 2595 1154 2655 Denkmals

280 2650 350 2710 hebt
375 2650 425 2710 sich
456 2649 541 2709 nicht
567 2647 718 2707 allzusehr
750 2644 810 2704 aus
841 2643 896 2703 der
926 2640 1153 2700 Konvention.

287 2691 361 2751 Man
394 2691 473 2751 sieht
507 2686 567 2746 vor
605 2688 656 2748 sich
698 2684 754 2744 den
801 2682 829 2742 in
867 2682 1034 2742 Gedanken
1068 2679 1156 2739 Ver¬

295 2735 457 2795 sunkenen,
477 2729 600 2789 sitzend,
621 2728 674 2788 den
709 2724 916 2784 Oberkörper
941 2721 1030 2781 leicht
1060 2721 1157 2781 vorn¬

284 2776 360 2836 über
385 2776 524 2836 gebeugt
554 2772 611 2832 und
645 2770 712 2830 nach
747 2767 799 2827 der
828 2764 919 2824 Seite
949 2764 1001 2824 des
1035 2763 1145 2823 rechten

286 2821 415 2881 Armes,
442 2818 535 2878 dessen
572 2815 659 2875 Hand
691 2812 831 2872 zwischen
874 2807 914 2867 die
946 2807 1029 2867 Knie
1055 2807 1159 2867 gelegt

283 2866 332 2926 ist,
348 2864 393 2924 ein
420 2860 520 2920 wenig
547 2857 805 2917 herumgedreht,
826 2850 978 2910 während
1003 2851 1054 2911 der
1080 2849 1155 2909 linke

288 2907 348 2967 Arm
389 2905 469 2965 über
495 2902 540 2962 die
566 2901 747 2961 Banklehne
778 2897 879 2957 gelegt
905 2894 955 2954 ist.
976 2894 1066 2954 Bank
1092 2891 1152 2951 und

287 2950 386 3010 Lehne
411 2949 471 3009 sind
501 2945 565 3005 nur
591 2940 899 3000 andeutungsweise
924 2932 1078 2992 gegeben.
1099 2935 1162 2995 Die

286 2993 508 3053 angenehmste
534 2986 630 3046 Sicht
651 2986 686 3046 ist
707 2984 773 3044 die,
793 2983 838 3043 die
864 2980 915 3040 den
951 2978 1067 3038 Rücken
1098 2977 1158 3037 und

283 3039 328 3099 die
369 3037 465 3097 rechte
507 3030 710 3090 Körperseite
746 3027 796 3087 als
843 3023 888 3083 die
930 3022 1163 3082 Hauptansicht

285 3080 408 3140 nimmt
438 3077 501 3137 und
532 3076 581 3136 die
611 3075 660 3135 den
695 3072 788 3132 Kopf
813 3070 842 3130 im
887 3067 1153 3127 eindrucksvollen

297 3123 406 3183 Profil
430 3118 522 3178 zeigt.

375 3163 417 3223 s
445 3164 481 3224 ist
509 3160 550 3220 ein
578 3158 668 3218 gutes
695 3156 797 3216 Stück
819 3154 946 3214 Arbeit,
968 3152 1021 3212 das
1048 3148 1159 3208 Jaray

291 3209 398 3269 bietet.
425 3205 491 3265 Das
528 3201 667 3261 Modell,
693 3200 718 3260 in
755 3198 857 3258 Gips,
884 3195 950 3255 klar
977 3193 1161 3253 entwickelt,

287 3252 377 3312 wenn
439 3250 515 3310 auch
577 3245 642 3305 mit
694 3243 749 3303 den
817 3237 1157 3297 selbstverständlichen

295 3294 443 3354 Mängeln
481 3290 576 3350 dieses
609 3285 789 3345 Materials
838 3283 991 3343 behaftet,
1030 3282 1082 3342 ist,
1109 3279 1162 3339 seit

291 3338 466 3398 vorgestern
503 3332 563 3392 und
594 3331 644 3391 bis
685 3329 740 3389 zum
786 3328 846 3388 20.
867 3326 911 3386 d.,
947 3323 1053 3383 täglich
1099 3320 1154 3380 von

290 3382 319 3442 10
355 3382 403 3442 bis
429 3380 448 3440 1
479 3377 537 3437 und
572 3377 627 3437 von
662 3374 671 3434 3
706 3371 755 3431 bis
786 3371 820 3431 6,
855 3370 879 3430 in
929 3366 1018 3426 einem
1073 3362 1161 3422 Aus¬

291 3425 524 3485 stellungsraum
572 3418 623 3478 bei
645 3413 796 3473 Würthle
827 3410 853 3470 in
890 3410 941 3470 der
968 3407 1165 3467 Weihburg¬

290 3472 367 3532 gasse
393 3469 424 3529 zu
456 3463 653 3523 besichtigen.
680 3458 747 3518 Der
768 3455 1085 3515 Denkmalentwurf
1112 3449 1163 3509 hat

291 3512 359 3572 eine
387 3509 503 3569 gewisse
530 3505 710 3565 Aktualität
732 3500 784 3560 für
812 3500 880 3560 sich,
897 3497 971 3557 denn
1008 3497 1029 3557 in
1062 3494 1162 3554 Kürze

295 3554 377 3614 jährt
398 3553 450 3613 sich
477 3550 528 3610 der
550 3548 705 3608 Todestag
736 3541 782 3601 des
815 3541 980 3601 Dichters,
996 3538 1053 3598 und
1085 3535 1162 3595 seine

292 3598 390 3658 vielen
420 3592 566 3652 Freunde
592 3591 650 3651 und
675 3586 837 3646 Verehrer
862 3583 979 3643 werden
1014 3580 1156 3640 sicherlich

293 3641 344 3701 das
373 3639 549 3699 Bedürfnis
578 3634 691 3694 haben,
709 3631 839 3691 Jarays
862 3628 952 3688 Werk
976 3625 1168 3685 anzusehen.

1409 246 1535 306 box
1615 248 1796 308 44/3

1668 1515 2366 1575 „OBSERVER

1738 1571 1767 1631 I.
1784 1571 1903 1631 österr.
1925 1571 2077 1631 behördl.
2095 1569 2392 1629 konzessioniertes

1714 1622 1948 1682 Unternehmen
1979 1622 2022 1682 für
2048 1619 2425 1679 Zeitungs-Ausschnitte

1775 1680 1921 1740 WIEN,
1941 1684 1984 1744 I.,
2004 1685 2271 1745 WOLLZEILE
2309 1682 2353 1742 11

1850 1738 2060 1798 TELEPHON
2098 1736 2278 1796 R-23-0-43

1658 1873 1884 1933 Ausschnitt
1911 1870 1974 1930 aus
1990 1873 2006 1933 :

1706 1980 1791 2040 Die
1829 1980 2054 2040 Stunde,
2108 1983 2225 2043 Wen

2031 2079 2368 2139 J.10.1952.

1664 2100 1780 2160 vom:

1675 2303 1768 2363 Ein
1822 2301 2462 2361 Schnitzler-Denkmal

1685 2374 1727 2434 Am
1814 2374 2177 2434 Sommerheidenwèg,
2246 2371 2295 2431 wo
2369 2371 2498 2431 Arthur

1644 2422 1824 2482 Schnitzler
1856 2419 1887 2479 so
1919 2419 1998 2479 gern
2031 2418 2200 2478 spazieren
2237 2419 2337 2479 ging,
2359 2416 2427 2476 soll
2454 2412 2496 2472 ein

1647 2464 1811 2524 Denkmal
1852 2461 1908 2521 für
1955 2464 2006 2524 ihn
2058 2461 2217 2521 errichtet
2258 2458 2407 2518 werden.
2438 2458 2499 2518 Die

1647 2509 1793 2569 nahende
1826 2506 2036 2566 Wiederkehr
2069 2506 2171 2566 seines
2199 2504 2405 2564 Todestages
2432 2503 2507 2563 gibt

1644 2551 1745 2611 seinen
1797 2550 1970 2610 Freunden
2027 2550 2154 2610 Anlaß,
2200 2547 2256 2607 den
2292 2547 2368 2607 Plan
2399 2545 2511 2605 dieses

1652 2595 1825 2655 Denkmals
1850 2592 2085 2652 aufzunehmen
2124 2592 2181 2652 und
2211 2592 2292 2652 auch
2327 2589 2369 2649 die
2399 2589 2504 2649 ersten

1647 2638 1787 2698 Schritte
1818 2637 1873 2697 zur
1904 2637 2187 2697 Verwirklichung
2223 2634 2257 2694 zu
2294 2634 2364 2694 tun.
2410 2634 2510 2694 Elner

1644 2682 1749 2742 dieser
1801 2682 1973 2742 Freunde,
2015 2679 2075 2739 der
2106 2679 2284 2739 Bildhauer
2320 2677 2507 2737 Alexander

1648 2727 1813 2787 Jaray,
1830 2726 1918 2786 zeigt
1941 2724 2024 2784 jetzt
2052 2724 2107 2784 bei
2130 2724 2273 2784 Würthle
2301 2724 2361 2784 das
2384 2719 2511 2779 Modell

1647 2769 1736 2829 eines
1767 2768 1898 2828 solchen
1939 2767 2135 2827 Denkmals.
2166 2765 2231 2825 Der
2262 2765 2397 2825 Dichter
2428 2762 2508 2822 sitzt

1655 2815 1758 2875 (ganze
1789 2813 1906 2873 Figur)
1932 2813 1956 2873 in
1991 2811 2099 2871 seiner
2129 2807 2415 2867 ungezwungenen
2450 2807 2513 2867 Art

1646 2858 1883 2918 nachdenklich
1916 2856 1971 2916 da,
1995 2855 2055 2915 mit
2079 2855 2167 2915 einem
2209 2853 2404 2913 sinnenden,
2428 2852 2506 2912 aber

1646 2900 1853 2960 keineswegs
1908 2898 2046 2958 gewollt
2096 2897 2372 2957 „bedeutenden“
2427 2894 2515 2954 Aus¬

1646 2944 1769 3004 druck,
1814 2944 1897 3004 ganz
1948 2941 2011 3001 und
2066 2943 2130 3003 gar
2160 2939 2333 2999 posenlos,
2363 2938 2417 2998 wie
2452 2938 2510 2998 das

1648 2990 1747 3050 seinen
1797 2986 1911 3046 Wesen
1941 2987 2139 3047 entsprach.
2184 2984 2268 3044 Sehr
2294 2983 2358 3043 gut
2383 2981 2427 3041 ist
2457 2980 2511 3040 der

1649 3033 1734 3093 Kopf
1771 3031 1958 3091 gelungen,
2004 3028 2065 3088 der
2106 3028 2172 3088 sich
2223 3028 2319 3088 nicht
2365 3028 2400 3088 an
2447 3025 2502 3085 den

1648 3076 1830 3136 Schnitzler
1863 3073 1918 3133 der
1947 3073 2068 3133 letzten
2106 3070 2320 3130 Lebenszeit,
2368 3070 2507 3130 sondern

1652 3121 1686 3181 an
1717 3121 1767 3181 den
1798 3119 1950 3179 jüngeren
1981 3118 2072 3178 Mann
2103 3117 2189 3177 hält,
2209 3115 2295 3175 einen
2326 3115 2437 3175 Mann,
2458 3115 2513 3175 der

1646 3166 1749 3226 gewiß
1789 3163 1882 3223 nicht
1912 3161 2049 3221 „schön“
2090 3159 2153 3219 sein
2188 3159 2316 3219 wollte,
2346 3159 2400 3219 den
2435 3159 2508 3219 man

1646 3207 1728 3267 aber
1776 3207 1853 3267 gern
1912 3204 2032 3264 ansah,
2076 3204 2158 3264 auch
2198 3201 2284 3261 wenn
2323 3204 2390 3264 man
2425 3201 2521 3261 nicht

1655 3247 1692 3307 wy
1711 3251 1776 3311 Ste,
1801 3249 1865 3309 was
1899 3249 1931 3309 er
1960 3246 2138 3306 bedentete
2171 3243 2185 3303 —
2242 3245 2274 3305 er
2303 3246 2397 3306 hatte
2430 3245 2509 3305 viele

1655 3296 1796 3356 Freunde
1853 3291 1910 3351 und
1967 3291 2193 3351 Bewunderer
2250 3291 2312 3351 von
2369 3288 2500 3348 solchem

1656 3338 1764 3398 bloßen
1819 3335 1992 3395 Ansehen.
2037 3335 2140 3395 Jaray
2195 3333 2253 3393 hat
2284 3333 2338 3393 dio
2368 3335 2432 3395 Art
2457 3332 2515 3392 des

1656 3383 1804 3443 Dichters
1833 3380 1890 3440 und
1929 3380 1981 3440 des
2011 3377 2183 3437 Menschen
2217 3377 2274 3437 aus
2303 3377 2418 3437 großer
2447 3375 2514 3435 gel¬

1651 3426 1752 3486 stiger
1779 3425 1869 3485 Nähe
1902 3425 1997 3485 völlig
2035 3425 2061 3485 in
2100 3425 2163 3485 sich
2201 3422 2472 3482 aufgenommen.

2344 3462 2387 3522 P.
2407 3464 2476 3524 Stt.
