<?xml version="1.0" encoding="UTF-8" standalone="yes"?>
<PcGts xmlns="http://schema.primaresearch.org/PAGE/gts/pagecontent/2013-07-15" xmlns:xsi="http://www.w3.org/2001/XMLSchema-instance" xsi:schemaLocation="http://schema.primaresearch.org/PAGE/gts/pagecontent/2013-07-15 http://schema.primaresearch.org/PAGE/gts/pagecontent/2013-07-15/pagecontent.xsd">
    <Metadata>
        <Creator>prov=READ-COOP:name=PyLaia@TranskribusPlatform:version=2.12.1:model_id=39995:lm=none:date=09_04_2024_22:51</Creator>
        <Created>2019-10-07T20:40:00.157+02:00</Created>
        <LastChange>2024-04-09T22:51:55.337+02:00</LastChange>
        <TranskribusMetadata docId="224459" pageId="9583434" pageNr="615" tsid="157630941" status="IN_PROGRESS" userId="64420" imgUrl="https://files.transkribus.eu/Get?id=AVUBLQREOXGLMPSYCNTQMTTH&amp;fileType=view" xmlUrl="https://files.transkribus.eu/Get?id=KMXNBWVMFEVWZUHXFXVOMPYT" imageId="6209366"/>
    </Metadata>
    <Page imageFilename="224459_0615.jpeg" imageWidth="3392" imageHeight="4320">
        <ReadingOrder>
            <OrderedGroup id="ro_1712938200178" caption="Regions reading order">
                <RegionRefIndexed index="0" regionRef="tr_1"/>
                <RegionRefIndexed index="1" regionRef="tr_2"/>
            </OrderedGroup>
        </ReadingOrder>
        <TextRegion orientation="0.0" id="tr_1" custom="readingOrder {index:0;}">
            <Coords points="137,297 137,4208 1253,4208 1253,297"/>
            <TextLine id="tr_1_tl_1" custom="readingOrder {index:0;}">
                <Coords points="130,331 437,370 1250,360 1220,257 638,281 585,251 295,309 130,272"/>
                <Baseline points="137,334 192,331 248,332 304,336 360,331 416,331 471,331 527,333 583,337 639,339 695,336 750,334 806,334 862,330 918,327 974,325 1029,322 1085,322 1141,327 1197,336 1253,340"/>
                <Word id="tr_1_tl_1_w1" custom="readingOrder {index:0;}">
                    <Coords points="139,291 139,351 265,351 265,291"/>
                    <TextEquiv>
                        <Unicode>12.</Unicode>
                    </TextEquiv>
                </Word>
                <Word id="tr_1_tl_1_w2" custom="readingOrder {index:1;}">
                    <Coords points="315,298 315,358 913,358 913,298"/>
                    <TextEquiv>
                        <Unicode>Schuitzler's</Unicode>
                    </TextEquiv>
                </Word>
                <Word id="tr_1_tl_1_w3" custom="readingOrder {index:2;}">
                    <Coords points="984,283 984,343 1218,343 1218,283"/>
                    <TextEquiv>
                        <Unicode>Deatl</Unicode>
                    </TextEquiv>
                </Word>
                <TextEquiv>
                    <Unicode>12. Schuitzler's Deatl</Unicode>
                </TextEquiv>
            </TextLine>
            <TextLine id="tr_1_tl_2" custom="readingOrder {index:1;}">
                <Coords points="412,1025 605,1043 626,1029 871,1032 871,972 856,969 705,979 672,962 609,989 455,949 412,970"/>
                <Baseline points="420,1024 445,1024 470,1024 495,1024 520,1025 546,1026 571,1027 596,1027 621,1027 647,1027 672,1025 697,1025 722,1026 747,1026 773,1024 798,1025 823,1027 848,1027 874,1024"/>
                <Word id="tr_1_tl_2_w1" custom="readingOrder {index:0;}">
                    <Coords points="419,984 419,1044 601,1044 601,984"/>
                    <TextEquiv>
                        <Unicode>Sonntag,</Unicode>
                    </TextEquiv>
                </Word>
                <Word id="tr_1_tl_2_w2" custom="readingOrder {index:1;}">
                    <Coords points="626,986 626,1046 684,1046 684,986"/>
                    <TextEquiv>
                        <Unicode>25.</Unicode>
                    </TextEquiv>
                </Word>
                <Word id="tr_1_tl_2_w3" custom="readingOrder {index:2;}">
                    <Coords points="708,984 708,1044 856,1044 856,984"/>
                    <TextEquiv>
                        <Unicode>Oktober</Unicode>
                    </TextEquiv>
                </Word>
                <TextEquiv>
                    <Unicode>Sonntag, 25. Oktober</Unicode>
                </TextEquiv>
            </TextLine>
            <TextLine id="tr_1_tl_3" custom="readingOrder {index:2;}">
                <Coords points="353,1264 378,1255 416,1285 490,1294 586,1290 644,1265 690,1285 736,1266 820,1276 818,1176 783,1167 740,1166 700,1198 612,1197 584,1177 517,1199 480,1178 401,1209 353,1198"/>
                <Baseline points="361,1244 386,1247 412,1250 438,1252 463,1254 489,1256 515,1259 540,1262 566,1262 592,1261 617,1258 643,1257 669,1259 694,1258 720,1256 746,1256 771,1256 797,1254 823,1253"/>
                <Word id="tr_1_tl_3_w1" custom="readingOrder {index:0;}">
                    <Coords points="365,1209 365,1269 454,1269 454,1209"/>
                    <TextEquiv>
                        <Unicode>vie</Unicode>
                    </TextEquiv>
                </Word>
                <Word id="tr_1_tl_3_w2" custom="readingOrder {index:1;}">
                    <Coords points="501,1217 501,1277 771,1277 771,1217"/>
                    <TextEquiv>
                        <Unicode>gecuchte</Unicode>
                    </TextEquiv>
                </Word>
                <TextEquiv>
                    <Unicode>vie gecuchte</Unicode>
                </TextEquiv>
            </TextLine>
            <TextLine id="tr_1_tl_4" custom="readingOrder {index:3;}">
                <Coords points="797,1817 806,1819 807,1824 832,1828 859,1812 863,1819 880,1825 891,1776 884,1773 866,1782 863,1779 848,1782 842,1777 838,1782 821,1783 806,1777"/>
                <Baseline points="803,1824 830,1818 858,1812 886,1806"/>
                <TextEquiv>
                    <Unicode></Unicode>
                </TextEquiv>
            </TextLine>
            <TextLine id="tr_1_tl_5" custom="readingOrder {index:4;}">
                <Coords points="314,2001 342,2012 409,1992 469,2008 711,2004 709,1955 620,1970 550,1959 468,1969 419,1942 313,1955"/>
                <Baseline points="322,1994 348,1994 374,1994 400,1994 426,1995 452,1997 478,1996 504,1994 530,1996 556,1998 582,1999 608,1999 634,1997 660,1997 686,1998 713,2000"/>
                <Word id="tr_1_tl_5_w1" custom="readingOrder {index:0;}">
                    <Coords points="318,1954 318,2014 395,2014 395,1954"/>
                    <TextEquiv>
                        <Unicode>VII.</Unicode>
                    </TextEquiv>
                </Word>
                <Word id="tr_1_tl_5_w2" custom="readingOrder {index:1;}">
                    <Coords points="417,1955 417,2015 626,2015 626,1955"/>
                    <TextEquiv>
                        <Unicode>Kaiserstraße</Unicode>
                    </TextEquiv>
                </Word>
                <Word id="tr_1_tl_5_w3" custom="readingOrder {index:2;}">
                    <Coords points="647,1957 647,2017 698,2017 698,1957"/>
                    <TextEquiv>
                        <Unicode>123</Unicode>
                    </TextEquiv>
                </Word>
                <TextEquiv>
                    <Unicode>VII. Kaiserstraße 123</Unicode>
                </TextEquiv>
            </TextLine>
            <TextLine id="tr_1_tl_6" custom="readingOrder {index:5;}">
                <Coords points="757,2016 807,2008 896,2040 984,2027 1085,2047 1138,2040 1135,1938 1082,1925 1043,1953 989,1925 906,1945 873,1928 820,1931 755,1965"/>
                <Baseline points="764,2006 789,2006 814,2006 839,2008 864,2009 889,2009 914,2009 939,2009 964,2009 989,2009 1014,2011 1039,2012 1064,2014 1089,2016 1114,2017 1140,2018"/>
                <Word id="tr_1_tl_6_w1" custom="readingOrder {index:0;}">
                    <Coords points="769,1969 769,2029 1122,2029 1122,1969"/>
                    <TextEquiv>
                        <Unicode>marue.</Unicode>
                    </TextEquiv>
                </Word>
                <TextEquiv>
                    <Unicode>marue.</Unicode>
                </TextEquiv>
            </TextLine>
            <TextLine id="tr_1_tl_7" custom="readingOrder {index:6;}">
                <Coords points="387,2043 431,2057 472,2040 510,2055 564,2040 665,2064 709,2061 709,2006 680,2012 638,1997 613,2015 568,2001 387,1999"/>
                <Baseline points="394,2039 420,2037 447,2036 473,2036 500,2036 526,2036 553,2038 580,2039 606,2039 633,2038 659,2036 686,2036 713,2039"/>
                <Word id="tr_1_tl_7_w1" custom="readingOrder {index:0;}">
                    <Coords points="392,1996 392,2056 453,2056 453,1996"/>
                    <TextEquiv>
                        <Unicode>IX.</Unicode>
                    </TextEquiv>
                </Word>
                <Word id="tr_1_tl_7_w2" custom="readingOrder {index:1;}">
                    <Coords points="474,1998 474,2058 661,2058 661,1998"/>
                    <TextEquiv>
                        <Unicode>Alserstraße</Unicode>
                    </TextEquiv>
                </Word>
                <Word id="tr_1_tl_7_w3" custom="readingOrder {index:2;}">
                    <Coords points="687,1996 687,2056 702,2056 702,1996"/>
                    <TextEquiv>
                        <Unicode>6</Unicode>
                    </TextEquiv>
                </Word>
                <TextEquiv>
                    <Unicode>IX. Alserstraße 6</Unicode>
                </TextEquiv>
            </TextLine>
            <TextLine id="tr_1_tl_8" custom="readingOrder {index:7;}">
                <Coords points="392,2223 659,2187 1131,2203 1130,2120 1021,2100 870,2125 519,2107 392,2170"/>
                <Baseline points="400,2182 436,2182 473,2182 510,2182 546,2182 583,2182 620,2185 656,2187 693,2188 730,2187 767,2185 803,2185 840,2185 877,2185 913,2186 950,2188 987,2188 1023,2188 1060,2190 1097,2191 1134,2194"/>
                <Word id="tr_1_tl_8_w1" custom="readingOrder {index:0;}">
                    <Coords points="405,2142 405,2202 485,2202 485,2142"/>
                    <TextEquiv>
                        <Unicode>No</Unicode>
                    </TextEquiv>
                </Word>
                <Word id="tr_1_tl_8_w2" custom="readingOrder {index:1;}">
                    <Coords points="535,2142 535,2202 640,2202 640,2142"/>
                    <TextEquiv>
                        <Unicode>war</Unicode>
                    </TextEquiv>
                </Word>
                <Word id="tr_1_tl_8_w3" custom="readingOrder {index:2;}">
                    <Coords points="689,2145 689,2205 926,2205 926,2145"/>
                    <TextEquiv>
                        <Unicode>gestern</Unicode>
                    </TextEquiv>
                </Word>
                <Word id="tr_1_tl_8_w4" custom="readingOrder {index:3;}">
                    <Coords points="974,2148 974,2208 1102,2208 1102,2148"/>
                    <TextEquiv>
                        <Unicode>Herr</Unicode>
                    </TextEquiv>
                </Word>
                <TextEquiv>
                    <Unicode>No war gestern Herr</Unicode>
                </TextEquiv>
            </TextLine>
            <TextLine id="tr_1_tl_9" custom="readingOrder {index:8;}">
                <Coords points="676,2307 709,2301 722,2309 747,2295 774,2307 815,2302 855,2318 881,2302 906,2305 906,2203 866,2203 849,2217 813,2221 792,2203 760,2210 676,2202"/>
                <Baseline points="683,2280 708,2280 733,2280 758,2280 783,2280 809,2282 834,2282 859,2280 884,2279 910,2277"/>
                <Word id="tr_1_tl_9_w1" custom="readingOrder {index:0;}">
                    <Coords points="677,2240 677,2300 889,2300 889,2240"/>
                    <TextEquiv>
                        <Unicode>liklas?</Unicode>
                    </TextEquiv>
                </Word>
                <TextEquiv>
                    <Unicode>liklas?</Unicode>
                </TextEquiv>
            </TextLine>
            <TextLine id="tr_1_tl_10" custom="readingOrder {index:9;}">
                <Coords points="390,2348 1187,2365 1187,2305 1095,2286 772,2322 472,2276 390,2325"/>
                <Baseline points="397,2337 436,2334 476,2336 516,2339 555,2340 595,2339 635,2338 674,2340 714,2340 754,2340 794,2343 833,2343 873,2345 913,2346 952,2346 992,2345 1032,2344 1071,2346 1111,2346 1151,2346 1191,2346"/>
                <Word id="tr_1_tl_10_w1" custom="readingOrder {index:0;}">
                    <Coords points="402,2298 402,2358 606,2358 606,2298"/>
                    <TextEquiv>
                        <Unicode>Jedenfalls</Unicode>
                    </TextEquiv>
                </Word>
                <Word id="tr_1_tl_10_w2" custom="readingOrder {index:1;}">
                    <Coords points="640,2300 640,2360 730,2360 730,2300"/>
                    <TextEquiv>
                        <Unicode>nicht</Unicode>
                    </TextEquiv>
                </Word>
                <Word id="tr_1_tl_10_w3" custom="readingOrder {index:2;}">
                    <Coords points="776,2303 776,2363 816,2363 816,2303"/>
                    <TextEquiv>
                        <Unicode>am</Unicode>
                    </TextEquiv>
                </Word>
                <Word id="tr_1_tl_10_w4" custom="readingOrder {index:3;}">
                    <Coords points="884,2306 884,2366 1003,2366 1003,2306"/>
                    <TextEquiv>
                        <Unicode>Grabe</Unicode>
                    </TextEquiv>
                </Word>
                <Word id="tr_1_tl_10_w5" custom="readingOrder {index:4;}">
                    <Coords points="1054,2306 1054,2366 1184,2366 1184,2306"/>
                    <TextEquiv>
                        <Unicode>Arthur</Unicode>
                    </TextEquiv>
                </Word>
                <TextEquiv>
                    <Unicode>Jedenfalls nicht am Grabe Arthur</Unicode>
                </TextEquiv>
            </TextLine>
            <TextLine id="tr_1_tl_11" custom="readingOrder {index:10;}">
                <Coords points="320,2395 1068,2416 1191,2402 1191,2367 561,2368 318,2328"/>
                <Baseline points="328,2382 371,2382 414,2388 457,2388 501,2388 544,2388 587,2390 631,2391 674,2391 717,2393 761,2394 804,2394 847,2394 890,2394 934,2394 977,2395 1020,2397 1064,2398 1107,2399 1150,2396 1194,2391"/>
                <Word id="tr_1_tl_11_w1" custom="readingOrder {index:0;}">
                    <Coords points="319,2348 319,2408 538,2408 538,2348"/>
                    <TextEquiv>
                        <Unicode>Schnitzlers.</Unicode>
                    </TextEquiv>
                </Word>
                <Word id="tr_1_tl_11_w2" custom="readingOrder {index:1;}">
                    <Coords points="585,2351 585,2411 684,2411 684,2351"/>
                    <TextEquiv>
                        <Unicode>Kann</Unicode>
                    </TextEquiv>
                </Word>
                <Word id="tr_1_tl_11_w3" custom="readingOrder {index:2;}">
                    <Coords points="725,2354 725,2414 805,2414 805,2354"/>
                    <TextEquiv>
                        <Unicode>sein,</Unicode>
                    </TextEquiv>
                </Word>
                <Word id="tr_1_tl_11_w4" custom="readingOrder {index:3;}">
                    <Coords points="835,2354 835,2414 886,2414 886,2354"/>
                    <TextEquiv>
                        <Unicode>bei</Unicode>
                    </TextEquiv>
                </Word>
                <Word id="tr_1_tl_11_w5" custom="readingOrder {index:4;}">
                    <Coords points="922,2354 922,2414 1008,2414 1008,2354"/>
                    <TextEquiv>
                        <Unicode>einem</Unicode>
                    </TextEquiv>
                </Word>
                <Word id="tr_1_tl_11_w6" custom="readingOrder {index:5;}">
                    <Coords points="1061,2357 1061,2417 1187,2417 1187,2357"/>
                    <TextEquiv>
                        <Unicode>Feuer¬</Unicode>
                    </TextEquiv>
                </Word>
                <TextEquiv>
                    <Unicode>Schnitzlers. Kann sein, bei einem Feuer¬</Unicode>
                </TextEquiv>
            </TextLine>
            <TextLine id="tr_1_tl_12" custom="readingOrder {index:11;}">
                <Coords points="317,2443 1188,2456 1188,2402 885,2431 853,2404 317,2395"/>
                <Baseline points="325,2436 368,2436 411,2436 454,2436 498,2433 541,2435 584,2438 628,2437 671,2438 714,2439 758,2439 801,2441 844,2442 887,2442 931,2444 974,2445 1017,2445 1061,2445 1104,2445 1147,2445 1191,2442"/>
                <Word id="tr_1_tl_12_w1" custom="readingOrder {index:0;}">
                    <Coords points="317,2395 317,2455 608,2455 608,2395"/>
                    <TextEquiv>
                        <Unicode>wehrjubiläum,</Unicode>
                    </TextEquiv>
                </Word>
                <Word id="tr_1_tl_12_w2" custom="readingOrder {index:1;}">
                    <Coords points="652,2398 652,2458 710,2458 710,2398"/>
                    <TextEquiv>
                        <Unicode>bei</Unicode>
                    </TextEquiv>
                </Word>
                <Word id="tr_1_tl_12_w3" custom="readingOrder {index:2;}">
                    <Coords points="760,2401 760,2461 851,2461 851,2401"/>
                    <TextEquiv>
                        <Unicode>einer</Unicode>
                    </TextEquiv>
                </Word>
                <Word id="tr_1_tl_12_w4" custom="readingOrder {index:3;}">
                    <Coords points="927,2405 927,2465 1185,2465 1185,2405"/>
                    <TextEquiv>
                        <Unicode>Mastviehaus¬</Unicode>
                    </TextEquiv>
                </Word>
                <TextEquiv>
                    <Unicode>wehrjubiläum, bei einer Mastviehaus¬</Unicode>
                </TextEquiv>
            </TextLine>
            <TextLine id="tr_1_tl_13" custom="readingOrder {index:12;}">
                <Coords points="320,2494 1188,2508 1187,2456 320,2443"/>
                <Baseline points="328,2483 371,2483 414,2486 457,2483 500,2486 543,2486 586,2486 630,2486 673,2486 716,2488 759,2489 802,2489 845,2491 888,2492 932,2492 975,2492 1018,2493 1061,2495 1104,2494 1147,2492 1191,2492"/>
                <Word id="tr_1_tl_13_w1" custom="readingOrder {index:0;}">
                    <Coords points="320,2444 320,2504 452,2504 452,2444"/>
                    <TextEquiv>
                        <Unicode>stellung</Unicode>
                    </TextEquiv>
                </Word>
                <Word id="tr_1_tl_13_w2" custom="readingOrder {index:1;}">
                    <Coords points="489,2446 489,2506 568,2506 568,2446"/>
                    <TextEquiv>
                        <Unicode>oder</Unicode>
                    </TextEquiv>
                </Word>
                <Word id="tr_1_tl_13_w3" custom="readingOrder {index:2;}">
                    <Coords points="600,2446 600,2506 658,2506 658,2446"/>
                    <TextEquiv>
                        <Unicode>gar</Unicode>
                    </TextEquiv>
                </Word>
                <Word id="tr_1_tl_13_w4" custom="readingOrder {index:3;}">
                    <Coords points="711,2448 711,2508 763,2508 763,2448"/>
                    <TextEquiv>
                        <Unicode>bei</Unicode>
                    </TextEquiv>
                </Word>
                <Word id="tr_1_tl_13_w5" custom="readingOrder {index:4;}">
                    <Coords points="812,2451 812,2511 906,2511 906,2451"/>
                    <TextEquiv>
                        <Unicode>einem</Unicode>
                    </TextEquiv>
                </Word>
                <Word id="tr_1_tl_13_w6" custom="readingOrder {index:5;}">
                    <Coords points="976,2454 976,2514 1186,2514 1186,2454"/>
                    <TextEquiv>
                        <Unicode>Heeresbest¬</Unicode>
                    </TextEquiv>
                </Word>
                <TextEquiv>
                    <Unicode>stellung oder gar bei einem Heeresbest¬</Unicode>
                </TextEquiv>
            </TextLine>
            <TextLine id="tr_1_tl_14" custom="readingOrder {index:13;}">
                <Coords points="324,2550 1195,2555 1195,2508 1132,2498 700,2487 491,2522 324,2496"/>
                <Baseline points="331,2534 374,2531 417,2531 460,2534 504,2534 547,2536 590,2537 634,2537 677,2537 720,2537 764,2539 807,2538 850,2539 893,2540 937,2540 980,2540 1023,2541 1067,2543 1110,2543 1153,2542 1197,2543"/>
                <Word id="tr_1_tl_14_w1" custom="readingOrder {index:0;}">
                    <Coords points="319,2491 319,2551 477,2551 477,2491"/>
                    <TextEquiv>
                        <Unicode>schießen.</Unicode>
                    </TextEquiv>
                </Word>
                <Word id="tr_1_tl_14_w2" custom="readingOrder {index:1;}">
                    <Coords points="529,2497 529,2557 721,2557 721,2497"/>
                    <TextEquiv>
                        <Unicode>Natürlich,</Unicode>
                    </TextEquiv>
                </Word>
                <Word id="tr_1_tl_14_w3" custom="readingOrder {index:2;}">
                    <Coords points="744,2498 744,2558 789,2558 789,2498"/>
                    <TextEquiv>
                        <Unicode>ein</Unicode>
                    </TextEquiv>
                </Word>
                <Word id="tr_1_tl_14_w4" custom="readingOrder {index:3;}">
                    <Coords points="830,2500 830,2560 1062,2560 1062,2500"/>
                    <TextEquiv>
                        <Unicode>Landesvater</Unicode>
                    </TextEquiv>
                </Word>
                <Word id="tr_1_tl_14_w5" custom="readingOrder {index:4;}">
                    <Coords points="1096,2502 1096,2562 1180,2562 1180,2502"/>
                    <TextEquiv>
                        <Unicode>hat's</Unicode>
                    </TextEquiv>
                </Word>
                <TextEquiv>
                    <Unicode>schießen. Natürlich, ein Landesvater hat's</Unicode>
                </TextEquiv>
            </TextLine>
            <TextLine id="tr_1_tl_15" custom="readingOrder {index:14;}">
                <Coords points="314,2589 1187,2608 1187,2566 1132,2550 314,2550"/>
                <Baseline points="322,2579 365,2582 408,2582 452,2585 495,2582 539,2582 582,2584 626,2585 669,2587 713,2586 756,2587 799,2588 843,2588 886,2588 930,2590 973,2591 1017,2593 1060,2593 1104,2591 1147,2591 1191,2591"/>
                <Word id="tr_1_tl_15_w1" custom="readingOrder {index:0;}">
                    <Coords points="315,2541 315,2601 407,2601 407,2541"/>
                    <TextEquiv>
                        <Unicode>nicht</Unicode>
                    </TextEquiv>
                </Word>
                <Word id="tr_1_tl_15_w2" custom="readingOrder {index:1;}">
                    <Coords points="431,2542 431,2602 540,2602 540,2542"/>
                    <TextEquiv>
                        <Unicode>leicht,</Unicode>
                    </TextEquiv>
                </Word>
                <Word id="tr_1_tl_15_w3" custom="readingOrder {index:2;}">
                    <Coords points="564,2543 564,2603 592,2603 592,2543"/>
                    <TextEquiv>
                        <Unicode>er</Unicode>
                    </TextEquiv>
                </Word>
                <Word id="tr_1_tl_15_w4" custom="readingOrder {index:3;}">
                    <Coords points="622,2546 622,2606 697,2606 697,2546"/>
                    <TextEquiv>
                        <Unicode>kann</Unicode>
                    </TextEquiv>
                </Word>
                <Word id="tr_1_tl_15_w5" custom="readingOrder {index:4;}">
                    <Coords points="750,2547 750,2607 801,2607 801,2547"/>
                    <TextEquiv>
                        <Unicode>sich</Unicode>
                    </TextEquiv>
                </Word>
                <Word id="tr_1_tl_15_w6" custom="readingOrder {index:5;}">
                    <Coords points="854,2548 854,2608 940,2608 940,2548"/>
                    <TextEquiv>
                        <Unicode>seine</Unicode>
                    </TextEquiv>
                </Word>
                <Word id="tr_1_tl_15_w7" custom="readingOrder {index:6;}">
                    <Coords points="993,2551 993,2611 1189,2611 1189,2551"/>
                    <TextEquiv>
                        <Unicode>Tagesein¬</Unicode>
                    </TextEquiv>
                </Word>
                <TextEquiv>
                    <Unicode>nicht leicht, er kann sich seine Tagesein¬</Unicode>
                </TextEquiv>
            </TextLine>
            <TextLine id="tr_1_tl_16" custom="readingOrder {index:15;}">
                <Coords points="309,2651 1191,2651 1164,2598 309,2596"/>
                <Baseline points="316,2630 359,2630 403,2633 447,2633 491,2633 535,2633 579,2633 623,2633 667,2633 711,2633 755,2635 798,2636 842,2636 886,2636 930,2638 974,2639 1018,2639 1062,2639 1106,2639 1150,2641 1194,2639"/>
                <Word id="tr_1_tl_16_w1" custom="readingOrder {index:0;}">
                    <Coords points="315,2591 315,2651 444,2651 444,2591"/>
                    <TextEquiv>
                        <Unicode>teilung</Unicode>
                    </TextEquiv>
                </Word>
                <Word id="tr_1_tl_16_w2" custom="readingOrder {index:1;}">
                    <Coords points="483,2593 483,2653 684,2653 684,2593"/>
                    <TextEquiv>
                        <Unicode>bekanntlich</Unicode>
                    </TextEquiv>
                </Word>
                <Word id="tr_1_tl_16_w3" custom="readingOrder {index:2;}">
                    <Coords points="738,2595 738,2655 824,2655 824,2595"/>
                    <TextEquiv>
                        <Unicode>nicht</Unicode>
                    </TextEquiv>
                </Word>
                <Word id="tr_1_tl_16_w4" custom="readingOrder {index:3;}">
                    <Coords points="874,2599 874,2659 1075,2659 1075,2599"/>
                    <TextEquiv>
                        <Unicode>aussuchen.</Unicode>
                    </TextEquiv>
                </Word>
                <Word id="tr_1_tl_16_w5" custom="readingOrder {index:4;}">
                    <Coords points="1119,2600 1119,2660 1188,2660 1188,2600"/>
                    <TextEquiv>
                        <Unicode>Die</Unicode>
                    </TextEquiv>
                </Word>
                <TextEquiv>
                    <Unicode>teilung bekanntlich nicht aussuchen. Die</Unicode>
                </TextEquiv>
            </TextLine>
            <TextLine id="tr_1_tl_17" custom="readingOrder {index:16;}">
                <Coords points="309,2696 1184,2698 1184,2660 1106,2640 309,2646"/>
                <Baseline points="316,2677 359,2677 403,2680 446,2680 490,2680 534,2680 577,2680 621,2682 664,2683 708,2683 752,2683 795,2683 839,2685 882,2686 926,2686 970,2688 1013,2689 1057,2689 1100,2687 1144,2687 1188,2686"/>
                <Word id="tr_1_tl_17_w1" custom="readingOrder {index:0;}">
                    <Coords points="315,2637 315,2697 383,2697 383,2637"/>
                    <TextEquiv>
                        <Unicode>alte</Unicode>
                    </TextEquiv>
                </Word>
                <Word id="tr_1_tl_17_w2" custom="readingOrder {index:1;}">
                    <Coords points="412,2640 412,2700 586,2700 586,2640"/>
                    <TextEquiv>
                        <Unicode>berühmte</Unicode>
                    </TextEquiv>
                </Word>
                <Word id="tr_1_tl_17_w3" custom="readingOrder {index:2;}">
                    <Coords points="610,2643 610,2703 808,2703 808,2643"/>
                    <TextEquiv>
                        <Unicode>Höflichkeit</Unicode>
                    </TextEquiv>
                </Word>
                <Word id="tr_1_tl_17_w4" custom="readingOrder {index:3;}">
                    <Coords points="831,2645 831,2705 887,2705 887,2645"/>
                    <TextEquiv>
                        <Unicode>der</Unicode>
                    </TextEquiv>
                </Word>
                <Word id="tr_1_tl_17_w5" custom="readingOrder {index:4;}">
                    <Coords points="910,2648 910,2708 1039,2708 1039,2648"/>
                    <TextEquiv>
                        <Unicode>Könige</Unicode>
                    </TextEquiv>
                </Word>
                <Word id="tr_1_tl_17_w6" custom="readingOrder {index:5;}">
                    <Coords points="1068,2647 1068,2707 1107,2707 1107,2647"/>
                    <TextEquiv>
                        <Unicode>ist</Unicode>
                    </TextEquiv>
                </Word>
                <Word id="tr_1_tl_17_w7" custom="readingOrder {index:6;}">
                    <Coords points="1131,2646 1131,2706 1175,2706 1175,2646"/>
                    <TextEquiv>
                        <Unicode>ein</Unicode>
                    </TextEquiv>
                </Word>
                <TextEquiv>
                    <Unicode>alte berühmte Höflichkeit der Könige ist ein</Unicode>
                </TextEquiv>
            </TextLine>
            <TextLine id="tr_1_tl_18" custom="readingOrder {index:17;}">
                <Coords points="320,2741 1187,2748 1185,2699 1057,2688 857,2713 318,2691"/>
                <Baseline points="328,2728 371,2728 414,2728 457,2728 500,2731 543,2731 586,2731 630,2731 673,2733 716,2732 759,2731 802,2733 845,2734 888,2734 932,2735 975,2738 1018,2740 1061,2739 1104,2738 1147,2740 1191,2737"/>
                <Word id="tr_1_tl_18_w1" custom="readingOrder {index:0;}">
                    <Coords points="313,2688 313,2748 429,2748 429,2688"/>
                    <TextEquiv>
                        <Unicode>saures</Unicode>
                    </TextEquiv>
                </Word>
                <Word id="tr_1_tl_18_w2" custom="readingOrder {index:1;}">
                    <Coords points="461,2691 461,2751 562,2751 562,2691"/>
                    <TextEquiv>
                        <Unicode>Amt,</Unicode>
                    </TextEquiv>
                </Word>
                <Word id="tr_1_tl_18_w3" custom="readingOrder {index:2;}">
                    <Coords points="589,2691 589,2751 621,2751 621,2691"/>
                    <TextEquiv>
                        <Unicode>zu</Unicode>
                    </TextEquiv>
                </Word>
                <Word id="tr_1_tl_18_w4" custom="readingOrder {index:3;}">
                    <Coords points="658,2692 658,2752 711,2752 711,2692"/>
                    <TextEquiv>
                        <Unicode>dem</Unicode>
                    </TextEquiv>
                </Word>
                <Word id="tr_1_tl_18_w5" custom="readingOrder {index:4;}">
                    <Coords points="760,2692 760,2752 834,2752 834,2692"/>
                    <TextEquiv>
                        <Unicode>noch</Unicode>
                    </TextEquiv>
                </Word>
                <Word id="tr_1_tl_18_w6" custom="readingOrder {index:5;}">
                    <Coords points="871,2694 871,2754 950,2754 950,2694"/>
                    <TextEquiv>
                        <Unicode>dazu</Unicode>
                    </TextEquiv>
                </Word>
                <Word id="tr_1_tl_18_w7" custom="readingOrder {index:6;}">
                    <Coords points="989,2699 989,2759 1084,2759 1084,2699"/>
                    <TextEquiv>
                        <Unicode>frohe</Unicode>
                    </TextEquiv>
                </Word>
                <Word id="tr_1_tl_18_w8" custom="readingOrder {index:7;}">
                    <Coords points="1116,2699 1116,2759 1179,2759 1179,2699"/>
                    <TextEquiv>
                        <Unicode>und</Unicode>
                    </TextEquiv>
                </Word>
                <TextEquiv>
                    <Unicode>saures Amt, zu dem noch dazu frohe und</Unicode>
                </TextEquiv>
            </TextLine>
            <TextLine id="tr_1_tl_19" custom="readingOrder {index:18;}">
                <Coords points="324,2790 1188,2792 1173,2746 323,2741"/>
                <Baseline points="331,2779 374,2776 417,2779 460,2776 503,2779 546,2779 589,2779 632,2779 675,2781 718,2782 761,2782 804,2784 847,2785 890,2785 933,2785 976,2786 1019,2788 1062,2787 1105,2786 1148,2787 1191,2785"/>
                <Word id="tr_1_tl_19_w1" custom="readingOrder {index:0;}">
                    <Coords points="324,2737 324,2797 456,2797 456,2737"/>
                    <TextEquiv>
                        <Unicode>festliche</Unicode>
                    </TextEquiv>
                </Word>
                <Word id="tr_1_tl_19_w2" custom="readingOrder {index:1;}">
                    <Coords points="484,2739 484,2799 599,2799 599,2739"/>
                    <TextEquiv>
                        <Unicode>Miene</Unicode>
                    </TextEquiv>
                </Word>
                <Word id="tr_1_tl_19_w3" custom="readingOrder {index:2;}">
                    <Coords points="633,2741 633,2801 776,2801 776,2741"/>
                    <TextEquiv>
                        <Unicode>gemacht</Unicode>
                    </TextEquiv>
                </Word>
                <Word id="tr_1_tl_19_w4" custom="readingOrder {index:3;}">
                    <Coords points="805,2745 805,2805 931,2805 931,2745"/>
                    <TextEquiv>
                        <Unicode>werden</Unicode>
                    </TextEquiv>
                </Word>
                <Word id="tr_1_tl_19_w5" custom="readingOrder {index:4;}">
                    <Coords points="971,2747 971,2807 1064,2807 1064,2747"/>
                    <TextEquiv>
                        <Unicode>muß.</Unicode>
                    </TextEquiv>
                </Word>
                <Word id="tr_1_tl_19_w6" custom="readingOrder {index:5;}">
                    <Coords points="1092,2746 1092,2806 1186,2806 1186,2746"/>
                    <TextEquiv>
                        <Unicode>Viel¬</Unicode>
                    </TextEquiv>
                </Word>
                <TextEquiv>
                    <Unicode>festliche Miene gemacht werden muß. Viel¬</Unicode>
                </TextEquiv>
            </TextLine>
            <TextLine id="tr_1_tl_20" custom="readingOrder {index:19;}">
                <Coords points="310,2836 1180,2858 1190,2791 309,2791"/>
                <Baseline points="316,2824 359,2827 403,2827 447,2827 491,2827 535,2827 579,2827 623,2830 667,2830 711,2830 755,2830 798,2830 842,2830 886,2830 930,2832 974,2835 1018,2836 1062,2836 1106,2836 1150,2836 1194,2839"/>
                <Word id="tr_1_tl_20_w1" custom="readingOrder {index:0;}">
                    <Coords points="315,2787 315,2847 411,2847 411,2787"/>
                    <TextEquiv>
                        <Unicode>leicht</Unicode>
                    </TextEquiv>
                </Word>
                <Word id="tr_1_tl_20_w2" custom="readingOrder {index:1;}">
                    <Coords points="439,2787 439,2847 552,2847 552,2787"/>
                    <TextEquiv>
                        <Unicode>wußte</Unicode>
                    </TextEquiv>
                </Word>
                <Word id="tr_1_tl_20_w3" custom="readingOrder {index:2;}">
                    <Coords points="606,2790 606,2850 665,2850 665,2790"/>
                    <TextEquiv>
                        <Unicode>der</Unicode>
                    </TextEquiv>
                </Word>
                <Word id="tr_1_tl_20_w4" custom="readingOrder {index:3;}">
                    <Coords points="720,2790 720,2850 806,2850 806,2790"/>
                    <TextEquiv>
                        <Unicode>Herr</Unicode>
                    </TextEquiv>
                </Word>
                <Word id="tr_1_tl_20_w5" custom="readingOrder {index:4;}">
                    <Coords points="860,2796 860,2856 1184,2856 1184,2796"/>
                    <TextEquiv>
                        <Unicode>Bundespräsident</Unicode>
                    </TextEquiv>
                </Word>
                <TextEquiv>
                    <Unicode>leicht wußte der Herr Bundespräsident</Unicode>
                </TextEquiv>
            </TextLine>
            <TextLine id="tr_1_tl_21" custom="readingOrder {index:20;}">
                <Coords points="309,2879 903,2886 1008,2915 1187,2899 1187,2858 307,2836"/>
                <Baseline points="316,2872 359,2875 403,2875 447,2878 491,2878 534,2878 578,2878 622,2878 666,2878 709,2880 753,2880 797,2880 841,2880 884,2880 928,2882 972,2883 1016,2883 1059,2885 1103,2884 1147,2885 1191,2886"/>
                <Word id="tr_1_tl_21_w1" custom="readingOrder {index:0;}">
                    <Coords points="314,2835 314,2895 475,2895 475,2835"/>
                    <TextEquiv>
                        <Unicode>übrigens</Unicode>
                    </TextEquiv>
                </Word>
                <Word id="tr_1_tl_21_w2" custom="readingOrder {index:1;}">
                    <Coords points="505,2838 505,2898 568,2898 568,2838"/>
                    <TextEquiv>
                        <Unicode>gar</Unicode>
                    </TextEquiv>
                </Word>
                <Word id="tr_1_tl_21_w3" custom="readingOrder {index:2;}">
                    <Coords points="592,2838 592,2898 690,2898 690,2838"/>
                    <TextEquiv>
                        <Unicode>nicht,</Unicode>
                    </TextEquiv>
                </Word>
                <Word id="tr_1_tl_21_w4" custom="readingOrder {index:3;}">
                    <Coords points="714,2840 714,2900 766,2900 766,2840"/>
                    <TextEquiv>
                        <Unicode>daß</Unicode>
                    </TextEquiv>
                </Word>
                <Word id="tr_1_tl_21_w5" custom="readingOrder {index:4;}">
                    <Coords points="796,2840 796,2900 1015,2900 1015,2840"/>
                    <TextEquiv>
                        <Unicode>Oesterreichs</Unicode>
                    </TextEquiv>
                </Word>
                <Word id="tr_1_tl_21_w6" custom="readingOrder {index:5;}">
                    <Coords points="1045,2844 1045,2904 1183,2904 1183,2844"/>
                    <TextEquiv>
                        <Unicode>größter</Unicode>
                    </TextEquiv>
                </Word>
                <TextEquiv>
                    <Unicode>übrigens gar nicht, daß Oesterreichs größter</Unicode>
                </TextEquiv>
            </TextLine>
            <TextLine id="tr_1_tl_22" custom="readingOrder {index:21;}">
                <Coords points="317,2931 1184,2947 1184,2903 1141,2892 1008,2914 903,2887 317,2885"/>
                <Baseline points="325,2919 368,2922 411,2925 454,2925 497,2925 540,2925 583,2927 627,2928 670,2928 713,2928 756,2928 799,2928 842,2930 885,2929 929,2929 972,2931 1015,2931 1058,2932 1101,2934 1144,2934 1188,2934"/>
                <Word id="tr_1_tl_22_w1" custom="readingOrder {index:0;}">
                    <Coords points="318,2882 318,2942 442,2942 442,2882"/>
                    <TextEquiv>
                        <Unicode>Dichter</Unicode>
                    </TextEquiv>
                </Word>
                <Word id="tr_1_tl_22_w2" custom="readingOrder {index:1;}">
                    <Coords points="471,2885 471,2945 635,2945 635,2885"/>
                    <TextEquiv>
                        <Unicode>gestorben</Unicode>
                    </TextEquiv>
                </Word>
                <Word id="tr_1_tl_22_w3" custom="readingOrder {index:2;}">
                    <Coords points="676,2888 676,2948 732,2948 732,2888"/>
                    <TextEquiv>
                        <Unicode>ist,</Unicode>
                    </TextEquiv>
                </Word>
                <Word id="tr_1_tl_22_w4" custom="readingOrder {index:3;}">
                    <Coords points="750,2888 750,2948 789,2948 789,2888"/>
                    <TextEquiv>
                        <Unicode>ich</Unicode>
                    </TextEquiv>
                </Word>
                <Word id="tr_1_tl_22_w5" custom="readingOrder {index:4;}">
                    <Coords points="824,2889 824,2949 902,2949 902,2889"/>
                    <TextEquiv>
                        <Unicode>bitt'</Unicode>
                    </TextEquiv>
                </Word>
                <Word id="tr_1_tl_22_w6" custom="readingOrder {index:5;}">
                    <Coords points="920,2890 920,2950 1005,2950 1005,2890"/>
                    <TextEquiv>
                        <Unicode>Sie,</Unicode>
                    </TextEquiv>
                </Word>
                <Word id="tr_1_tl_22_w7" custom="readingOrder {index:6;}">
                    <Coords points="1028,2894 1028,2954 1186,2954 1186,2894"/>
                    <TextEquiv>
                        <Unicode>Wichtig¬</Unicode>
                    </TextEquiv>
                </Word>
                <TextEquiv>
                    <Unicode>Dichter gestorben ist, ich bitt' Sie, Wichtig¬</Unicode>
                </TextEquiv>
            </TextLine>
            <TextLine id="tr_1_tl_23" custom="readingOrder {index:22;}">
                <Coords points="311,2982 1121,2999 1187,2992 1187,2947 310,2931"/>
                <Baseline points="319,2970 362,2970 406,2970 449,2973 493,2976 537,2973 580,2975 624,2976 667,2978 711,2977 755,2978 798,2979 842,2977 885,2980 929,2980 973,2981 1016,2982 1060,2982 1103,2982 1147,2982 1191,2979"/>
                <Word id="tr_1_tl_23_w1" custom="readingOrder {index:0;}">
                    <Coords points="311,2930 311,2990 393,2990 393,2930"/>
                    <TextEquiv>
                        <Unicode>keit,</Unicode>
                    </TextEquiv>
                </Word>
                <Word id="tr_1_tl_23_w2" custom="readingOrder {index:1;}">
                    <Coords points="410,2931 410,2991 437,2991 437,2931"/>
                    <TextEquiv>
                        <Unicode>in</Unicode>
                    </TextEquiv>
                </Word>
                <Word id="tr_1_tl_23_w3" custom="readingOrder {index:2;}">
                    <Coords points="482,2933 482,2993 586,2993 586,2933"/>
                    <TextEquiv>
                        <Unicode>diesen</Unicode>
                    </TextEquiv>
                </Word>
                <Word id="tr_1_tl_23_w4" custom="readingOrder {index:3;}">
                    <Coords points="626,2937 626,2997 841,2997 841,2937"/>
                    <TextEquiv>
                        <Unicode>aufgeregten</Unicode>
                    </TextEquiv>
                </Word>
                <Word id="tr_1_tl_23_w5" custom="readingOrder {index:4;}">
                    <Coords points="898,2940 898,3000 1040,3000 1040,2940"/>
                    <TextEquiv>
                        <Unicode>Zeiten.</Unicode>
                    </TextEquiv>
                </Word>
                <Word id="tr_1_tl_23_w6" custom="readingOrder {index:5;}">
                    <Coords points="1091,2942 1091,3002 1179,3002 1179,2942"/>
                    <TextEquiv>
                        <Unicode>Aber</Unicode>
                    </TextEquiv>
                </Word>
                <TextEquiv>
                    <Unicode>keit, in diesen aufgeregten Zeiten. Aber</Unicode>
                </TextEquiv>
            </TextLine>
            <TextLine id="tr_1_tl_24" custom="readingOrder {index:23;}">
                <Coords points="314,3033 1194,3038 1174,2991 314,2981"/>
                <Baseline points="322,3018 365,3021 409,3021 452,3021 496,3024 540,3021 583,3023 627,3024 670,3024 714,3026 758,3027 801,3027 845,3027 888,3027 932,3027 976,3029 1019,3030 1063,3030 1106,3030 1150,3031 1194,3033"/>
                <Word id="tr_1_tl_24_w1" custom="readingOrder {index:0;}">
                    <Coords points="309,2981 309,3041 486,3041 486,2981"/>
                    <TextEquiv>
                        <Unicode>schließlich</Unicode>
                    </TextEquiv>
                </Word>
                <Word id="tr_1_tl_24_w2" custom="readingOrder {index:1;}">
                    <Coords points="521,2981 521,3041 595,3041 595,2981"/>
                    <TextEquiv>
                        <Unicode>gibt</Unicode>
                    </TextEquiv>
                </Word>
                <Word id="tr_1_tl_24_w3" custom="readingOrder {index:2;}">
                    <Coords points="624,2984 624,3044 652,3044 652,2984"/>
                    <TextEquiv>
                        <Unicode>es</Unicode>
                    </TextEquiv>
                </Word>
                <Word id="tr_1_tl_24_w4" custom="readingOrder {index:3;}">
                    <Coords points="687,2986 687,3046 790,3046 790,2986"/>
                    <TextEquiv>
                        <Unicode>sogar</Unicode>
                    </TextEquiv>
                </Word>
                <Word id="tr_1_tl_24_w5" custom="readingOrder {index:4;}">
                    <Coords points="842,2987 842,3047 870,3047 870,2987"/>
                    <TextEquiv>
                        <Unicode>in</Unicode>
                    </TextEquiv>
                </Word>
                <Word id="tr_1_tl_24_w6" custom="readingOrder {index:5;}">
                    <Coords points="905,2987 905,3047 967,3047 967,2987"/>
                    <TextEquiv>
                        <Unicode>der</Unicode>
                    </TextEquiv>
                </Word>
                <Word id="tr_1_tl_24_w7" custom="readingOrder {index:6;}">
                    <Coords points="1014,2990 1014,3050 1185,3050 1185,2990"/>
                    <TextEquiv>
                        <Unicode>Republik</Unicode>
                    </TextEquiv>
                </Word>
                <TextEquiv>
                    <Unicode>schließlich gibt es sogar in der Republik</Unicode>
                </TextEquiv>
            </TextLine>
            <TextLine id="tr_1_tl_25" custom="readingOrder {index:24;}">
                <Coords points="314,3082 1141,3101 1192,3084 1192,3040 313,3031"/>
                <Baseline points="322,3066 365,3069 409,3069 452,3069 496,3072 540,3072 583,3072 627,3072 670,3072 714,3074 758,3073 801,3072 845,3074 888,3075 932,3075 976,3077 1019,3078 1063,3080 1106,3079 1150,3079 1194,3081"/>
                <Word id="tr_1_tl_25_w1" custom="readingOrder {index:0;}">
                    <Coords points="313,3027 313,3087 371,3087 371,3027"/>
                    <TextEquiv>
                        <Unicode>und</Unicode>
                    </TextEquiv>
                </Word>
                <Word id="tr_1_tl_25_w2" custom="readingOrder {index:1;}">
                    <Coords points="409,3029 409,3089 440,3089 440,3029"/>
                    <TextEquiv>
                        <Unicode>in</Unicode>
                    </TextEquiv>
                </Word>
                <Word id="tr_1_tl_25_w3" custom="readingOrder {index:2;}">
                    <Coords points="478,3032 478,3092 584,3092 584,3032"/>
                    <TextEquiv>
                        <Unicode>dieser</Unicode>
                    </TextEquiv>
                </Word>
                <Word id="tr_1_tl_25_w4" custom="readingOrder {index:3;}">
                    <Coords points="616,3032 616,3092 674,3092 674,3032"/>
                    <TextEquiv>
                        <Unicode>erst</Unicode>
                    </TextEquiv>
                </Word>
                <Word id="tr_1_tl_25_w5" custom="readingOrder {index:4;}">
                    <Coords points="707,3033 707,3093 786,3093 786,3033"/>
                    <TextEquiv>
                        <Unicode>recht</Unicode>
                    </TextEquiv>
                </Word>
                <Word id="tr_1_tl_25_w6" custom="readingOrder {index:5;}">
                    <Coords points="813,3034 813,3094 887,3094 887,3034"/>
                    <TextEquiv>
                        <Unicode>noch</Unicode>
                    </TextEquiv>
                </Word>
                <Word id="tr_1_tl_25_w7" custom="readingOrder {index:6;}">
                    <Coords points="920,3039 920,3099 1174,3099 1174,3039"/>
                    <TextEquiv>
                        <Unicode>Sektionschefs</Unicode>
                    </TextEquiv>
                </Word>
                <TextEquiv>
                    <Unicode>und in dieser erst recht noch Sektionschefs</Unicode>
                </TextEquiv>
            </TextLine>
            <TextLine id="tr_1_tl_26" custom="readingOrder {index:25;}">
                <Coords points="309,3125 1187,3139 1187,3098 1036,3086 920,3116 881,3084 757,3108 309,3086"/>
                <Baseline points="316,3116 359,3116 403,3116 447,3119 491,3119 534,3119 578,3119 622,3119 666,3121 709,3124 753,3125 797,3123 841,3124 884,3125 928,3125 972,3127 1016,3128 1059,3128 1103,3128 1147,3128 1191,3122"/>
                <Word id="tr_1_tl_26_w1" custom="readingOrder {index:0;}">
                    <Coords points="314,3076 314,3136 375,3136 375,3076"/>
                    <TextEquiv>
                        <Unicode>und</Unicode>
                    </TextEquiv>
                </Word>
                <Word id="tr_1_tl_26_w2" custom="readingOrder {index:1;}">
                    <Coords points="438,3079 438,3139 716,3139 716,3079"/>
                    <TextEquiv>
                        <Unicode>Präsidialisten,</Unicode>
                    </TextEquiv>
                </Word>
                <Word id="tr_1_tl_26_w3" custom="readingOrder {index:2;}">
                    <Coords points="789,3083 789,3143 881,3143 881,3083"/>
                    <TextEquiv>
                        <Unicode>deren</Unicode>
                    </TextEquiv>
                </Word>
                <Word id="tr_1_tl_26_w4" custom="readingOrder {index:3;}">
                    <Coords points="969,3088 969,3148 1180,3148 1180,3088"/>
                    <TextEquiv>
                        <Unicode>verdammte</Unicode>
                    </TextEquiv>
                </Word>
                <TextEquiv>
                    <Unicode>und Präsidialisten, deren verdammte</Unicode>
                </TextEquiv>
            </TextLine>
            <TextLine id="tr_1_tl_27" custom="readingOrder {index:26;}">
                <Coords points="309,3183 1125,3196 1185,3185 1187,3149 307,3125"/>
                <Baseline points="316,3164 359,3164 403,3164 447,3164 491,3167 534,3164 578,3167 622,3170 666,3170 709,3170 753,3170 797,3170 841,3170 884,3172 928,3173 972,3173 1016,3173 1059,3177 1103,3179 1147,3177 1191,3173"/>
                <Word id="tr_1_tl_27_w1" custom="readingOrder {index:0;}">
                    <Coords points="313,3124 313,3184 440,3184 440,3124"/>
                    <TextEquiv>
                        <Unicode>Pflicht</Unicode>
                    </TextEquiv>
                </Word>
                <Word id="tr_1_tl_27_w2" custom="readingOrder {index:1;}">
                    <Coords points="468,3126 468,3186 529,3186 529,3126"/>
                    <TextEquiv>
                        <Unicode>und</Unicode>
                    </TextEquiv>
                </Word>
                <Word id="tr_1_tl_27_w3" custom="readingOrder {index:2;}">
                    <Coords points="563,3130 563,3190 795,3190 795,3130"/>
                    <TextEquiv>
                        <Unicode>Schuldigkeit</Unicode>
                    </TextEquiv>
                </Word>
                <Word id="tr_1_tl_27_w4" custom="readingOrder {index:3;}">
                    <Coords points="818,3130 818,3190 851,3190 851,3130"/>
                    <TextEquiv>
                        <Unicode>es</Unicode>
                    </TextEquiv>
                </Word>
                <Word id="tr_1_tl_27_w5" custom="readingOrder {index:4;}">
                    <Coords points="885,3132 885,3192 934,3192 934,3132"/>
                    <TextEquiv>
                        <Unicode>ist,</Unicode>
                    </TextEquiv>
                </Word>
                <Word id="tr_1_tl_27_w6" custom="readingOrder {index:5;}">
                    <Coords points="957,3133 957,3193 1006,3193 1006,3133"/>
                    <TextEquiv>
                        <Unicode>ihr</Unicode>
                    </TextEquiv>
                </Word>
                <Word id="tr_1_tl_27_w7" custom="readingOrder {index:6;}">
                    <Coords points="1035,3138 1035,3198 1184,3198 1184,3138"/>
                    <TextEquiv>
                        <Unicode>Staats¬</Unicode>
                    </TextEquiv>
                </Word>
                <TextEquiv>
                    <Unicode>Pflicht und Schuldigkeit es ist, ihr Staats¬</Unicode>
                </TextEquiv>
            </TextLine>
            <TextLine id="tr_1_tl_28" custom="readingOrder {index:27;}">
                <Coords points="311,3224 1183,3242 1169,3188 311,3183"/>
                <Baseline points="319,3215 362,3215 405,3215 448,3215 492,3215 535,3217 578,3218 622,3218 665,3220 708,3219 752,3218 795,3220 838,3221 881,3221 925,3221 968,3221 1011,3222 1055,3225 1098,3227 1141,3227 1185,3227"/>
                <Word id="tr_1_tl_28_w1" custom="readingOrder {index:0;}">
                    <Coords points="311,3175 311,3235 506,3235 506,3175"/>
                    <TextEquiv>
                        <Unicode>oberhaupt</Unicode>
                    </TextEquiv>
                </Word>
                <Word id="tr_1_tl_28_w2" custom="readingOrder {index:1;}">
                    <Coords points="538,3177 538,3237 599,3237 599,3177"/>
                    <TextEquiv>
                        <Unicode>mit</Unicode>
                    </TextEquiv>
                </Word>
                <Word id="tr_1_tl_28_w3" custom="readingOrder {index:2;}">
                    <Coords points="625,3178 625,3238 852,3238 852,3178"/>
                    <TextEquiv>
                        <Unicode>entsprechend</Unicode>
                    </TextEquiv>
                </Word>
                <Word id="tr_1_tl_28_w4" custom="readingOrder {index:3;}">
                    <Coords points="888,3181 888,3241 1027,3241 1027,3181"/>
                    <TextEquiv>
                        <Unicode>devotem</Unicode>
                    </TextEquiv>
                </Word>
                <Word id="tr_1_tl_28_w5" custom="readingOrder {index:4;}">
                    <Coords points="1079,3187 1079,3247 1182,3247 1182,3187"/>
                    <TextEquiv>
                        <Unicode>Nach¬</Unicode>
                    </TextEquiv>
                </Word>
                <TextEquiv>
                    <Unicode>oberhaupt mit entsprechend devotem Nach¬</Unicode>
                </TextEquiv>
            </TextLine>
            <TextLine id="tr_1_tl_29" custom="readingOrder {index:28;}">
                <Coords points="313,3285 899,3287 908,3235 311,3227"/>
                <Baseline points="319,3266 348,3264 378,3263 408,3263 437,3265 467,3266 497,3266 526,3264 556,3263 586,3263 616,3267 645,3269 675,3269 705,3269 734,3269 764,3269 794,3269 823,3269 853,3269 883,3271 913,3272"/>
                <Word id="tr_1_tl_29_w1" custom="readingOrder {index:0;}">
                    <Coords points="311,3223 311,3283 399,3283 399,3223"/>
                    <TextEquiv>
                        <Unicode>druck</Unicode>
                    </TextEquiv>
                </Word>
                <Word id="tr_1_tl_29_w2" custom="readingOrder {index:1;}">
                    <Coords points="431,3223 431,3283 635,3283 635,3223"/>
                    <TextEquiv>
                        <Unicode>aufmerksam</Unicode>
                    </TextEquiv>
                </Word>
                <Word id="tr_1_tl_29_w3" custom="readingOrder {index:2;}">
                    <Coords points="687,3229 687,3289 719,3289 719,3229"/>
                    <TextEquiv>
                        <Unicode>zu</Unicode>
                    </TextEquiv>
                </Word>
                <Word id="tr_1_tl_29_w4" custom="readingOrder {index:3;}">
                    <Coords points="756,3229 756,3289 907,3289 907,3229"/>
                    <TextEquiv>
                        <Unicode>machen.</Unicode>
                    </TextEquiv>
                </Word>
                <TextEquiv>
                    <Unicode>druck aufmerksam zu machen.</Unicode>
                </TextEquiv>
            </TextLine>
            <TextLine id="tr_1_tl_30" custom="readingOrder {index:29;}">
                <Coords points="398,3338 1001,3320 1187,3345 1173,3277 398,3278"/>
                <Baseline points="406,3313 445,3310 484,3312 523,3313 562,3313 601,3313 640,3314 679,3316 718,3316 757,3316 797,3316 836,3318 875,3319 914,3319 953,3319 992,3319 1031,3322 1070,3322 1109,3322 1148,3322 1188,3319"/>
                <Word id="tr_1_tl_30_w1" custom="readingOrder {index:0;}">
                    <Coords points="398,3270 398,3330 498,3330 498,3270"/>
                    <TextEquiv>
                        <Unicode>Herrn</Unicode>
                    </TextEquiv>
                </Word>
                <Word id="tr_1_tl_30_w2" custom="readingOrder {index:1;}">
                    <Coords points="546,3273 546,3333 672,3333 672,3273"/>
                    <TextEquiv>
                        <Unicode>Miklas</Unicode>
                    </TextEquiv>
                </Word>
                <Word id="tr_1_tl_30_w3" custom="readingOrder {index:2;}">
                    <Coords points="721,3276 721,3336 778,3336 778,3276"/>
                    <TextEquiv>
                        <Unicode>hat</Unicode>
                    </TextEquiv>
                </Word>
                <Word id="tr_1_tl_30_w4" custom="readingOrder {index:3;}">
                    <Coords points="811,3279 811,3339 968,3339 968,3279"/>
                    <TextEquiv>
                        <Unicode>niemand</Unicode>
                    </TextEquiv>
                </Word>
                <Word id="tr_1_tl_30_w5" custom="readingOrder {index:4;}">
                    <Coords points="1011,3282 1011,3342 1180,3342 1180,3282"/>
                    <TextEquiv>
                        <Unicode>aufmerk¬</Unicode>
                    </TextEquiv>
                </Word>
                <TextEquiv>
                    <Unicode>Herrn Miklas hat niemand aufmerk¬</Unicode>
                </TextEquiv>
            </TextLine>
            <TextLine id="tr_1_tl_31" custom="readingOrder {index:30;}">
                <Coords points="309,3371 1187,3379 1187,3345 1113,3331 309,3326"/>
                <Baseline points="316,3358 359,3361 403,3361 447,3364 491,3364 534,3361 578,3361 622,3364 666,3364 709,3364 753,3364 797,3366 841,3367 884,3367 928,3369 972,3368 1016,3367 1059,3369 1103,3370 1147,3370 1191,3367"/>
                <Word id="tr_1_tl_31_w1" custom="readingOrder {index:0;}">
                    <Coords points="309,3319 309,3379 361,3379 361,3319"/>
                    <TextEquiv>
                        <Unicode>sam</Unicode>
                    </TextEquiv>
                </Word>
                <Word id="tr_1_tl_31_w2" custom="readingOrder {index:1;}">
                    <Coords points="410,3323 410,3383 579,3383 579,3323"/>
                    <TextEquiv>
                        <Unicode>gemacht.</Unicode>
                    </TextEquiv>
                </Word>
                <Word id="tr_1_tl_31_w3" custom="readingOrder {index:2;}">
                    <Coords points="617,3324 617,3384 707,3384 707,3324"/>
                    <TextEquiv>
                        <Unicode>Auch</Unicode>
                    </TextEquiv>
                </Word>
                <Word id="tr_1_tl_31_w4" custom="readingOrder {index:3;}">
                    <Coords points="739,3325 739,3385 824,3385 824,3325"/>
                    <TextEquiv>
                        <Unicode>seine</Unicode>
                    </TextEquiv>
                </Word>
                <Word id="tr_1_tl_31_w5" custom="readingOrder {index:4;}">
                    <Coords points="856,3328 856,3388 1015,3388 1015,3328"/>
                    <TextEquiv>
                        <Unicode>Minister</Unicode>
                    </TextEquiv>
                </Word>
                <Word id="tr_1_tl_31_w6" custom="readingOrder {index:5;}">
                    <Coords points="1069,3330 1069,3390 1185,3390 1185,3330"/>
                    <TextEquiv>
                        <Unicode>unter¬</Unicode>
                    </TextEquiv>
                </Word>
                <TextEquiv>
                    <Unicode>sam gemacht. Auch seine Minister unter¬</Unicode>
                </TextEquiv>
            </TextLine>
            <TextLine id="tr_1_tl_32" custom="readingOrder {index:31;}">
                <Coords points="310,3417 1071,3442 1188,3433 1187,3379 309,3372"/>
                <Baseline points="316,3406 359,3409 403,3412 447,3412 491,3412 534,3412 578,3412 622,3412 666,3414 709,3415 753,3415 797,3415 841,3415 884,3415 928,3415 972,3415 1016,3417 1059,3418 1103,3420 1147,3421 1191,3421"/>
                <Word id="tr_1_tl_32_w1" custom="readingOrder {index:0;}">
                    <Coords points="310,3369 310,3429 411,3429 411,3369"/>
                    <TextEquiv>
                        <Unicode>ließen</Unicode>
                    </TextEquiv>
                </Word>
                <Word id="tr_1_tl_32_w2" custom="readingOrder {index:1;}">
                    <Coords points="452,3372 452,3432 554,3432 554,3372"/>
                    <TextEquiv>
                        <Unicode>diesen</Unicode>
                    </TextEquiv>
                </Word>
                <Word id="tr_1_tl_32_w3" custom="readingOrder {index:2;}">
                    <Coords points="594,3373 594,3433 730,3433 730,3373"/>
                    <TextEquiv>
                        <Unicode>lästigen</Unicode>
                    </TextEquiv>
                </Word>
                <Word id="tr_1_tl_32_w4" custom="readingOrder {index:3;}">
                    <Coords points="765,3375 765,3435 1088,3435 1088,3375"/>
                    <TextEquiv>
                        <Unicode>Friedhofsbesuch,</Unicode>
                    </TextEquiv>
                </Word>
                <Word id="tr_1_tl_32_w5" custom="readingOrder {index:4;}">
                    <Coords points="1117,3381 1117,3441 1179,3441 1179,3381"/>
                    <TextEquiv>
                        <Unicode>nur</Unicode>
                    </TextEquiv>
                </Word>
                <TextEquiv>
                    <Unicode>ließen diesen lästigen Friedhofsbesuch, nur</Unicode>
                </TextEquiv>
            </TextLine>
            <TextLine id="tr_1_tl_33" custom="readingOrder {index:32;}">
                <Coords points="309,3463 1176,3485 1191,3433 707,3422 612,3449 307,3415"/>
                <Baseline points="316,3457 359,3460 403,3460 447,3460 491,3460 535,3460 579,3460 623,3460 667,3463 711,3463 755,3463 798,3463 842,3463 886,3465 930,3464 974,3465 1018,3466 1062,3466 1106,3468 1150,3469 1194,3469"/>
                <Word id="tr_1_tl_33_w1" custom="readingOrder {index:0;}">
                    <Coords points="307,3418 307,3478 365,3478 365,3418"/>
                    <TextEquiv>
                        <Unicode>der</Unicode>
                    </TextEquiv>
                </Word>
                <Word id="tr_1_tl_33_w2" custom="readingOrder {index:1;}">
                    <Coords points="418,3420 418,3480 588,3480 588,3420"/>
                    <TextEquiv>
                        <Unicode>erkrankte</Unicode>
                    </TextEquiv>
                </Word>
                <Word id="tr_1_tl_33_w3" custom="readingOrder {index:2;}">
                    <Coords points="637,3423 637,3483 913,3483 913,3423"/>
                    <TextEquiv>
                        <Unicode>Bürgermeister</Unicode>
                    </TextEquiv>
                </Word>
                <Word id="tr_1_tl_33_w4" custom="readingOrder {index:3;}">
                    <Coords points="966,3425 966,3485 1024,3485 1024,3425"/>
                    <TextEquiv>
                        <Unicode>der</Unicode>
                    </TextEquiv>
                </Word>
                <Word id="tr_1_tl_33_w5" custom="readingOrder {index:4;}">
                    <Coords points="1073,3428 1073,3488 1183,3488 1183,3428"/>
                    <TextEquiv>
                        <Unicode>Stadt</Unicode>
                    </TextEquiv>
                </Word>
                <TextEquiv>
                    <Unicode>der erkrankte Bürgermeister der Stadt</Unicode>
                </TextEquiv>
            </TextLine>
            <TextLine id="tr_1_tl_34" custom="readingOrder {index:33;}">
                <Coords points="309,3520 1030,3537 1187,3528 1187,3493 307,3461"/>
                <Baseline points="316,3504 359,3501 403,3507 447,3507 491,3510 534,3510 578,3507 622,3510 666,3510 709,3512 753,3513 797,3511 841,3512 884,3513 928,3511 972,3512 1016,3513 1059,3515 1103,3516 1147,3516 1191,3513"/>
                <Word id="tr_1_tl_34_w1" custom="readingOrder {index:0;}">
                    <Coords points="312,3461 312,3521 401,3521 401,3461"/>
                    <TextEquiv>
                        <Unicode>Wien</Unicode>
                    </TextEquiv>
                </Word>
                <Word id="tr_1_tl_34_w2" custom="readingOrder {index:1;}">
                    <Coords points="444,3468 444,3528 502,3528 502,3468"/>
                    <TextEquiv>
                        <Unicode>hat</Unicode>
                    </TextEquiv>
                </Word>
                <Word id="tr_1_tl_34_w3" custom="readingOrder {index:2;}">
                    <Coords points="529,3468 529,3528 582,3528 582,3468"/>
                    <TextEquiv>
                        <Unicode>sich</Unicode>
                    </TextEquiv>
                </Word>
                <Word id="tr_1_tl_34_w4" custom="readingOrder {index:3;}">
                    <Coords points="614,3471 614,3531 778,3531 778,3471"/>
                    <TextEquiv>
                        <Unicode>vertreten</Unicode>
                    </TextEquiv>
                </Word>
                <Word id="tr_1_tl_34_w5" custom="readingOrder {index:4;}">
                    <Coords points="820,3472 820,3532 915,3532 915,3472"/>
                    <TextEquiv>
                        <Unicode>lassen</Unicode>
                    </TextEquiv>
                </Word>
                <Word id="tr_1_tl_34_w6" custom="readingOrder {index:5;}">
                    <Coords points="958,3472 958,3532 1021,3532 1021,3472"/>
                    <TextEquiv>
                        <Unicode>und</Unicode>
                    </TextEquiv>
                </Word>
                <Word id="tr_1_tl_34_w7" custom="readingOrder {index:6;}">
                    <Coords points="1059,3476 1059,3536 1185,3536 1185,3476"/>
                    <TextEquiv>
                        <Unicode>außer¬</Unicode>
                    </TextEquiv>
                </Word>
                <TextEquiv>
                    <Unicode>Wien hat sich vertreten lassen und außer¬</Unicode>
                </TextEquiv>
            </TextLine>
            <TextLine id="tr_1_tl_35" custom="readingOrder {index:34;}">
                <Coords points="310,3560 1188,3576 1187,3535 1083,3521 309,3519"/>
                <Baseline points="316,3549 359,3555 403,3555 447,3555 491,3558 534,3555 578,3558 622,3558 666,3558 709,3560 753,3559 797,3560 841,3561 884,3561 928,3561 972,3561 1016,3561 1059,3563 1103,3564 1147,3566 1191,3564"/>
                <Word id="tr_1_tl_35_w1" custom="readingOrder {index:0;}">
                    <Coords points="304,3510 304,3570 355,3570 355,3510"/>
                    <TextEquiv>
                        <Unicode>dem</Unicode>
                    </TextEquiv>
                </Word>
                <Word id="tr_1_tl_35_w2" custom="readingOrder {index:1;}">
                    <Coords points="429,3516 429,3576 496,3576 496,3516"/>
                    <TextEquiv>
                        <Unicode>nur</Unicode>
                    </TextEquiv>
                </Word>
                <Word id="tr_1_tl_35_w3" custom="readingOrder {index:2;}">
                    <Coords points="549,3518 549,3578 627,3578 627,3518"/>
                    <TextEquiv>
                        <Unicode>noch</Unicode>
                    </TextEquiv>
                </Word>
                <Word id="tr_1_tl_35_w4" custom="readingOrder {index:3;}">
                    <Coords points="685,3519 685,3579 742,3579 742,3519"/>
                    <TextEquiv>
                        <Unicode>der</Unicode>
                    </TextEquiv>
                </Word>
                <Word id="tr_1_tl_35_w5" custom="readingOrder {index:4;}">
                    <Coords points="794,3521 794,3581 1186,3581 1186,3521"/>
                    <TextEquiv>
                        <Unicode>Unterrichtsminister.</Unicode>
                    </TextEquiv>
                </Word>
                <TextEquiv>
                    <Unicode>dem nur noch der Unterrichtsminister.</Unicode>
                </TextEquiv>
            </TextLine>
            <TextLine id="tr_1_tl_36" custom="readingOrder {index:35;}">
                <Coords points="311,3616 1187,3625 1187,3574 311,3563"/>
                <Baseline points="319,3603 362,3603 406,3603 449,3603 493,3606 537,3606 580,3606 624,3606 667,3606 711,3606 755,3608 798,3609 842,3609 885,3609 929,3611 973,3612 1016,3614 1060,3613 1103,3612 1147,3612 1191,3615"/>
                <Word id="tr_1_tl_36_w1" custom="readingOrder {index:0;}">
                    <Coords points="312,3563 312,3623 394,3623 394,3563"/>
                    <TextEquiv>
                        <Unicode>Auch</Unicode>
                    </TextEquiv>
                </Word>
                <Word id="tr_1_tl_36_w2" custom="readingOrder {index:1;}">
                    <Coords points="428,3565 428,3625 533,3625 533,3565"/>
                    <TextEquiv>
                        <Unicode>dieser</Unicode>
                    </TextEquiv>
                </Word>
                <Word id="tr_1_tl_36_w3" custom="readingOrder {index:2;}">
                    <Coords points="562,3566 562,3626 644,3626 644,3566"/>
                    <TextEquiv>
                        <Unicode>hielt</Unicode>
                    </TextEquiv>
                </Word>
                <Word id="tr_1_tl_36_w4" custom="readingOrder {index:3;}">
                    <Coords points="673,3566 673,3626 700,3626 700,3566"/>
                    <TextEquiv>
                        <Unicode>es</Unicode>
                    </TextEquiv>
                </Word>
                <Word id="tr_1_tl_36_w5" custom="readingOrder {index:4;}">
                    <Coords points="734,3569 734,3629 895,3629 895,3569"/>
                    <TextEquiv>
                        <Unicode>offenbar</Unicode>
                    </TextEquiv>
                </Word>
                <Word id="tr_1_tl_36_w6" custom="readingOrder {index:5;}">
                    <Coords points="924,3571 924,3631 978,3631 978,3571"/>
                    <TextEquiv>
                        <Unicode>für</Unicode>
                    </TextEquiv>
                </Word>
                <Word id="tr_1_tl_36_w7" custom="readingOrder {index:6;}">
                    <Coords points="1007,3572 1007,3632 1178,3632 1178,3572"/>
                    <TextEquiv>
                        <Unicode>taktvoller</Unicode>
                    </TextEquiv>
                </Word>
                <TextEquiv>
                    <Unicode>Auch dieser hielt es offenbar für taktvoller</Unicode>
                </TextEquiv>
            </TextLine>
            <TextLine id="tr_1_tl_37" custom="readingOrder {index:36;}">
                <Coords points="314,3661 1065,3682 1187,3671 1187,3634 313,3616"/>
                <Baseline points="322,3648 365,3651 408,3651 452,3654 495,3654 539,3654 582,3654 626,3654 669,3656 713,3657 756,3657 799,3659 843,3658 886,3659 930,3660 973,3660 1017,3662 1060,3663 1104,3664 1147,3665 1191,3660"/>
                <Word id="tr_1_tl_37_w1" custom="readingOrder {index:0;}">
                    <Coords points="313,3609 313,3669 375,3669 375,3609"/>
                    <TextEquiv>
                        <Unicode>und</Unicode>
                    </TextEquiv>
                </Word>
                <Word id="tr_1_tl_37_w2" custom="readingOrder {index:1;}">
                    <Coords points="406,3614 406,3674 603,3674 603,3614"/>
                    <TextEquiv>
                        <Unicode>vermutlich</Unicode>
                    </TextEquiv>
                </Word>
                <Word id="tr_1_tl_37_w3" custom="readingOrder {index:2;}">
                    <Coords points="655,3616 655,3676 733,3676 733,3616"/>
                    <TextEquiv>
                        <Unicode>auch</Unicode>
                    </TextEquiv>
                </Word>
                <Word id="tr_1_tl_37_w4" custom="readingOrder {index:3;}">
                    <Coords points="786,3620 786,3680 1081,3680 1081,3620"/>
                    <TextEquiv>
                        <Unicode>diplomatischer,</Unicode>
                    </TextEquiv>
                </Word>
                <Word id="tr_1_tl_37_w5" custom="readingOrder {index:4;}">
                    <Coords points="1123,3624 1123,3684 1159,3684 1159,3624"/>
                    <TextEquiv>
                        <Unicode>am</Unicode>
                    </TextEquiv>
                </Word>
                <TextEquiv>
                    <Unicode>und vermutlich auch diplomatischer, am</Unicode>
                </TextEquiv>
            </TextLine>
            <TextLine id="tr_1_tl_38" custom="readingOrder {index:37;}">
                <Coords points="309,3713 1162,3727 1183,3674 828,3682 785,3657 734,3690 307,3661"/>
                <Baseline points="316,3699 359,3702 403,3702 446,3702 490,3704 534,3702 577,3704 621,3704 664,3704 708,3704 752,3704 795,3704 839,3706 882,3707 926,3709 970,3710 1013,3710 1057,3712 1100,3713 1144,3712 1188,3710"/>
                <Word id="tr_1_tl_38_w1" custom="readingOrder {index:0;}">
                    <Coords points="307,3662 307,3722 428,3722 428,3662"/>
                    <TextEquiv>
                        <Unicode>Grabe</Unicode>
                    </TextEquiv>
                </Word>
                <Word id="tr_1_tl_38_w2" custom="readingOrder {index:1;}">
                    <Coords points="456,3663 456,3723 508,3723 508,3663"/>
                    <TextEquiv>
                        <Unicode>des</Unicode>
                    </TextEquiv>
                </Word>
                <Word id="tr_1_tl_38_w3" custom="readingOrder {index:2;}">
                    <Coords points="540,3664 540,3724 715,3724 715,3664"/>
                    <TextEquiv>
                        <Unicode>Mannes,</Unicode>
                    </TextEquiv>
                </Word>
                <Word id="tr_1_tl_38_w4" custom="readingOrder {index:3;}">
                    <Coords points="753,3664 753,3724 810,3724 810,3664"/>
                    <TextEquiv>
                        <Unicode>der</Unicode>
                    </TextEquiv>
                </Word>
                <Word id="tr_1_tl_38_w5" custom="readingOrder {index:4;}">
                    <Coords points="837,3666 837,3726 863,3726 863,3666"/>
                    <TextEquiv>
                        <Unicode>in</Unicode>
                    </TextEquiv>
                </Word>
                <Word id="tr_1_tl_38_w6" custom="readingOrder {index:5;}">
                    <Coords points="917,3669 917,3729 1022,3729 1022,3669"/>
                    <TextEquiv>
                        <Unicode>seinem</Unicode>
                    </TextEquiv>
                </Word>
                <Word id="tr_1_tl_38_w7" custom="readingOrder {index:6;}">
                    <Coords points="1071,3672 1071,3732 1182,3732 1182,3672"/>
                    <TextEquiv>
                        <Unicode>„Pro¬</Unicode>
                    </TextEquiv>
                </Word>
                <TextEquiv>
                    <Unicode>Grabe des Mannes, der in seinem „Pro¬</Unicode>
                </TextEquiv>
            </TextLine>
            <TextLine id="tr_1_tl_39" custom="readingOrder {index:38;}">
                <Coords points="311,3761 1184,3777 1174,3715 311,3711"/>
                <Baseline points="319,3749 362,3749 405,3749 448,3749 492,3749 535,3749 578,3751 622,3752 665,3750 708,3749 752,3749 795,3751 838,3752 881,3752 925,3754 968,3756 1011,3758 1055,3758 1098,3759 1141,3760 1185,3758"/>
                <Word id="tr_1_tl_39_w1" custom="readingOrder {index:0;}">
                    <Coords points="306,3709 306,3769 404,3769 404,3709"/>
                    <TextEquiv>
                        <Unicode>fessor</Unicode>
                    </TextEquiv>
                </Word>
                <Word id="tr_1_tl_39_w2" custom="readingOrder {index:1;}">
                    <Coords points="456,3710 456,3770 679,3770 679,3710"/>
                    <TextEquiv>
                        <Unicode>Bernhardi“</Unicode>
                    </TextEquiv>
                </Word>
                <Word id="tr_1_tl_39_w3" custom="readingOrder {index:2;}">
                    <Coords points="737,3709 737,3769 793,3769 793,3709"/>
                    <TextEquiv>
                        <Unicode>dem</Unicode>
                    </TextEquiv>
                </Word>
                <Word id="tr_1_tl_39_w4" custom="readingOrder {index:3;}">
                    <Coords points="887,3718 887,3778 1167,3778 1167,3718"/>
                    <TextEquiv>
                        <Unicode>ultramontanen</Unicode>
                    </TextEquiv>
                </Word>
                <TextEquiv>
                    <Unicode>fessor Bernhardi“ dem ultramontanen</Unicode>
                </TextEquiv>
            </TextLine>
            <TextLine id="tr_1_tl_40" custom="readingOrder {index:39;}">
                <Coords points="303,3806 345,3816 364,3803 458,3806 526,3822 552,3808 595,3815 644,3801 644,3780 539,3757 490,3764 466,3750 369,3766 302,3756"/>
                <Baseline points="310,3794 335,3796 361,3797 387,3797 413,3797 439,3797 465,3797 491,3797 517,3797 543,3798 569,3799 595,3800 621,3800 647,3800"/>
                <Word id="tr_1_tl_40_w1" custom="readingOrder {index:0;}">
                    <Coords points="310,3757 310,3817 615,3817 615,3757"/>
                    <TextEquiv>
                        <Unicode>österreichischen</Unicode>
                    </TextEquiv>
                </Word>
                <TextEquiv>
                    <Unicode>österreichischen</Unicode>
                </TextEquiv>
            </TextLine>
            <TextLine id="tr_1_tl_41" custom="readingOrder {index:40;}">
                <Coords points="690,3820 785,3808 831,3826 884,3809 915,3823 944,3808 972,3823 1030,3813 1030,3774 975,3764 931,3774 815,3763 804,3774 722,3750 690,3760"/>
                <Baseline points="698,3800 723,3800 749,3800 775,3800 800,3800 826,3800 852,3800 877,3800 903,3800 929,3800 954,3802 980,3804 1006,3806 1032,3803"/>
                <Word id="tr_1_tl_41_w1" custom="readingOrder {index:0;}">
                    <Coords points="690,3760 690,3820 1016,3820 1016,3760"/>
                    <TextEquiv>
                        <Unicode>Unterrichtswesen</Unicode>
                    </TextEquiv>
                </Word>
                <TextEquiv>
                    <Unicode>Unterrichtswesen</Unicode>
                </TextEquiv>
            </TextLine>
            <TextLine id="tr_1_tl_42" custom="readingOrder {index:41;}">
                <Coords points="311,3858 1183,3868 1183,3820 1131,3812 311,3808"/>
                <Baseline points="319,3842 362,3845 405,3848 448,3848 492,3848 535,3846 578,3845 622,3847 665,3848 708,3850 752,3851 795,3851 838,3853 881,3854 925,3854 968,3854 1011,3854 1055,3855 1098,3856 1141,3854 1185,3854"/>
                <Word id="tr_1_tl_42_w1" custom="readingOrder {index:0;}">
                    <Coords points="306,3807 306,3867 489,3867 489,3807"/>
                    <TextEquiv>
                        <Unicode>satirischen</Unicode>
                    </TextEquiv>
                </Word>
                <Word id="tr_1_tl_42_w2" custom="readingOrder {index:1;}">
                    <Coords points="529,3807 529,3867 723,3867 723,3807"/>
                    <TextEquiv>
                        <Unicode>Genickfang</Unicode>
                    </TextEquiv>
                </Word>
                <Word id="tr_1_tl_42_w3" custom="readingOrder {index:2;}">
                    <Coords points="763,3812 763,3872 901,3872 901,3812"/>
                    <TextEquiv>
                        <Unicode>gegeben</Unicode>
                    </TextEquiv>
                </Word>
                <Word id="tr_1_tl_42_w4" custom="readingOrder {index:3;}">
                    <Coords points="941,3814 941,3874 1046,3874 1046,3814"/>
                    <TextEquiv>
                        <Unicode>hatte,</Unicode>
                    </TextEquiv>
                </Word>
                <Word id="tr_1_tl_42_w5" custom="readingOrder {index:4;}">
                    <Coords points="1069,3814 1069,3874 1174,3874 1174,3814"/>
                    <TextEquiv>
                        <Unicode>lieber</Unicode>
                    </TextEquiv>
                </Word>
                <TextEquiv>
                    <Unicode>satirischen Genickfang gegeben hatte, lieber</Unicode>
                </TextEquiv>
            </TextLine>
            <TextLine id="tr_1_tl_43" custom="readingOrder {index:42;}">
                <Coords points="303,3901 737,3900 975,3933 1057,3915 1047,3866 515,3854 443,3882 413,3855 303,3859"/>
                <Baseline points="310,3893 347,3893 384,3895 422,3896 459,3896 497,3896 534,3896 572,3896 609,3896 647,3898 684,3899 721,3900 759,3902 796,3902 834,3900 871,3901 909,3902 946,3902 984,3902 1021,3905 1059,3905"/>
                <Word id="tr_1_tl_43_w1" custom="readingOrder {index:0;}">
                    <Coords points="304,3853 304,3913 402,3913 402,3853"/>
                    <TextEquiv>
                        <Unicode>durch</Unicode>
                    </TextEquiv>
                </Word>
                <Word id="tr_1_tl_43_w2" custom="readingOrder {index:1;}">
                    <Coords points="480,3856 480,3916 723,3916 723,3856"/>
                    <TextEquiv>
                        <Unicode>Abwesenheit</Unicode>
                    </TextEquiv>
                </Word>
                <Word id="tr_1_tl_43_w3" custom="readingOrder {index:2;}">
                    <Coords points="773,3862 773,3922 806,3922 806,3862"/>
                    <TextEquiv>
                        <Unicode>zu</Unicode>
                    </TextEquiv>
                </Word>
                <Word id="tr_1_tl_43_w4" custom="readingOrder {index:3;}">
                    <Coords points="867,3862 867,3922 1033,3922 1033,3862"/>
                    <TextEquiv>
                        <Unicode>glänzen.</Unicode>
                    </TextEquiv>
                </Word>
                <TextEquiv>
                    <Unicode>durch Abwesenheit zu glänzen.</Unicode>
                </TextEquiv>
            </TextLine>
            <TextLine id="tr_1_tl_44" custom="readingOrder {index:43;}">
                <Coords points="1102,3911 1118,3912 1124,3916 1142,3911 1146,3915 1155,3911 1162,3916 1181,3912 1181,3865 1162,3863 1145,3869 1139,3863 1125,3868 1120,3862 1102,3868"/>
                <Baseline points="1110,3905 1135,3905 1160,3905 1185,3905"/>
                <Word id="tr_1_tl_44_w1" custom="readingOrder {index:0;}">
                    <Coords points="1104,3865 1104,3925 1170,3925 1170,3865"/>
                    <TextEquiv>
                        <Unicode>Als</Unicode>
                    </TextEquiv>
                </Word>
                <TextEquiv>
                    <Unicode>Als</Unicode>
                </TextEquiv>
            </TextLine>
            <TextLine id="tr_1_tl_45" custom="readingOrder {index:44;}">
                <Coords points="303,3953 1184,3971 1184,3912 973,3933 302,3901"/>
                <Baseline points="310,3937 353,3943 397,3943 441,3943 485,3943 529,3943 573,3946 617,3946 661,3946 705,3946 749,3944 792,3943 836,3945 880,3948 924,3951 968,3950 1012,3951 1056,3952 1100,3950 1144,3951 1188,3952"/>
                <Word id="tr_1_tl_45_w1" custom="readingOrder {index:0;}">
                    <Coords points="303,3903 303,3963 512,3963 512,3903"/>
                    <TextEquiv>
                        <Unicode>routinierte</Unicode>
                    </TextEquiv>
                </Word>
                <Word id="tr_1_tl_45_w2" custom="readingOrder {index:1;}">
                    <Coords points="562,3906 562,3966 800,3966 800,3906"/>
                    <TextEquiv>
                        <Unicode>Oesterreicher</Unicode>
                    </TextEquiv>
                </Word>
                <Word id="tr_1_tl_45_w3" custom="readingOrder {index:2;}">
                    <Coords points="850,3909 850,3969 949,3969 949,3909"/>
                    <TextEquiv>
                        <Unicode>hegen</Unicode>
                    </TextEquiv>
                </Word>
                <Word id="tr_1_tl_45_w4" custom="readingOrder {index:3;}">
                    <Coords points="1010,3911 1010,3971 1076,3971 1076,3911"/>
                    <TextEquiv>
                        <Unicode>wir</Unicode>
                    </TextEquiv>
                </Word>
                <Word id="tr_1_tl_45_w5" custom="readingOrder {index:4;}">
                    <Coords points="1127,3911 1127,3971 1164,3971 1164,3911"/>
                    <TextEquiv>
                        <Unicode>da</Unicode>
                    </TextEquiv>
                </Word>
                <TextEquiv>
                    <Unicode>routinierte Oesterreicher hegen wir da</Unicode>
                </TextEquiv>
            </TextLine>
            <TextLine id="tr_1_tl_46" custom="readingOrder {index:45;}">
                <Coords points="310,4000 1184,4017 1183,3971 1103,3960 309,3953"/>
                <Baseline points="316,3988 359,3991 403,3991 446,3994 490,3991 534,3994 577,3994 621,3994 664,3996 708,3997 752,3997 795,3997 839,3997 882,3997 926,3999 970,4000 1013,4000 1057,4000 1100,4000 1144,4000 1188,3997"/>
                <Word id="tr_1_tl_46_w1" custom="readingOrder {index:0;}">
                    <Coords points="309,3951 309,4011 446,4011 446,3951"/>
                    <TextEquiv>
                        <Unicode>nämlich</Unicode>
                    </TextEquiv>
                </Word>
                <Word id="tr_1_tl_46_w2" custom="readingOrder {index:1;}">
                    <Coords points="484,3953 484,4013 579,4013 579,3953"/>
                    <TextEquiv>
                        <Unicode>einen</Unicode>
                    </TextEquiv>
                </Word>
                <Word id="tr_1_tl_46_w3" custom="readingOrder {index:2;}">
                    <Coords points="637,3956 637,4016 727,4016 727,3956"/>
                    <TextEquiv>
                        <Unicode>ganz</Unicode>
                    </TextEquiv>
                </Word>
                <Word id="tr_1_tl_46_w4" custom="readingOrder {index:3;}">
                    <Coords points="786,3957 786,4017 933,4017 933,3957"/>
                    <TextEquiv>
                        <Unicode>kleinen,</Unicode>
                    </TextEquiv>
                </Word>
                <Word id="tr_1_tl_46_w5" custom="readingOrder {index:4;}">
                    <Coords points="982,3960 982,4020 1161,4020 1161,3960"/>
                    <TextEquiv>
                        <Unicode>unschönen</Unicode>
                    </TextEquiv>
                </Word>
                <TextEquiv>
                    <Unicode>nämlich einen ganz kleinen, unschönen</Unicode>
                </TextEquiv>
            </TextLine>
            <TextLine id="tr_1_tl_47" custom="readingOrder {index:46;}">
                <Coords points="309,4045 1178,4063 1177,4018 1090,4006 309,3999"/>
                <Baseline points="316,4039 359,4039 402,4042 445,4042 489,4039 532,4041 575,4042 619,4042 662,4044 705,4045 749,4045 792,4045 835,4047 878,4048 922,4048 965,4048 1008,4048 1052,4048 1095,4048 1138,4048 1182,4048"/>
                <Word id="tr_1_tl_47_w1" custom="readingOrder {index:0;}">
                    <Coords points="310,4001 310,4061 488,4061 488,4001"/>
                    <TextEquiv>
                        <Unicode>Verdacht:</Unicode>
                    </TextEquiv>
                </Word>
                <Word id="tr_1_tl_47_w2" custom="readingOrder {index:1;}">
                    <Coords points="516,4001 516,4061 549,4061 549,4001"/>
                    <TextEquiv>
                        <Unicode>es</Unicode>
                    </TextEquiv>
                </Word>
                <Word id="tr_1_tl_47_w3" custom="readingOrder {index:2;}">
                    <Coords points="589,4002 589,4062 672,4062 672,4002"/>
                    <TextEquiv>
                        <Unicode>wird</Unicode>
                    </TextEquiv>
                </Word>
                <Word id="tr_1_tl_47_w4" custom="readingOrder {index:3;}">
                    <Coords points="706,4005 706,4065 790,4065 790,4005"/>
                    <TextEquiv>
                        <Unicode>schon</Unicode>
                    </TextEquiv>
                </Word>
                <Word id="tr_1_tl_47_w5" custom="readingOrder {index:4;}">
                    <Coords points="829,4007 829,4067 890,4067 890,4007"/>
                    <TextEquiv>
                        <Unicode>kein</Unicode>
                    </TextEquiv>
                </Word>
                <Word id="tr_1_tl_47_w6" custom="readingOrder {index:5;}">
                    <Coords points="930,4008 930,4068 1064,4068 1064,4008"/>
                    <TextEquiv>
                        <Unicode>Zufall,</Unicode>
                    </TextEquiv>
                </Word>
                <Word id="tr_1_tl_47_w7" custom="readingOrder {index:6;}">
                    <Coords points="1087,4008 1087,4068 1175,4068 1175,4008"/>
                    <TextEquiv>
                        <Unicode>keine</Unicode>
                    </TextEquiv>
                </Word>
                <TextEquiv>
                    <Unicode>Verdacht: es wird schon kein Zufall, keine</Unicode>
                </TextEquiv>
            </TextLine>
            <TextLine id="tr_1_tl_48" custom="readingOrder {index:47;}">
                <Coords points="311,4102 1089,4111 1089,4074 1043,4058 311,4046"/>
                <Baseline points="319,4090 357,4090 396,4090 434,4090 473,4090 512,4090 550,4090 589,4090 628,4090 666,4092 705,4093 744,4093 782,4093 821,4093 860,4093 898,4096 937,4096 976,4096 1014,4098 1053,4100 1092,4102"/>
                <Word id="tr_1_tl_48_w1" custom="readingOrder {index:0;}">
                    <Coords points="312,4050 312,4110 588,4110 588,4050"/>
                    <TextEquiv>
                        <Unicode>Vergeßlichkeit,</Unicode>
                    </TextEquiv>
                </Word>
                <Word id="tr_1_tl_48_w2" custom="readingOrder {index:1;}">
                    <Coords points="640,4052 640,4112 730,4112 730,4052"/>
                    <TextEquiv>
                        <Unicode>keine</Unicode>
                    </TextEquiv>
                </Word>
                <Word id="tr_1_tl_48_w3" custom="readingOrder {index:2;}">
                    <Coords points="764,4056 764,4116 1052,4116 1052,4056"/>
                    <TextEquiv>
                        <Unicode>Verschlampung</Unicode>
                    </TextEquiv>
                </Word>
                <TextEquiv>
                    <Unicode>Vergeßlichkeit, keine Verschlampung</Unicode>
                </TextEquiv>
            </TextLine>
            <TextLine id="tr_1_tl_49" custom="readingOrder {index:48;}">
                <Coords points="306,4155 570,4140 1025,4169 1082,4159 1081,4108 304,4101"/>
                <Baseline points="313,4137 351,4137 390,4139 428,4138 467,4138 506,4140 544,4140 583,4140 622,4140 660,4140 699,4142 738,4142 776,4141 815,4143 854,4143 892,4143 931,4143 970,4145 1008,4146 1047,4147 1086,4146"/>
                <Word id="tr_1_tl_49_w1" custom="readingOrder {index:0;}">
                    <Coords points="305,4097 305,4157 409,4157 409,4097"/>
                    <TextEquiv>
                        <Unicode>wesen</Unicode>
                    </TextEquiv>
                </Word>
                <Word id="tr_1_tl_49_w2" custom="readingOrder {index:1;}">
                    <Coords points="443,4099 443,4159 530,4159 530,4099"/>
                    <TextEquiv>
                        <Unicode>sein.</Unicode>
                    </TextEquiv>
                </Word>
                <Word id="tr_1_tl_49_w3" custom="readingOrder {index:2;}">
                    <Coords points="576,4100 576,4160 780,4160 780,4100"/>
                    <TextEquiv>
                        <Unicode>Namentlich</Unicode>
                    </TextEquiv>
                </Word>
                <Word id="tr_1_tl_49_w4" custom="readingOrder {index:3;}">
                    <Coords points="819,4103 819,4163 902,4163 902,4103"/>
                    <TextEquiv>
                        <Unicode>Herr</Unicode>
                    </TextEquiv>
                </Word>
                <Word id="tr_1_tl_49_w5" custom="readingOrder {index:4;}">
                    <Coords points="936,4105 936,4165 1079,4165 1079,4105"/>
                    <TextEquiv>
                        <Unicode>Miklas,</Unicode>
                    </TextEquiv>
                </Word>
                <TextEquiv>
                    <Unicode>wesen sein. Namentlich Herr Miklas,</Unicode>
                </TextEquiv>
            </TextLine>
            <TextLine id="tr_1_tl_50" custom="readingOrder {index:49;}">
                <Coords points="306,4199 1170,4204 1173,4164 304,4155"/>
                <Baseline points="313,4185 356,4188 399,4188 442,4188 485,4188 528,4188 571,4188 615,4190 658,4191 701,4193 744,4194 787,4194 830,4194 873,4194 917,4194 960,4194 1003,4194 1046,4194 1089,4195 1132,4196 1176,4197"/>
                <Word id="tr_1_tl_50_w1" custom="readingOrder {index:0;}">
                    <Coords points="305,4146 305,4206 376,4206 376,4146"/>
                    <TextEquiv>
                        <Unicode>muß</Unicode>
                    </TextEquiv>
                </Word>
                <Word id="tr_1_tl_50_w2" custom="readingOrder {index:1;}">
                    <Coords points="410,4148 410,4208 465,4208 465,4148"/>
                    <TextEquiv>
                        <Unicode>ihm</Unicode>
                    </TextEquiv>
                </Word>
                <Word id="tr_1_tl_50_w3" custom="readingOrder {index:2;}">
                    <Coords points="516,4148 516,4208 609,4208 609,4148"/>
                    <TextEquiv>
                        <Unicode>selbst</Unicode>
                    </TextEquiv>
                </Word>
                <Word id="tr_1_tl_50_w4" custom="readingOrder {index:3;}">
                    <Coords points="638,4151 638,4211 692,4211 692,4151"/>
                    <TextEquiv>
                        <Unicode>der</Unicode>
                    </TextEquiv>
                </Word>
                <Word id="tr_1_tl_50_w5" custom="readingOrder {index:4;}">
                    <Coords points="744,4154 744,4214 998,4214 998,4154"/>
                    <TextEquiv>
                        <Unicode>Parteigegner</Unicode>
                    </TextEquiv>
                </Word>
                <Word id="tr_1_tl_50_w6" custom="readingOrder {index:5;}">
                    <Coords points="1049,4155 1049,4215 1176,4215 1176,4155"/>
                    <TextEquiv>
                        <Unicode>lassen,</Unicode>
                    </TextEquiv>
                </Word>
                <TextEquiv>
                    <Unicode>muß ihm selbst der Parteigegner lassen,</Unicode>
                </TextEquiv>
            </TextLine>
            <TextEquiv>
                <Unicode></Unicode>
            </TextEquiv>
        </TextRegion>
        <TextRegion orientation="0.0" id="tr_2" custom="readingOrder {index:1;}">
            <Coords points="1235,290 1235,2936 3033,2936 3033,290"/>
            <TextLine id="tr_2_tl_1" custom="readingOrder {index:0;}">
                <Coords points="1434,331 1460,346 1495,331 1581,345 1789,332 1815,346 1839,330 1902,334 1903,269 1762,242 1684,254 1607,299 1547,265 1495,278 1435,258"/>
                <Baseline points="1441,319 1466,316 1492,316 1518,317 1544,319 1570,318 1596,316 1622,316 1648,316 1674,316 1699,316 1725,316 1751,316 1777,316 1803,316 1829,315 1855,313 1881,314 1907,316"/>
                <Word id="tr_2_tl_1_w1" custom="readingOrder {index:0;}">
                    <Coords points="1439,276 1439,336 1562,336 1562,276"/>
                    <TextEquiv>
                        <Unicode>box</Unicode>
                    </TextEquiv>
                </Word>
                <Word id="tr_2_tl_1_w2" custom="readingOrder {index:1;}">
                    <Coords points="1641,276 1641,336 1872,336 1872,276"/>
                    <TextEquiv>
                        <Unicode>43/25</Unicode>
                    </TextEquiv>
                </Word>
                <TextEquiv>
                    <Unicode>box 43/25</Unicode>
                </TextEquiv>
            </TextLine>
            <TextLine id="tr_2_tl_2" custom="readingOrder {index:1;}">
                <Coords points="2054,987 2076,998 2097,982 2121,989 2139,979 2157,987 2175,982 2182,989 2192,982 2241,983 2241,934 2207,926 2182,903 2149,923 2139,917 2096,919 2087,912 2054,917"/>
                <Baseline points="2062,976 2088,973 2114,973 2140,973 2166,973 2192,973 2218,973 2245,973"/>
                <Word id="tr_2_tl_2_w1" custom="readingOrder {index:0;}">
                    <Coords points="2062,933 2062,993 2218,993 2218,933"/>
                    <TextEquiv>
                        <Unicode>Miener</Unicode>
                    </TextEquiv>
                </Word>
                <TextEquiv>
                    <Unicode>Miener</Unicode>
                </TextEquiv>
            </TextLine>
            <TextLine id="tr_2_tl_3" custom="readingOrder {index:2;}">
                <Coords points="1684,1092 2534,1118 2533,1005 1808,996 1682,1036"/>
                <Baseline points="1692,1074 1734,1071 1776,1074 1818,1076 1861,1079 1903,1078 1945,1077 1987,1077 2030,1077 2072,1077 2114,1077 2156,1077 2199,1078 2241,1081 2283,1083 2325,1083 2368,1083 2410,1086 2452,1086 2494,1086 2537,1086"/>
                <Word id="tr_2_tl_3_w1" custom="readingOrder {index:0;}">
                    <Coords points="1698,1037 1698,1097 2179,1097 2179,1037"/>
                    <TextEquiv>
                        <Unicode>Allgemeine</Unicode>
                    </TextEquiv>
                </Word>
                <Word id="tr_2_tl_3_w2" custom="readingOrder {index:1;}">
                    <Coords points="2220,1043 2220,1103 2487,1103 2487,1043"/>
                    <TextEquiv>
                        <Unicode>Zeitung</Unicode>
                    </TextEquiv>
                </Word>
                <TextEquiv>
                    <Unicode>Allgemeine Zeitung</Unicode>
                </TextEquiv>
            </TextLine>
            <TextLine id="tr_2_tl_4" custom="readingOrder {index:3;}">
                <Coords points="1227,1152 2115,1173 2114,1121 2075,1110 1227,1114"/>
                <Baseline points="1235,1149 1279,1152 1323,1152 1367,1155 1411,1155 1456,1155 1500,1155 1544,1155 1588,1155 1632,1155 1677,1158 1721,1158 1765,1158 1809,1160 1853,1161 1898,1161 1942,1161 1986,1161 2030,1161 2074,1161 2119,1161"/>
                <Word id="tr_2_tl_4_w1" custom="readingOrder {index:0;}">
                    <Coords points="1233,1112 1233,1172 1433,1172 1433,1112"/>
                    <TextEquiv>
                        <Unicode>Schönherr</Unicode>
                    </TextEquiv>
                </Word>
                <Word id="tr_2_tl_4_w2" custom="readingOrder {index:1;}">
                    <Coords points="1455,1115 1455,1175 1564,1175 1564,1115"/>
                    <TextEquiv>
                        <Unicode>selöst,</Unicode>
                    </TextEquiv>
                </Word>
                <Word id="tr_2_tl_4_w3" custom="readingOrder {index:2;}">
                    <Coords points="1586,1115 1586,1175 1640,1175 1640,1115"/>
                    <TextEquiv>
                        <Unicode>daß</Unicode>
                    </TextEquiv>
                </Word>
                <Word id="tr_2_tl_4_w4" custom="readingOrder {index:3;}">
                    <Coords points="1673,1118 1673,1178 1721,1178 1721,1118"/>
                    <TextEquiv>
                        <Unicode>ihm</Unicode>
                    </TextEquiv>
                </Word>
                <Word id="tr_2_tl_4_w5" custom="readingOrder {index:4;}">
                    <Coords points="1765,1119 1765,1179 1819,1179 1819,1119"/>
                    <TextEquiv>
                        <Unicode>der</Unicode>
                    </TextEquiv>
                </Word>
                <Word id="tr_2_tl_4_w6" custom="readingOrder {index:5;}">
                    <Coords points="1847,1121 1847,1181 2112,1181 2112,1121"/>
                    <TextEquiv>
                        <Unicode>Glaubensmut</Unicode>
                    </TextEquiv>
                </Word>
                <TextEquiv>
                    <Unicode>Schönherr selöst, daß ihm der Glaubensmut</Unicode>
                </TextEquiv>
            </TextLine>
            <TextLine id="tr_2_tl_5" custom="readingOrder {index:4;}">
                <Coords points="2160,1180 3031,1190 3031,1125 2160,1114"/>
                <Baseline points="2167,1167 2210,1164 2253,1164 2296,1167 2340,1167 2383,1167 2426,1167 2470,1167 2513,1167 2556,1169 2600,1170 2643,1170 2686,1170 2729,1170 2773,1170 2816,1170 2859,1170 2903,1170 2946,1170 2989,1170 3033,1170"/>
                <Word id="tr_2_tl_5_w1" custom="readingOrder {index:0;}">
                    <Coords points="2155,1124 2155,1184 2282,1184 2282,1124"/>
                    <TextEquiv>
                        <Unicode>pflicht,</Unicode>
                    </TextEquiv>
                </Word>
                <Word id="tr_2_tl_5_w2" custom="readingOrder {index:1;}">
                    <Coords points="2304,1127 2304,1187 2354,1187 2354,1127"/>
                    <TextEquiv>
                        <Unicode>die</Unicode>
                    </TextEquiv>
                </Word>
                <Word id="tr_2_tl_5_w3" custom="readingOrder {index:2;}">
                    <Coords points="2382,1127 2382,1187 2437,1187 2437,1127"/>
                    <TextEquiv>
                        <Unicode>der</Unicode>
                    </TextEquiv>
                </Word>
                <Word id="tr_2_tl_5_w4" custom="readingOrder {index:3;}">
                    <Coords points="2465,1129 2465,1189 2658,1189 2658,1129"/>
                    <TextEquiv>
                        <Unicode>Huldigung</Unicode>
                    </TextEquiv>
                </Word>
                <Word id="tr_2_tl_5_w5" custom="readingOrder {index:4;}">
                    <Coords points="2692,1130 2692,1190 2746,1190 2746,1130"/>
                    <TextEquiv>
                        <Unicode>vor</Unicode>
                    </TextEquiv>
                </Word>
                <Word id="tr_2_tl_5_w6" custom="readingOrder {index:5;}">
                    <Coords points="2775,1130 2775,1190 2830,1190 2830,1130"/>
                    <TextEquiv>
                        <Unicode>dem</Unicode>
                    </TextEquiv>
                </Word>
                <Word id="tr_2_tl_5_w7" custom="readingOrder {index:6;}">
                    <Coords points="2874,1130 2874,1190 3007,1190 3007,1130"/>
                    <TextEquiv>
                        <Unicode>Genius</Unicode>
                    </TextEquiv>
                </Word>
                <TextEquiv>
                    <Unicode>pflicht, die der Huldigung vor dem Genius</Unicode>
                </TextEquiv>
            </TextLine>
            <TextLine id="tr_2_tl_6" custom="readingOrder {index:5;}">
                <Coords points="1233,1216 2111,1219 2111,1180 2046,1170 1233,1163"/>
                <Baseline points="1241,1203 1284,1203 1328,1203 1371,1203 1415,1203 1459,1206 1502,1206 1546,1204 1589,1205 1633,1206 1677,1208 1720,1207 1764,1206 1807,1206 1851,1208 1895,1209 1938,1209 1982,1209 2025,1209 2069,1209 2113,1209"/>
                <Word id="tr_2_tl_6_w1" custom="readingOrder {index:0;}">
                    <Coords points="1238,1163 1238,1223 1344,1223 1344,1163"/>
                    <TextEquiv>
                        <Unicode>seines</Unicode>
                    </TextEquiv>
                </Word>
                <Word id="tr_2_tl_6_w2" custom="readingOrder {index:1;}">
                    <Coords points="1371,1164 1371,1224 1700,1224 1700,1164"/>
                    <TextEquiv>
                        <Unicode>„Sonnwendtag“,</Unicode>
                    </TextEquiv>
                </Word>
                <Word id="tr_2_tl_6_w3" custom="readingOrder {index:2;}">
                    <Coords points="1738,1166 1738,1226 1800,1226 1800,1166"/>
                    <TextEquiv>
                        <Unicode>daß</Unicode>
                    </TextEquiv>
                </Word>
                <Word id="tr_2_tl_6_w4" custom="readingOrder {index:3;}">
                    <Coords points="1849,1168 1849,1228 1902,1228 1902,1168"/>
                    <TextEquiv>
                        <Unicode>ihm</Unicode>
                    </TextEquiv>
                </Word>
                <Word id="tr_2_tl_6_w5" custom="readingOrder {index:4;}">
                    <Coords points="1966,1169 1966,1229 2019,1229 2019,1169"/>
                    <TextEquiv>
                        <Unicode>die</Unicode>
                    </TextEquiv>
                </Word>
                <Word id="tr_2_tl_6_w6" custom="readingOrder {index:5;}">
                    <Coords points="2046,1169 2046,1229 2109,1229 2109,1169"/>
                    <TextEquiv>
                        <Unicode>Ge¬</Unicode>
                    </TextEquiv>
                </Word>
                <TextEquiv>
                    <Unicode>seines „Sonnwendtag“, daß ihm die Ge¬</Unicode>
                </TextEquiv>
            </TextLine>
            <TextLine id="tr_2_tl_7" custom="readingOrder {index:6;}">
                <Coords points="2153,1218 3020,1237 3020,1192 2964,1178 2853,1201 2767,1170 2693,1197 2455,1169 2417,1204 2153,1177"/>
                <Baseline points="2161,1212 2204,1212 2247,1215 2290,1215 2333,1215 2376,1215 2419,1215 2463,1217 2506,1218 2549,1218 2592,1218 2635,1218 2678,1218 2721,1220 2765,1220 2808,1219 2851,1220 2894,1219 2937,1220 2980,1218 3024,1215"/>
                <Word id="tr_2_tl_7_w1" custom="readingOrder {index:0;}">
                    <Coords points="2153,1175 2153,1235 2385,1235 2385,1175"/>
                    <TextEquiv>
                        <Unicode>voranginge.</Unicode>
                    </TextEquiv>
                </Word>
                <Word id="tr_2_tl_7_w2" custom="readingOrder {index:1;}">
                    <Coords points="2443,1178 2443,1238 2638,1238 2638,1178"/>
                    <TextEquiv>
                        <Unicode>Angesichts</Unicode>
                    </TextEquiv>
                </Word>
                <Word id="tr_2_tl_7_w3" custom="readingOrder {index:2;}">
                    <Coords points="2707,1180 2707,1240 2812,1240 2812,1180"/>
                    <TextEquiv>
                        <Unicode>dieses</Unicode>
                    </TextEquiv>
                </Word>
                <Word id="tr_2_tl_7_w4" custom="readingOrder {index:3;}">
                    <Coords points="2882,1179 2882,1239 3018,1239 3018,1179"/>
                    <TextEquiv>
                        <Unicode>nieder¬</Unicode>
                    </TextEquiv>
                </Word>
                <TextEquiv>
                    <Unicode>voranginge. Angesichts dieses nieder¬</Unicode>
                </TextEquiv>
            </TextLine>
            <TextLine id="tr_2_tl_8" custom="readingOrder {index:7;}">
                <Coords points="1243,1272 2114,1268 2114,1218 1243,1215"/>
                <Baseline points="1250,1256 1293,1253 1336,1250 1379,1250 1423,1250 1466,1252 1509,1251 1553,1252 1596,1253 1639,1255 1683,1256 1726,1254 1769,1255 1812,1256 1856,1258 1899,1259 1942,1259 1986,1259 2029,1259 2072,1259 2116,1256"/>
                <Word id="tr_2_tl_8_w1" custom="readingOrder {index:0;}">
                    <Coords points="1243,1210 1243,1270 1429,1270 1429,1210"/>
                    <TextEquiv>
                        <Unicode>sinnungs=</Unicode>
                    </TextEquiv>
                </Word>
                <Word id="tr_2_tl_8_w2" custom="readingOrder {index:1;}">
                    <Coords points="1455,1211 1455,1271 1520,1271 1520,1211"/>
                    <TextEquiv>
                        <Unicode>und</Unicode>
                    </TextEquiv>
                </Word>
                <Word id="tr_2_tl_8_w3" custom="readingOrder {index:2;}">
                    <Coords points="1556,1214 1556,1274 1905,1274 1905,1214"/>
                    <TextEquiv>
                        <Unicode>Gedankenreinheit,</Unicode>
                    </TextEquiv>
                </Word>
                <Word id="tr_2_tl_8_w4" custom="readingOrder {index:3;}">
                    <Coords points="1931,1219 1931,1279 1986,1279 1986,1219"/>
                    <TextEquiv>
                        <Unicode>der</Unicode>
                    </TextEquiv>
                </Word>
                <Word id="tr_2_tl_8_w5" custom="readingOrder {index:4;}">
                    <Coords points="2012,1219 2012,1279 2047,1279 2047,1219"/>
                    <TextEquiv>
                        <Unicode>er</Unicode>
                    </TextEquiv>
                </Word>
                <Word id="tr_2_tl_8_w6" custom="readingOrder {index:5;}">
                    <Coords points="2078,1217 2078,1277 2102,1277 2102,1217"/>
                    <TextEquiv>
                        <Unicode>in</Unicode>
                    </TextEquiv>
                </Word>
                <TextEquiv>
                    <Unicode>sinnungs= und Gedankenreinheit, der er in</Unicode>
                </TextEquiv>
            </TextLine>
            <TextLine id="tr_2_tl_9" custom="readingOrder {index:8;}">
                <Coords points="2160,1275 3020,1273 2981,1226 2160,1219"/>
                <Baseline points="2167,1262 2209,1262 2252,1262 2295,1262 2338,1262 2381,1264 2424,1263 2466,1264 2509,1267 2552,1266 2595,1267 2638,1268 2681,1268 2724,1268 2766,1268 2809,1268 2852,1268 2895,1268 2938,1268 2981,1267 3024,1268"/>
                <Word id="tr_2_tl_9_w1" custom="readingOrder {index:0;}">
                    <Coords points="2160,1222 2160,1282 2408,1282 2408,1222"/>
                    <TextEquiv>
                        <Unicode>schmetternden</Unicode>
                    </TextEquiv>
                </Word>
                <Word id="tr_2_tl_9_w2" custom="readingOrder {index:1;}">
                    <Coords points="2465,1226 2465,1286 2532,1286 2532,1226"/>
                    <TextEquiv>
                        <Unicode>und</Unicode>
                    </TextEquiv>
                </Word>
                <Word id="tr_2_tl_9_w3" custom="readingOrder {index:2;}">
                    <Coords points="2584,1228 2584,1288 2832,1288 2832,1228"/>
                    <TextEquiv>
                        <Unicode>beschämenden</Unicode>
                    </TextEquiv>
                </Word>
                <Word id="tr_2_tl_9_w4" custom="readingOrder {index:3;}">
                    <Coords points="2894,1227 2894,1287 3018,1287 3018,1227"/>
                    <TextEquiv>
                        <Unicode>Tatbe¬</Unicode>
                    </TextEquiv>
                </Word>
                <TextEquiv>
                    <Unicode>schmetternden und beschämenden Tatbe¬</Unicode>
                </TextEquiv>
            </TextLine>
            <TextLine id="tr_2_tl_10" custom="readingOrder {index:9;}">
                <Coords points="1233,1308 2113,1322 2113,1269 2068,1265 1233,1278"/>
                <Baseline points="1241,1301 1284,1301 1328,1301 1372,1298 1416,1298 1459,1301 1503,1301 1547,1301 1591,1301 1634,1301 1678,1303 1722,1304 1766,1304 1809,1306 1853,1307 1897,1307 1941,1307 1984,1307 2028,1307 2072,1309 2116,1313"/>
                <Word id="tr_2_tl_10_w1" custom="readingOrder {index:0;}">
                    <Coords points="1239,1261 1239,1321 1396,1321 1396,1261"/>
                    <TextEquiv>
                        <Unicode>„Glaube</Unicode>
                    </TextEquiv>
                </Word>
                <Word id="tr_2_tl_10_w2" custom="readingOrder {index:1;}">
                    <Coords points="1424,1260 1424,1320 1484,1320 1484,1260"/>
                    <TextEquiv>
                        <Unicode>und</Unicode>
                    </TextEquiv>
                </Word>
                <Word id="tr_2_tl_10_w3" custom="readingOrder {index:2;}">
                    <Coords points="1517,1261 1517,1321 1669,1321 1669,1261"/>
                    <TextEquiv>
                        <Unicode>Heimat“</Unicode>
                    </TextEquiv>
                </Word>
                <Word id="tr_2_tl_10_w4" custom="readingOrder {index:3;}">
                    <Coords points="1702,1263 1702,1323 1728,1323 1728,1263"/>
                    <TextEquiv>
                        <Unicode>so</Unicode>
                    </TextEquiv>
                </Word>
                <Word id="tr_2_tl_10_w5" custom="readingOrder {index:4;}">
                    <Coords points="1762,1266 1762,1326 1909,1326 1909,1266"/>
                    <TextEquiv>
                        <Unicode>aufrecht</Unicode>
                    </TextEquiv>
                </Word>
                <Word id="tr_2_tl_10_w6" custom="readingOrder {index:5;}">
                    <Coords points="1931,1267 1931,1327 2110,1327 2110,1267"/>
                    <TextEquiv>
                        <Unicode>gehuldigt</Unicode>
                    </TextEquiv>
                </Word>
                <TextEquiv>
                    <Unicode>„Glaube und Heimat“ so aufrecht gehuldigt</Unicode>
                </TextEquiv>
            </TextLine>
            <TextLine id="tr_2_tl_11" custom="readingOrder {index:10;}">
                <Coords points="2161,1324 3019,1329 3017,1273 2642,1300 2580,1265 2160,1275"/>
                <Baseline points="2167,1310 2209,1313 2252,1310 2295,1313 2337,1313 2380,1313 2423,1313 2465,1313 2508,1315 2551,1316 2594,1316 2636,1316 2679,1316 2722,1316 2764,1316 2807,1316 2850,1316 2892,1316 2935,1316 2978,1316 3021,1316"/>
                <Word id="tr_2_tl_11_w1" custom="readingOrder {index:0;}">
                    <Coords points="2155,1272 2155,1332 2281,1332 2281,1272"/>
                    <TextEquiv>
                        <Unicode>standes</Unicode>
                    </TextEquiv>
                </Word>
                <Word id="tr_2_tl_11_w2" custom="readingOrder {index:1;}">
                    <Coords points="2319,1273 2319,1333 2408,1333 2408,1273"/>
                    <TextEquiv>
                        <Unicode>sollte</Unicode>
                    </TextEquiv>
                </Word>
                <Word id="tr_2_tl_11_w3" custom="readingOrder {index:2;}">
                    <Coords points="2440,1274 2440,1334 2535,1334 2535,1274"/>
                    <TextEquiv>
                        <Unicode>man,</Unicode>
                    </TextEquiv>
                </Word>
                <Word id="tr_2_tl_11_w4" custom="readingOrder {index:3;}">
                    <Coords points="2578,1276 2578,1336 2631,1336 2631,1276"/>
                    <TextEquiv>
                        <Unicode>ja,</Unicode>
                    </TextEquiv>
                </Word>
                <Word id="tr_2_tl_11_w5" custom="readingOrder {index:4;}">
                    <Coords points="2674,1276 2674,1336 2747,1336 2747,1276"/>
                    <TextEquiv>
                        <Unicode>man</Unicode>
                    </TextEquiv>
                </Word>
                <Word id="tr_2_tl_11_w6" custom="readingOrder {index:5;}">
                    <Coords points="2800,1276 2800,1336 2895,1336 2895,1276"/>
                    <TextEquiv>
                        <Unicode>sollte</Unicode>
                    </TextEquiv>
                </Word>
                <Word id="tr_2_tl_11_w7" custom="readingOrder {index:6;}">
                    <Coords points="2943,1276 2943,1336 3017,1336 3017,1276"/>
                    <TextEquiv>
                        <Unicode>ent-</Unicode>
                    </TextEquiv>
                </Word>
                <TextEquiv>
                    <Unicode>standes sollte man, ja, man sollte ent-</Unicode>
                </TextEquiv>
            </TextLine>
            <TextLine id="tr_2_tl_12" custom="readingOrder {index:11;}">
                <Coords points="1241,1360 2107,1370 2106,1326 2066,1318 1240,1312"/>
                <Baseline points="1247,1346 1290,1349 1333,1349 1376,1349 1419,1349 1462,1349 1505,1349 1549,1349 1592,1351 1635,1352 1678,1352 1721,1352 1764,1352 1807,1353 1851,1355 1894,1356 1937,1358 1980,1358 2023,1358 2066,1358 2110,1358"/>
                <Word id="tr_2_tl_12_w1" custom="readingOrder {index:0;}">
                    <Coords points="1235,1307 1235,1367 1305,1367 1305,1307"/>
                    <TextEquiv>
                        <Unicode>hat,</Unicode>
                    </TextEquiv>
                </Word>
                <Word id="tr_2_tl_12_w2" custom="readingOrder {index:1;}">
                    <Coords points="1351,1309 1351,1369 1502,1369 1502,1309"/>
                    <TextEquiv>
                        <Unicode>niemals</Unicode>
                    </TextEquiv>
                </Word>
                <Word id="tr_2_tl_12_w3" custom="readingOrder {index:2;}">
                    <Coords points="1554,1312 1554,1372 1725,1372 1725,1312"/>
                    <TextEquiv>
                        <Unicode>verziehen</Unicode>
                    </TextEquiv>
                </Word>
                <Word id="tr_2_tl_12_w4" custom="readingOrder {index:3;}">
                    <Coords points="1782,1314 1782,1374 1908,1374 1908,1314"/>
                    <TextEquiv>
                        <Unicode>werden</Unicode>
                    </TextEquiv>
                </Word>
                <Word id="tr_2_tl_12_w5" custom="readingOrder {index:4;}">
                    <Coords points="1964,1318 1964,1378 2110,1378 2110,1318"/>
                    <TextEquiv>
                        <Unicode>können.</Unicode>
                    </TextEquiv>
                </Word>
                <TextEquiv>
                    <Unicode>hat, niemals verziehen werden können.</Unicode>
                </TextEquiv>
            </TextLine>
            <TextLine id="tr_2_tl_13" custom="readingOrder {index:12;}">
                <Coords points="2167,1371 2705,1368 2864,1399 3027,1385 3026,1333 2166,1324"/>
                <Baseline points="2173,1358 2215,1361 2258,1361 2301,1361 2344,1361 2387,1361 2430,1361 2472,1361 2515,1363 2558,1364 2601,1364 2644,1364 2687,1364 2730,1365 2772,1367 2815,1367 2858,1367 2901,1367 2944,1367 2987,1367 3030,1370"/>
                <Word id="tr_2_tl_13_w1" custom="readingOrder {index:0;}">
                    <Coords points="2161,1321 2161,1381 2315,1381 2315,1321"/>
                    <TextEquiv>
                        <Unicode>schieden,</Unicode>
                    </TextEquiv>
                </Word>
                <Word id="tr_2_tl_13_w2" custom="readingOrder {index:1;}">
                    <Coords points="2333,1321 2333,1381 2387,1381 2387,1321"/>
                    <TextEquiv>
                        <Unicode>den</Unicode>
                    </TextEquiv>
                </Word>
                <Word id="tr_2_tl_13_w3" custom="readingOrder {index:2;}">
                    <Coords points="2416,1324 2416,1384 2764,1384 2764,1324"/>
                    <TextEquiv>
                        <Unicode>selbstverständlichen</Unicode>
                    </TextEquiv>
                </Word>
                <Word id="tr_2_tl_13_w4" custom="readingOrder {index:3;}">
                    <Coords points="2798,1327 2798,1387 2881,1387 2881,1327"/>
                    <TextEquiv>
                        <Unicode>Mut</Unicode>
                    </TextEquiv>
                </Word>
                <Word id="tr_2_tl_13_w5" custom="readingOrder {index:4;}">
                    <Coords points="2898,1327 2898,1387 3024,1387 3024,1327"/>
                    <TextEquiv>
                        <Unicode>haben,</Unicode>
                    </TextEquiv>
                </Word>
                <TextEquiv>
                    <Unicode>schieden, den selbstverständlichen Mut haben,</Unicode>
                </TextEquiv>
            </TextLine>
            <TextLine id="tr_2_tl_14" custom="readingOrder {index:13;}">
                <Coords points="1243,1409 2107,1410 2086,1363 1243,1359"/>
                <Baseline points="1250,1394 1293,1397 1336,1394 1379,1399 1422,1400 1465,1400 1508,1398 1551,1399 1594,1402 1637,1403 1680,1401 1723,1402 1766,1403 1809,1403 1852,1404 1895,1406 1938,1406 1981,1406 2024,1406 2067,1405 2110,1403"/>
                <Word id="tr_2_tl_14_w1" custom="readingOrder {index:0;}">
                    <Coords points="1243,1356 1243,1416 1318,1416 1318,1356"/>
                    <TextEquiv>
                        <Unicode>Auch</Unicode>
                    </TextEquiv>
                </Word>
                <Word id="tr_2_tl_14_w2" custom="readingOrder {index:1;}">
                    <Coords points="1352,1359 1352,1419 1481,1419 1481,1359"/>
                    <TextEquiv>
                        <Unicode>Arthur</Unicode>
                    </TextEquiv>
                </Word>
                <Word id="tr_2_tl_14_w3" custom="readingOrder {index:2;}">
                    <Coords points="1509,1362 1509,1422 1693,1422 1693,1362"/>
                    <TextEquiv>
                        <Unicode>Schnitzler</Unicode>
                    </TextEquiv>
                </Word>
                <Word id="tr_2_tl_14_w4" custom="readingOrder {index:3;}">
                    <Coords points="1726,1362 1726,1422 1801,1422 1801,1362"/>
                    <TextEquiv>
                        <Unicode>war</Unicode>
                    </TextEquiv>
                </Word>
                <Word id="tr_2_tl_14_w5" custom="readingOrder {index:4;}">
                    <Coords points="1834,1363 1834,1423 1861,1423 1861,1363"/>
                    <TextEquiv>
                        <Unicode>in</Unicode>
                    </TextEquiv>
                </Word>
                <Word id="tr_2_tl_14_w6" custom="readingOrder {index:5;}">
                    <Coords points="1899,1366 1899,1426 2001,1426 2001,1366"/>
                    <TextEquiv>
                        <Unicode>diesen</Unicode>
                    </TextEquiv>
                </Word>
                <Word id="tr_2_tl_14_w7" custom="readingOrder {index:6;}">
                    <Coords points="2040,1364 2040,1424 2104,1424 2104,1364"/>
                    <TextEquiv>
                        <Unicode>hei¬</Unicode>
                    </TextEquiv>
                </Word>
                <TextEquiv>
                    <Unicode>Auch Arthur Schnitzler war in diesen hei¬</Unicode>
                </TextEquiv>
            </TextLine>
            <TextLine id="tr_2_tl_15" custom="readingOrder {index:14;}">
                <Coords points="2153,1426 2227,1410 2321,1431 2706,1430 2706,1385 2638,1367 2153,1371"/>
                <Baseline points="2161,1406 2188,1408 2215,1409 2243,1409 2270,1409 2298,1409 2325,1409 2353,1410 2380,1412 2408,1410 2435,1409 2462,1411 2490,1412 2517,1412 2545,1412 2572,1412 2600,1412 2627,1412 2655,1412 2682,1412 2710,1415"/>
                <Word id="tr_2_tl_15_w1" custom="readingOrder {index:0;}">
                    <Coords points="2159,1367 2159,1427 2208,1427 2208,1367"/>
                    <TextEquiv>
                        <Unicode>die</Unicode>
                    </TextEquiv>
                </Word>
                <Word id="tr_2_tl_15_w2" custom="readingOrder {index:1;}">
                    <Coords points="2231,1369 2231,1429 2414,1429 2414,1369"/>
                    <TextEquiv>
                        <Unicode>Wahrheit</Unicode>
                    </TextEquiv>
                </Word>
                <Word id="tr_2_tl_15_w3" custom="readingOrder {index:2;}">
                    <Coords points="2437,1372 2437,1432 2703,1432 2703,1372"/>
                    <TextEquiv>
                        <Unicode>einzugestehen.</Unicode>
                    </TextEquiv>
                </Word>
                <TextEquiv>
                    <Unicode>die Wahrheit einzugestehen.</Unicode>
                </TextEquiv>
            </TextLine>
            <TextLine id="tr_2_tl_16" custom="readingOrder {index:15;}">
                <Coords points="1233,1459 2111,1467 2111,1406 1233,1413"/>
                <Baseline points="1241,1441 1284,1444 1328,1444 1371,1447 1415,1447 1459,1447 1502,1447 1546,1447 1589,1449 1633,1448 1677,1449 1720,1448 1764,1449 1807,1450 1851,1450 1895,1452 1938,1453 1982,1453 2025,1453 2069,1453 2113,1453"/>
                <Word id="tr_2_tl_16_w1" custom="readingOrder {index:0;}">
                    <Coords points="1233,1404 1233,1464 1369,1464 1369,1404"/>
                    <TextEquiv>
                        <Unicode>mischen</Unicode>
                    </TextEquiv>
                </Word>
                <Word id="tr_2_tl_16_w2" custom="readingOrder {index:1;}">
                    <Coords points="1407,1407 1407,1467 1624,1467 1624,1407"/>
                    <TextEquiv>
                        <Unicode>„Belangen“</Unicode>
                    </TextEquiv>
                </Word>
                <Word id="tr_2_tl_16_w3" custom="readingOrder {index:2;}">
                    <Coords points="1658,1408 1658,1468 1706,1468 1706,1408"/>
                    <TextEquiv>
                        <Unicode>ein</Unicode>
                    </TextEquiv>
                </Word>
                <Word id="tr_2_tl_16_w4" custom="readingOrder {index:3;}">
                    <Coords points="1740,1410 1740,1470 1983,1470 1983,1410"/>
                    <TextEquiv>
                        <Unicode>stillächelnder</Unicode>
                    </TextEquiv>
                </Word>
                <Word id="tr_2_tl_16_w5" custom="readingOrder {index:4;}">
                    <Coords points="2017,1413 2017,1473 2114,1473 2114,1413"/>
                    <TextEquiv>
                        <Unicode>Viel¬</Unicode>
                    </TextEquiv>
                </Word>
                <TextEquiv>
                    <Unicode>mischen „Belangen“ ein stillächelnder Viel¬</Unicode>
                </TextEquiv>
            </TextLine>
            <TextLine id="tr_2_tl_17" custom="readingOrder {index:16;}">
                <Coords points="2237,1470 3027,1469 3027,1421 2978,1414 2237,1416"/>
                <Baseline points="2245,1456 2284,1456 2323,1456 2362,1458 2402,1457 2441,1457 2480,1459 2519,1459 2559,1459 2598,1462 2637,1462 2676,1462 2716,1462 2755,1462 2794,1461 2833,1459 2873,1462 2912,1462 2951,1462 2990,1462 3030,1462"/>
                <Word id="tr_2_tl_17_w1" custom="readingOrder {index:0;}">
                    <Coords points="2244,1416 2244,1476 2306,1476 2306,1416"/>
                    <TextEquiv>
                        <Unicode>Die</Unicode>
                    </TextEquiv>
                </Word>
                <Word id="tr_2_tl_17_w2" custom="readingOrder {index:1;}">
                    <Coords points="2330,1417 2330,1477 2503,1477 2503,1417"/>
                    <TextEquiv>
                        <Unicode>Wahrheit</Unicode>
                    </TextEquiv>
                </Word>
                <Word id="tr_2_tl_17_w3" custom="readingOrder {index:2;}">
                    <Coords points="2527,1419 2527,1479 2561,1479 2561,1419"/>
                    <TextEquiv>
                        <Unicode>ist</Unicode>
                    </TextEquiv>
                </Word>
                <Word id="tr_2_tl_17_w4" custom="readingOrder {index:3;}">
                    <Coords points="2579,1422 2579,1482 2717,1482 2717,1422"/>
                    <TextEquiv>
                        <Unicode>nämlich</Unicode>
                    </TextEquiv>
                </Word>
                <Word id="tr_2_tl_17_w5" custom="readingOrder {index:4;}">
                    <Coords points="2741,1421 2741,1481 2816,1481 2816,1421"/>
                    <TextEquiv>
                        <Unicode>die:</Unicode>
                    </TextEquiv>
                </Word>
                <Word id="tr_2_tl_17_w6" custom="readingOrder {index:5;}">
                    <Coords points="2834,1420 2834,1480 2885,1480 2885,1420"/>
                    <TextEquiv>
                        <Unicode>dem</Unicode>
                    </TextEquiv>
                </Word>
                <Word id="tr_2_tl_17_w7" custom="readingOrder {index:6;}">
                    <Coords points="2926,1422 2926,1482 3006,1482 3006,1422"/>
                    <TextEquiv>
                        <Unicode>toten</Unicode>
                    </TextEquiv>
                </Word>
                <TextEquiv>
                    <Unicode>Die Wahrheit ist nämlich die: dem toten</Unicode>
                </TextEquiv>
            </TextLine>
            <TextLine id="tr_2_tl_18" custom="readingOrder {index:17;}">
                <Coords points="1233,1501 2113,1519 2111,1467 1231,1460"/>
                <Baseline points="1241,1492 1284,1495 1328,1495 1372,1495 1416,1495 1459,1495 1503,1498 1547,1498 1591,1498 1634,1496 1678,1497 1722,1500 1766,1501 1809,1501 1853,1501 1897,1501 1941,1501 1984,1501 2028,1501 2072,1503 2116,1504"/>
                <Word id="tr_2_tl_18_w1" custom="readingOrder {index:0;}">
                    <Coords points="1236,1455 1236,1515 1365,1515 1365,1455"/>
                    <TextEquiv>
                        <Unicode>wisser.</Unicode>
                    </TextEquiv>
                </Word>
                <Word id="tr_2_tl_18_w2" custom="readingOrder {index:1;}">
                    <Coords points="1412,1455 1412,1515 1494,1515 1494,1455"/>
                    <TextEquiv>
                        <Unicode>Man</Unicode>
                    </TextEquiv>
                </Word>
                <Word id="tr_2_tl_18_w3" custom="readingOrder {index:2;}">
                    <Coords points="1532,1458 1532,1518 1608,1518 1608,1458"/>
                    <TextEquiv>
                        <Unicode>kann</Unicode>
                    </TextEquiv>
                </Word>
                <Word id="tr_2_tl_18_w4" custom="readingOrder {index:3;}">
                    <Coords points="1640,1456 1640,1516 1696,1516 1696,1456"/>
                    <TextEquiv>
                        <Unicode>es,</Unicode>
                    </TextEquiv>
                </Word>
                <Word id="tr_2_tl_18_w5" custom="readingOrder {index:4;}">
                    <Coords points="1718,1460 1718,1520 1810,1520 1810,1460"/>
                    <TextEquiv>
                        <Unicode>wenn</Unicode>
                    </TextEquiv>
                </Word>
                <Word id="tr_2_tl_18_w6" custom="readingOrder {index:5;}">
                    <Coords points="1848,1461 1848,1521 1919,1521 1919,1461"/>
                    <TextEquiv>
                        <Unicode>man</Unicode>
                    </TextEquiv>
                </Word>
                <Word id="tr_2_tl_18_w7" custom="readingOrder {index:6;}">
                    <Coords points="1956,1461 1956,1521 2049,1521 2049,1461"/>
                    <TextEquiv>
                        <Unicode>will,</Unicode>
                    </TextEquiv>
                </Word>
                <Word id="tr_2_tl_18_w8" custom="readingOrder {index:7;}">
                    <Coords points="2070,1463 2070,1523 2095,1523 2095,1463"/>
                    <TextEquiv>
                        <Unicode>in</Unicode>
                    </TextEquiv>
                </Word>
                <TextEquiv>
                    <Unicode>wisser. Man kann es, wenn man will, in</Unicode>
                </TextEquiv>
            </TextLine>
            <TextLine id="tr_2_tl_19" custom="readingOrder {index:18;}">
                <Coords points="2153,1512 3020,1523 3020,1480 2924,1467 2545,1483 2153,1448"/>
                <Baseline points="2161,1504 2204,1504 2247,1504 2290,1504 2333,1507 2376,1507 2419,1507 2463,1507 2506,1507 2549,1509 2592,1510 2635,1510 2678,1510 2721,1510 2765,1509 2808,1508 2851,1510 2894,1510 2937,1510 2980,1511 3024,1510"/>
                <Word id="tr_2_tl_19_w1" custom="readingOrder {index:0;}">
                    <Coords points="2153,1464 2153,1524 2280,1524 2280,1464"/>
                    <TextEquiv>
                        <Unicode>Arthur</Unicode>
                    </TextEquiv>
                </Word>
                <Word id="tr_2_tl_19_w2" custom="readingOrder {index:1;}">
                    <Coords points="2307,1467 2307,1527 2487,1527 2487,1467"/>
                    <TextEquiv>
                        <Unicode>Schnitzler</Unicode>
                    </TextEquiv>
                </Word>
                <Word id="tr_2_tl_19_w3" custom="readingOrder {index:2;}">
                    <Coords points="2514,1469 2514,1529 2630,1529 2630,1469"/>
                    <TextEquiv>
                        <Unicode>wurde</Unicode>
                    </TextEquiv>
                </Word>
                <Word id="tr_2_tl_19_w4" custom="readingOrder {index:3;}">
                    <Coords points="2679,1470 2679,1530 2747,1530 2747,1470"/>
                    <TextEquiv>
                        <Unicode>nur</Unicode>
                    </TextEquiv>
                </Word>
                <Word id="tr_2_tl_19_w5" custom="readingOrder {index:4;}">
                    <Coords points="2795,1470 2795,1530 3018,1530 3018,1470"/>
                    <TextEquiv>
                        <Unicode>verweigert,</Unicode>
                    </TextEquiv>
                </Word>
                <TextEquiv>
                    <Unicode>Arthur Schnitzler wurde nur verweigert,</Unicode>
                </TextEquiv>
            </TextLine>
            <TextLine id="tr_2_tl_20" custom="readingOrder {index:19;}">
                <Coords points="1233,1548 2104,1564 2104,1514 2050,1509 1412,1501 1347,1527 1233,1501"/>
                <Baseline points="1241,1540 1284,1543 1327,1540 1370,1543 1414,1543 1457,1543 1500,1545 1544,1546 1587,1546 1630,1546 1674,1546 1717,1546 1760,1546 1803,1548 1847,1549 1890,1549 1933,1549 1977,1549 2020,1549 2063,1550 2107,1549"/>
                <Word id="tr_2_tl_20_w1" custom="readingOrder {index:0;}">
                    <Coords points="1233,1501 1233,1561 1290,1561 1290,1501"/>
                    <TextEquiv>
                        <Unicode>den</Unicode>
                    </TextEquiv>
                </Word>
                <Word id="tr_2_tl_20_w2" custom="readingOrder {index:1;}">
                    <Coords points="1360,1503 1360,1563 1554,1563 1554,1503"/>
                    <TextEquiv>
                        <Unicode>mörderisch</Unicode>
                    </TextEquiv>
                </Word>
                <Word id="tr_2_tl_20_w3" custom="readingOrder {index:2;}">
                    <Coords points="1618,1506 1618,1566 1802,1566 1802,1506"/>
                    <TextEquiv>
                        <Unicode>ironischen</Unicode>
                    </TextEquiv>
                </Word>
                <Word id="tr_2_tl_20_w4" custom="readingOrder {index:3;}">
                    <Coords points="1876,1509 1876,1569 2102,1569 2102,1509"/>
                    <TextEquiv>
                        <Unicode>Ministerial¬</Unicode>
                    </TextEquiv>
                </Word>
                <TextEquiv>
                    <Unicode>den mörderisch ironischen Ministerial¬</Unicode>
                </TextEquiv>
            </TextLine>
            <TextLine id="tr_2_tl_21" custom="readingOrder {index:20;}">
                <Coords points="2153,1567 3031,1567 3001,1519 2153,1512"/>
                <Baseline points="2161,1552 2204,1555 2248,1552 2291,1555 2335,1555 2379,1555 2422,1557 2466,1556 2509,1557 2553,1558 2597,1558 2640,1558 2684,1558 2727,1558 2771,1558 2815,1558 2858,1560 2902,1559 2945,1560 2989,1561 3033,1558"/>
                <Word id="tr_2_tl_21_w1" custom="readingOrder {index:0;}">
                    <Coords points="2158,1514 2158,1574 2227,1574 2227,1514"/>
                    <TextEquiv>
                        <Unicode>was</Unicode>
                    </TextEquiv>
                </Word>
                <Word id="tr_2_tl_21_w2" custom="readingOrder {index:1;}">
                    <Coords points="2258,1514 2258,1574 2313,1574 2313,1514"/>
                    <TextEquiv>
                        <Unicode>dem</Unicode>
                    </TextEquiv>
                </Word>
                <Word id="tr_2_tl_21_w3" custom="readingOrder {index:2;}">
                    <Coords points="2364,1516 2364,1576 2515,1576 2515,1516"/>
                    <TextEquiv>
                        <Unicode>lebenden</Unicode>
                    </TextEquiv>
                </Word>
                <Word id="tr_2_tl_21_w4" custom="readingOrder {index:3;}">
                    <Coords points="2551,1518 2551,1578 2747,1578 2747,1518"/>
                    <TextEquiv>
                        <Unicode>gegenüber</Unicode>
                    </TextEquiv>
                </Word>
                <Word id="tr_2_tl_21_w5" custom="readingOrder {index:4;}">
                    <Coords points="2793,1519 2793,1579 2919,1579 2919,1519"/>
                    <TextEquiv>
                        <Unicode>immer</Unicode>
                    </TextEquiv>
                </Word>
                <Word id="tr_2_tl_21_w6" custom="readingOrder {index:5;}">
                    <Coords points="2949,1520 2949,1580 3014,1580 3014,1520"/>
                    <TextEquiv>
                        <Unicode>und</Unicode>
                    </TextEquiv>
                </Word>
                <TextEquiv>
                    <Unicode>was dem lebenden gegenüber immer und</Unicode>
                </TextEquiv>
            </TextLine>
            <TextLine id="tr_2_tl_22" custom="readingOrder {index:21;}">
                <Coords points="1240,1606 1999,1615 2107,1601 2107,1564 1238,1550"/>
                <Baseline points="1247,1591 1290,1591 1333,1591 1376,1591 1419,1593 1462,1594 1505,1596 1549,1595 1592,1594 1635,1594 1678,1596 1721,1595 1764,1596 1807,1597 1851,1597 1894,1597 1937,1597 1980,1598 2023,1600 2066,1599 2110,1597"/>
                <Word id="tr_2_tl_22_w1" custom="readingOrder {index:0;}">
                    <Coords points="1239,1551 1239,1611 1343,1611 1343,1551"/>
                    <TextEquiv>
                        <Unicode>szenen</Unicode>
                    </TextEquiv>
                </Word>
                <Word id="tr_2_tl_22_w2" custom="readingOrder {index:1;}">
                    <Coords points="1377,1553 1377,1613 1476,1613 1476,1553"/>
                    <TextEquiv>
                        <Unicode>seines</Unicode>
                    </TextEquiv>
                </Word>
                <Word id="tr_2_tl_22_w3" custom="readingOrder {index:2;}">
                    <Coords points="1510,1554 1510,1614 1710,1614 1710,1554"/>
                    <TextEquiv>
                        <Unicode>„Professor</Unicode>
                    </TextEquiv>
                </Word>
                <Word id="tr_2_tl_22_w4" custom="readingOrder {index:3;}">
                    <Coords points="1738,1557 1738,1617 1954,1617 1954,1557"/>
                    <TextEquiv>
                        <Unicode>Bernhardi“</Unicode>
                    </TextEquiv>
                </Word>
                <Word id="tr_2_tl_22_w5" custom="readingOrder {index:4;}">
                    <Coords points="1988,1559 1988,1619 2104,1619 2104,1559"/>
                    <TextEquiv>
                        <Unicode>studie¬</Unicode>
                    </TextEquiv>
                </Word>
                <TextEquiv>
                    <Unicode>szenen seines „Professor Bernhardi“ studie¬</Unicode>
                </TextEquiv>
            </TextLine>
            <TextLine id="tr_2_tl_23" custom="readingOrder {index:22;}">
                <Coords points="2160,1617 2989,1625 3031,1621 3030,1567 2159,1564"/>
                <Baseline points="2167,1603 2210,1603 2253,1603 2296,1603 2340,1606 2383,1606 2426,1606 2470,1604 2513,1605 2556,1606 2600,1606 2643,1606 2686,1606 2729,1608 2773,1607 2816,1606 2859,1606 2903,1607 2946,1609 2989,1608 3033,1606"/>
                <Word id="tr_2_tl_23_w1" custom="readingOrder {index:0;}">
                    <Coords points="2154,1563 2154,1623 2311,1623 2311,1563"/>
                    <TextEquiv>
                        <Unicode>jederzeit</Unicode>
                    </TextEquiv>
                </Word>
                <Word id="tr_2_tl_23_w2" custom="readingOrder {index:1;}">
                    <Coords points="2333,1566 2333,1626 2501,1626 2501,1566"/>
                    <TextEquiv>
                        <Unicode>blamable</Unicode>
                    </TextEquiv>
                </Word>
                <Word id="tr_2_tl_23_w3" custom="readingOrder {index:2;}">
                    <Coords points="2529,1566 2529,1626 2588,1626 2588,1566"/>
                    <TextEquiv>
                        <Unicode>und</Unicode>
                    </TextEquiv>
                </Word>
                <Word id="tr_2_tl_23_w4" custom="readingOrder {index:3;}">
                    <Coords points="2616,1567 2616,1627 2865,1627 2865,1567"/>
                    <TextEquiv>
                        <Unicode>österreichische</Unicode>
                    </TextEquiv>
                </Word>
                <Word id="tr_2_tl_23_w5" custom="readingOrder {index:4;}">
                    <Coords points="2893,1568 2893,1628 3023,1628 3023,1568"/>
                    <TextEquiv>
                        <Unicode>Selbst¬</Unicode>
                    </TextEquiv>
                </Word>
                <TextEquiv>
                    <Unicode>jederzeit blamable und österreichische Selbst¬</Unicode>
                </TextEquiv>
            </TextLine>
            <TextLine id="tr_2_tl_24" custom="readingOrder {index:23;}">
                <Coords points="1233,1646 2079,1666 2110,1613 1231,1610"/>
                <Baseline points="1241,1636 1284,1639 1328,1642 1371,1642 1415,1642 1459,1642 1502,1642 1546,1642 1589,1642 1633,1642 1677,1644 1720,1645 1764,1645 1807,1645 1851,1645 1895,1646 1938,1647 1982,1646 2025,1646 2069,1647 2113,1647"/>
                <Word id="tr_2_tl_24_w1" custom="readingOrder {index:0;}">
                    <Coords points="1231,1598 1231,1658 1310,1658 1310,1598"/>
                    <TextEquiv>
                        <Unicode>ren,</Unicode>
                    </TextEquiv>
                </Word>
                <Word id="tr_2_tl_24_w2" custom="readingOrder {index:1;}">
                    <Coords points="1332,1602 1332,1662 1448,1662 1448,1602"/>
                    <TextEquiv>
                        <Unicode>warum</Unicode>
                    </TextEquiv>
                </Word>
                <Word id="tr_2_tl_24_w3" custom="readingOrder {index:2;}">
                    <Coords points="1492,1602 1492,1662 1592,1662 1592,1602"/>
                    <TextEquiv>
                        <Unicode>solche</Unicode>
                    </TextEquiv>
                </Word>
                <Word id="tr_2_tl_24_w4" custom="readingOrder {index:3;}">
                    <Coords points="1615,1604 1615,1664 1800,1664 1800,1604"/>
                    <TextEquiv>
                        <Unicode>offiziellen</Unicode>
                    </TextEquiv>
                </Word>
                <Word id="tr_2_tl_24_w5" custom="readingOrder {index:4;}">
                    <Coords points="1838,1606 1838,1666 2103,1666 2103,1606"/>
                    <TextEquiv>
                        <Unicode>Gräberbesuche</Unicode>
                    </TextEquiv>
                </Word>
                <TextEquiv>
                    <Unicode>ren, warum solche offiziellen Gräberbesuche</Unicode>
                </TextEquiv>
            </TextLine>
            <TextLine id="tr_2_tl_25" custom="readingOrder {index:24;}">
                <Coords points="2156,1659 3027,1678 3027,1620 2960,1613 2156,1617"/>
                <Baseline points="2164,1647 2207,1647 2250,1650 2293,1650 2337,1653 2380,1653 2423,1653 2467,1653 2510,1653 2553,1653 2597,1655 2640,1654 2683,1653 2726,1655 2770,1656 2813,1656 2856,1656 2900,1655 2943,1654 2986,1656 3030,1653"/>
                <Word id="tr_2_tl_25_w1" custom="readingOrder {index:0;}">
                    <Coords points="2156,1610 2156,1670 2433,1670 2433,1610"/>
                    <TextEquiv>
                        <Unicode>verständlichkeit</Unicode>
                    </TextEquiv>
                </Word>
                <Word id="tr_2_tl_25_w2" custom="readingOrder {index:1;}">
                    <Coords points="2460,1613 2460,1673 2546,1673 2546,1613"/>
                    <TextEquiv>
                        <Unicode>war.</Unicode>
                    </TextEquiv>
                </Word>
                <Word id="tr_2_tl_25_w3" custom="readingOrder {index:2;}">
                    <Coords points="2569,1614 2569,1674 2699,1674 2699,1614"/>
                    <TextEquiv>
                        <Unicode>Arthur</Unicode>
                    </TextEquiv>
                </Word>
                <Word id="tr_2_tl_25_w4" custom="readingOrder {index:3;}">
                    <Coords points="2732,1616 2732,1676 2911,1676 2911,1616"/>
                    <TextEquiv>
                        <Unicode>Schnitzler</Unicode>
                    </TextEquiv>
                </Word>
                <Word id="tr_2_tl_25_w5" custom="readingOrder {index:4;}">
                    <Coords points="2944,1615 2944,1675 3013,1675 3013,1615"/>
                    <TextEquiv>
                        <Unicode>war</Unicode>
                    </TextEquiv>
                </Word>
                <TextEquiv>
                    <Unicode>verständlichkeit war. Arthur Schnitzler war</Unicode>
                </TextEquiv>
            </TextLine>
            <TextLine id="tr_2_tl_26" custom="readingOrder {index:25;}">
                <Coords points="1227,1684 2113,1710 2086,1656 1226,1659"/>
                <Baseline points="1235,1683 1279,1686 1323,1689 1367,1689 1411,1689 1455,1689 1499,1689 1543,1692 1587,1692 1631,1692 1675,1692 1719,1692 1763,1692 1807,1692 1851,1692 1895,1694 1939,1693 1983,1694 2027,1695 2071,1693 2116,1695"/>
                <Word id="tr_2_tl_26_w1" custom="readingOrder {index:0;}">
                    <Coords points="1231,1649 1231,1709 1483,1709 1483,1649"/>
                    <TextEquiv>
                        <Unicode>unterbleiben,</Unicode>
                    </TextEquiv>
                </Word>
                <Word id="tr_2_tl_26_w2" custom="readingOrder {index:1;}">
                    <Coords points="1509,1652 1509,1712 1625,1712 1625,1652"/>
                    <TextEquiv>
                        <Unicode>warum</Unicode>
                    </TextEquiv>
                </Word>
                <Word id="tr_2_tl_26_w3" custom="readingOrder {index:2;}">
                    <Coords points="1676,1652 1676,1712 1721,1712 1721,1652"/>
                    <TextEquiv>
                        <Unicode>sie</Unicode>
                    </TextEquiv>
                </Word>
                <Word id="tr_2_tl_26_w4" custom="readingOrder {index:3;}">
                    <Coords points="1747,1652 1747,1712 1979,1712 1979,1652"/>
                    <TextEquiv>
                        <Unicode>unterbleiben</Unicode>
                    </TextEquiv>
                </Word>
                <Word id="tr_2_tl_26_w5" custom="readingOrder {index:4;}">
                    <Coords points="2016,1653 2016,1713 2106,1713 2106,1653"/>
                    <TextEquiv>
                        <Unicode>müs¬</Unicode>
                    </TextEquiv>
                </Word>
                <TextEquiv>
                    <Unicode>unterbleiben, warum sie unterbleiben müs¬</Unicode>
                </TextEquiv>
            </TextLine>
            <TextLine id="tr_2_tl_27" custom="readingOrder {index:26;}">
                <Coords points="2153,1708 3020,1716 3005,1662 2153,1659"/>
                <Baseline points="2161,1698 2204,1698 2247,1698 2290,1701 2333,1701 2376,1703 2419,1702 2463,1701 2506,1701 2549,1701 2592,1701 2635,1701 2678,1701 2721,1701 2765,1702 2808,1704 2851,1704 2894,1704 2937,1704 2980,1704 3024,1704"/>
                <Word id="tr_2_tl_27_w1" custom="readingOrder {index:0;}">
                    <Coords points="2153,1658 2153,1718 2207,1718 2207,1658"/>
                    <TextEquiv>
                        <Unicode>nie</Unicode>
                    </TextEquiv>
                </Word>
                <Word id="tr_2_tl_27_w2" custom="readingOrder {index:1;}">
                    <Coords points="2229,1659 2229,1719 2300,1719 2300,1659"/>
                    <TextEquiv>
                        <Unicode>eine</Unicode>
                    </TextEquiv>
                </Word>
                <Word id="tr_2_tl_27_w3" custom="readingOrder {index:2;}">
                    <Coords points="2327,1662 2327,1722 2474,1722 2474,1662"/>
                    <TextEquiv>
                        <Unicode>offiziell</Unicode>
                    </TextEquiv>
                </Word>
                <Word id="tr_2_tl_27_w4" custom="readingOrder {index:3;}">
                    <Coords points="2512,1661 2512,1721 2718,1721 2718,1661"/>
                    <TextEquiv>
                        <Unicode>anerkannte</Unicode>
                    </TextEquiv>
                </Word>
                <Word id="tr_2_tl_27_w5" custom="readingOrder {index:4;}">
                    <Coords points="2763,1664 2763,1724 3017,1724 3017,1664"/>
                    <TextEquiv>
                        <Unicode>österreichische</Unicode>
                    </TextEquiv>
                </Word>
                <TextEquiv>
                    <Unicode>nie eine offiziell anerkannte österreichische</Unicode>
                </TextEquiv>
            </TextLine>
            <TextLine id="tr_2_tl_28" custom="readingOrder {index:27;}">
                <Coords points="1240,1752 2015,1762 2107,1755 2107,1709 1238,1695"/>
                <Baseline points="1247,1737 1290,1737 1333,1737 1376,1737 1419,1737 1462,1737 1505,1739 1549,1740 1592,1740 1635,1738 1678,1739 1721,1740 1764,1740 1807,1741 1851,1743 1894,1743 1937,1743 1980,1743 2023,1743 2066,1743 2110,1746"/>
                <Word id="tr_2_tl_28_w1" custom="readingOrder {index:0;}">
                    <Coords points="1233,1697 1233,1757 1304,1757 1304,1697"/>
                    <TextEquiv>
                        <Unicode>sen.</Unicode>
                    </TextEquiv>
                </Word>
                <Word id="tr_2_tl_28_w2" custom="readingOrder {index:1;}">
                    <Coords points="1321,1697 1321,1757 1450,1757 1450,1697"/>
                    <TextEquiv>
                        <Unicode>Arthur</Unicode>
                    </TextEquiv>
                </Word>
                <Word id="tr_2_tl_28_w3" custom="readingOrder {index:2;}">
                    <Coords points="1471,1700 1471,1760 1674,1760 1674,1700"/>
                    <TextEquiv>
                        <Unicode>Schnitzlers</Unicode>
                    </TextEquiv>
                </Word>
                <Word id="tr_2_tl_28_w4" custom="readingOrder {index:3;}">
                    <Coords points="1700,1700 1700,1760 1809,1760 1809,1700"/>
                    <TextEquiv>
                        <Unicode>teurer</Unicode>
                    </TextEquiv>
                </Word>
                <Word id="tr_2_tl_28_w5" custom="readingOrder {index:4;}">
                    <Coords points="1835,1703 1835,1763 1985,1763 1985,1703"/>
                    <TextEquiv>
                        <Unicode>Schatten</Unicode>
                    </TextEquiv>
                </Word>
                <Word id="tr_2_tl_28_w6" custom="readingOrder {index:5;}">
                    <Coords points="2018,1703 2018,1763 2100,1763 2100,1703"/>
                    <TextEquiv>
                        <Unicode>wird</Unicode>
                    </TextEquiv>
                </Word>
                <TextEquiv>
                    <Unicode>sen. Arthur Schnitzlers teurer Schatten wird</Unicode>
                </TextEquiv>
            </TextLine>
            <TextLine id="tr_2_tl_29" custom="readingOrder {index:28;}">
                <Coords points="2153,1755 3027,1766 3027,1717 2977,1713 2508,1702 2399,1734 2153,1708"/>
                <Baseline points="2161,1746 2204,1746 2247,1746 2291,1749 2334,1752 2378,1752 2421,1750 2465,1751 2508,1750 2552,1749 2595,1751 2638,1752 2682,1752 2725,1752 2769,1752 2812,1752 2856,1754 2899,1755 2943,1755 2986,1755 3030,1755"/>
                <Word id="tr_2_tl_29_w1" custom="readingOrder {index:0;}">
                    <Coords points="2148,1707 2148,1767 2387,1767 2387,1707"/>
                    <TextEquiv>
                        <Unicode>Erscheinung,</Unicode>
                    </TextEquiv>
                </Word>
                <Word id="tr_2_tl_29_w2" custom="readingOrder {index:1;}">
                    <Coords points="2410,1710 2410,1770 2540,1770 2540,1710"/>
                    <TextEquiv>
                        <Unicode>amtlich</Unicode>
                    </TextEquiv>
                </Word>
                <Word id="tr_2_tl_29_w3" custom="readingOrder {index:2;}">
                    <Coords points="2579,1711 2579,1771 2649,1771 2649,1711"/>
                    <TextEquiv>
                        <Unicode>war</Unicode>
                    </TextEquiv>
                </Word>
                <Word id="tr_2_tl_29_w4" custom="readingOrder {index:3;}">
                    <Coords points="2677,1712 2677,1772 2709,1772 2709,1712"/>
                    <TextEquiv>
                        <Unicode>er</Unicode>
                    </TextEquiv>
                </Word>
                <Word id="tr_2_tl_29_w5" custom="readingOrder {index:4;}">
                    <Coords points="2742,1712 2742,1772 2785,1772 2785,1712"/>
                    <TextEquiv>
                        <Unicode>ein</Unicode>
                    </TextEquiv>
                </Word>
                <Word id="tr_2_tl_29_w6" custom="readingOrder {index:5;}">
                    <Coords points="2840,1715 2840,1775 3014,1775 3014,1715"/>
                    <TextEquiv>
                        <Unicode>kassierter</Unicode>
                    </TextEquiv>
                </Word>
                <TextEquiv>
                    <Unicode>Erscheinung, amtlich war er ein kassierter</Unicode>
                </TextEquiv>
            </TextLine>
            <TextLine id="tr_2_tl_30" custom="readingOrder {index:29;}">
                <Coords points="1227,1790 2107,1804 2097,1752 1227,1755"/>
                <Baseline points="1235,1785 1278,1785 1322,1785 1366,1788 1410,1788 1453,1788 1497,1788 1541,1788 1585,1788 1628,1790 1672,1791 1716,1791 1760,1791 1803,1791 1847,1791 1891,1791 1935,1791 1978,1791 2022,1793 2066,1794 2110,1794"/>
                <Word id="tr_2_tl_30_w1" custom="readingOrder {index:0;}">
                    <Coords points="1232,1745 1232,1805 1317,1805 1317,1745"/>
                    <TextEquiv>
                        <Unicode>nicht</Unicode>
                    </TextEquiv>
                </Word>
                <Word id="tr_2_tl_30_w2" custom="readingOrder {index:1;}">
                    <Coords points="1343,1748 1343,1808 1580,1808 1580,1748"/>
                    <TextEquiv>
                        <Unicode>verwundert,</Unicode>
                    </TextEquiv>
                </Word>
                <Word id="tr_2_tl_30_w3" custom="readingOrder {index:2;}">
                    <Coords points="1600,1749 1600,1809 1630,1809 1630,1749"/>
                    <TextEquiv>
                        <Unicode>ja</Unicode>
                    </TextEquiv>
                </Word>
                <Word id="tr_2_tl_30_w4" custom="readingOrder {index:3;}">
                    <Coords points="1661,1751 1661,1811 1852,1811 1852,1751"/>
                    <TextEquiv>
                        <Unicode>vermutlich</Unicode>
                    </TextEquiv>
                </Word>
                <Word id="tr_2_tl_30_w5" custom="readingOrder {index:4;}">
                    <Coords points="1888,1751 1888,1811 1989,1811 1989,1751"/>
                    <TextEquiv>
                        <Unicode>sogar</Unicode>
                    </TextEquiv>
                </Word>
                <Word id="tr_2_tl_30_w6" custom="readingOrder {index:5;}">
                    <Coords points="2015,1753 2015,1813 2100,1813 2100,1753"/>
                    <TextEquiv>
                        <Unicode>ohne</Unicode>
                    </TextEquiv>
                </Word>
                <TextEquiv>
                    <Unicode>nicht verwundert, ja vermutlich sogar ohne</Unicode>
                </TextEquiv>
            </TextLine>
            <TextLine id="tr_2_tl_31" custom="readingOrder {index:30;}">
                <Coords points="2157,1814 3030,1812 3028,1768 2964,1758 2156,1756"/>
                <Baseline points="2164,1797 2207,1797 2250,1797 2294,1797 2337,1797 2381,1800 2424,1800 2468,1798 2511,1799 2555,1798 2598,1799 2641,1800 2685,1800 2728,1800 2772,1800 2815,1802 2859,1803 2902,1803 2946,1803 2989,1802 3033,1803"/>
                <Word id="tr_2_tl_31_w1" custom="readingOrder {index:0;}">
                    <Coords points="2156,1757 2156,1817 2448,1817 2448,1757"/>
                    <TextEquiv>
                        <Unicode>Reserveoffizier,</Unicode>
                    </TextEquiv>
                </Word>
                <Word id="tr_2_tl_31_w2" custom="readingOrder {index:1;}">
                    <Coords points="2492,1758 2492,1818 2535,1818 2535,1758"/>
                    <TextEquiv>
                        <Unicode>ein</Unicode>
                    </TextEquiv>
                </Word>
                <Word id="tr_2_tl_31_w3" custom="readingOrder {index:2;}">
                    <Coords points="2589,1760 2589,1820 2827,1820 2827,1760"/>
                    <TextEquiv>
                        <Unicode>konfiszierter</Unicode>
                    </TextEquiv>
                </Word>
                <Word id="tr_2_tl_31_w4" custom="readingOrder {index:3;}">
                    <Coords points="2876,1763 2876,1823 3016,1823 3016,1763"/>
                    <TextEquiv>
                        <Unicode>Porno¬</Unicode>
                    </TextEquiv>
                </Word>
                <TextEquiv>
                    <Unicode>Reserveoffizier, ein konfiszierter Porno¬</Unicode>
                </TextEquiv>
            </TextLine>
            <TextLine id="tr_2_tl_32" custom="readingOrder {index:31;}">
                <Coords points="1230,1842 2104,1850 2104,1803 2012,1794 1230,1791"/>
                <Baseline points="1238,1830 1281,1836 1324,1836 1368,1836 1411,1836 1455,1836 1498,1838 1542,1837 1585,1838 1629,1839 1672,1839 1715,1839 1759,1839 1802,1839 1846,1839 1889,1839 1933,1841 1976,1841 2020,1840 2063,1842 2107,1839"/>
                <Word id="tr_2_tl_32_w1" custom="readingOrder {index:0;}">
                    <Coords points="1230,1793 1230,1853 1300,1853 1300,1793"/>
                    <TextEquiv>
                        <Unicode>alle</Unicode>
                    </TextEquiv>
                </Word>
                <Word id="tr_2_tl_32_w2" custom="readingOrder {index:1;}">
                    <Coords points="1344,1796 1344,1856 1435,1856 1435,1796"/>
                    <TextEquiv>
                        <Unicode>falsch</Unicode>
                    </TextEquiv>
                </Word>
                <Word id="tr_2_tl_32_w3" custom="readingOrder {index:2;}">
                    <Coords points="1485,1798 1485,1858 1706,1858 1706,1798"/>
                    <TextEquiv>
                        <Unicode>angebrachte</Unicode>
                    </TextEquiv>
                </Word>
                <Word id="tr_2_tl_32_w4" custom="readingOrder {index:3;}">
                    <Coords points="1739,1799 1739,1859 1961,1859 1961,1799"/>
                    <TextEquiv>
                        <Unicode>Melancholie</Unicode>
                    </TextEquiv>
                </Word>
                <Word id="tr_2_tl_32_w5" custom="readingOrder {index:4;}">
                    <Coords points="2010,1801 2010,1861 2101,1861 2101,1801"/>
                    <TextEquiv>
                        <Unicode>leicht</Unicode>
                    </TextEquiv>
                </Word>
                <TextEquiv>
                    <Unicode>alle falsch angebrachte Melancholie leicht</Unicode>
                </TextEquiv>
            </TextLine>
            <TextLine id="tr_2_tl_33" custom="readingOrder {index:32;}">
                <Coords points="2153,1864 3027,1868 3027,1817 2936,1805 2153,1812"/>
                <Baseline points="2161,1848 2204,1848 2247,1848 2291,1848 2334,1848 2378,1845 2421,1847 2465,1848 2508,1848 2552,1848 2595,1848 2638,1850 2682,1849 2725,1850 2769,1851 2812,1851 2856,1851 2899,1852 2943,1852 2986,1851 3030,1848"/>
                <Word id="tr_2_tl_33_w1" custom="readingOrder {index:0;}">
                    <Coords points="2154,1808 2154,1868 2277,1868 2277,1808"/>
                    <TextEquiv>
                        <Unicode>graph,</Unicode>
                    </TextEquiv>
                </Word>
                <Word id="tr_2_tl_33_w2" custom="readingOrder {index:1;}">
                    <Coords points="2306,1808 2306,1868 2351,1868 2351,1808"/>
                    <TextEquiv>
                        <Unicode>ein</Unicode>
                    </TextEquiv>
                </Word>
                <Word id="tr_2_tl_33_w3" custom="readingOrder {index:2;}">
                    <Coords points="2391,1808 2391,1868 2589,1868 2589,1808"/>
                    <TextEquiv>
                        <Unicode>verbotener</Unicode>
                    </TextEquiv>
                </Word>
                <Word id="tr_2_tl_33_w4" custom="readingOrder {index:3;}">
                    <Coords points="2646,1811 2646,1871 3012,1871 3012,1811"/>
                    <TextEquiv>
                        <Unicode>Effektstückeschreiber</Unicode>
                    </TextEquiv>
                </Word>
                <TextEquiv>
                    <Unicode>graph, ein verbotener Effektstückeschreiber</Unicode>
                </TextEquiv>
            </TextLine>
            <TextLine id="tr_2_tl_34" custom="readingOrder {index:33;}">
                <Coords points="1233,1891 2100,1900 2100,1849 1569,1846 1529,1872 1472,1840 1233,1842"/>
                <Baseline points="1241,1880 1284,1883 1327,1883 1370,1883 1413,1885 1456,1886 1499,1886 1543,1886 1586,1886 1629,1886 1672,1886 1715,1886 1758,1886 1801,1886 1845,1887 1888,1889 1931,1889 1974,1888 2017,1886 2060,1887 2104,1886"/>
                <Word id="tr_2_tl_34_w1" custom="readingOrder {index:0;}">
                    <Coords points="1228,1843 1228,1903 1385,1903 1385,1843"/>
                    <TextEquiv>
                        <Unicode>belustigt</Unicode>
                    </TextEquiv>
                </Word>
                <Word id="tr_2_tl_34_w2" custom="readingOrder {index:1;}">
                    <Coords points="1414,1846 1414,1906 1501,1906 1501,1846"/>
                    <TextEquiv>
                        <Unicode>sein.</Unicode>
                    </TextEquiv>
                </Word>
                <Word id="tr_2_tl_34_w3" custom="readingOrder {index:2;}">
                    <Coords points="1540,1846 1540,1906 1589,1906 1589,1846"/>
                    <TextEquiv>
                        <Unicode>In</Unicode>
                    </TextEquiv>
                </Word>
                <Word id="tr_2_tl_34_w4" custom="readingOrder {index:3;}">
                    <Coords points="1644,1846 1644,1906 1703,1906 1703,1846"/>
                    <TextEquiv>
                        <Unicode>den</Unicode>
                    </TextEquiv>
                </Word>
                <Word id="tr_2_tl_34_w5" custom="readingOrder {index:4;}">
                    <Coords points="1742,1846 1742,1906 1895,1906 1895,1846"/>
                    <TextEquiv>
                        <Unicode>Gefilden</Unicode>
                    </TextEquiv>
                </Word>
                <Word id="tr_2_tl_34_w6" custom="readingOrder {index:5;}">
                    <Coords points="1956,1847 1956,1907 2010,1907 2010,1847"/>
                    <TextEquiv>
                        <Unicode>der</Unicode>
                    </TextEquiv>
                </Word>
                <Word id="tr_2_tl_34_w7" custom="readingOrder {index:6;}">
                    <Coords points="2043,1846 2043,1906 2103,1906 2103,1846"/>
                    <TextEquiv>
                        <Unicode>Er¬</Unicode>
                    </TextEquiv>
                </Word>
                <TextEquiv>
                    <Unicode>belustigt sein. In den Gefilden der Er¬</Unicode>
                </TextEquiv>
            </TextLine>
            <TextLine id="tr_2_tl_35" custom="readingOrder {index:34;}">
                <Coords points="2150,1909 2221,1909 2240,1893 2357,1914 2429,1895 2566,1913 2611,1902 2610,1850 2529,1854 2503,1872 2286,1851 2242,1871 2216,1854 2149,1865"/>
                <Baseline points="2158,1895 2183,1893 2208,1892 2234,1892 2259,1892 2284,1892 2310,1893 2335,1895 2361,1895 2386,1895 2411,1893 2437,1893 2462,1894 2488,1896 2513,1898 2538,1898 2564,1898 2589,1896 2615,1895"/>
                <Word id="tr_2_tl_35_w1" custom="readingOrder {index:0;}">
                    <Coords points="2155,1852 2155,1912 2214,1912 2214,1852"/>
                    <TextEquiv>
                        <Unicode>und</Unicode>
                    </TextEquiv>
                </Word>
                <Word id="tr_2_tl_35_w2" custom="readingOrder {index:1;}">
                    <Coords points="2248,1854 2248,1914 2406,1914 2406,1854"/>
                    <TextEquiv>
                        <Unicode>überdies</Unicode>
                    </TextEquiv>
                </Word>
                <Word id="tr_2_tl_35_w3" custom="readingOrder {index:2;}">
                    <Coords points="2439,1853 2439,1913 2483,1913 2483,1853"/>
                    <TextEquiv>
                        <Unicode>ein</Unicode>
                    </TextEquiv>
                </Word>
                <Word id="tr_2_tl_35_w4" custom="readingOrder {index:3;}">
                    <Coords points="2516,1857 2516,1917 2614,1917 2614,1857"/>
                    <TextEquiv>
                        <Unicode>Jud'.</Unicode>
                    </TextEquiv>
                </Word>
                <TextEquiv>
                    <Unicode>und überdies ein Jud'.</Unicode>
                </TextEquiv>
            </TextLine>
            <TextLine id="tr_2_tl_36" custom="readingOrder {index:35;}">
                <Coords points="1240,1938 2107,1953 2107,1900 2037,1888 1240,1892"/>
                <Baseline points="1247,1928 1290,1931 1333,1931 1376,1934 1419,1934 1462,1934 1505,1932 1549,1933 1592,1934 1635,1934 1678,1934 1721,1936 1764,1937 1807,1937 1851,1937 1894,1937 1937,1937 1980,1937 2023,1936 2066,1935 2110,1940"/>
                <Word id="tr_2_tl_36_w1" custom="readingOrder {index:0;}">
                    <Coords points="1240,1891 1240,1951 1398,1951 1398,1891"/>
                    <TextEquiv>
                        <Unicode>innerung</Unicode>
                    </TextEquiv>
                </Word>
                <Word id="tr_2_tl_36_w2" custom="readingOrder {index:1;}">
                    <Coords points="1425,1894 1425,1954 1489,1954 1489,1894"/>
                    <TextEquiv>
                        <Unicode>und</Unicode>
                    </TextEquiv>
                </Word>
                <Word id="tr_2_tl_36_w3" custom="readingOrder {index:2;}">
                    <Coords points="1516,1892 1516,1952 1568,1952 1568,1892"/>
                    <TextEquiv>
                        <Unicode>der</Unicode>
                    </TextEquiv>
                </Word>
                <Word id="tr_2_tl_36_w4" custom="readingOrder {index:3;}">
                    <Coords points="1596,1894 1596,1954 1776,1954 1776,1894"/>
                    <TextEquiv>
                        <Unicode>Ewigkeit,</Unicode>
                    </TextEquiv>
                </Word>
                <Word id="tr_2_tl_36_w5" custom="readingOrder {index:4;}">
                    <Coords points="1792,1897 1792,1957 1818,1957 1818,1897"/>
                    <TextEquiv>
                        <Unicode>in</Unicode>
                    </TextEquiv>
                </Word>
                <Word id="tr_2_tl_36_w6" custom="readingOrder {index:5;}">
                    <Coords points="1850,1897 1850,1957 1898,1957 1898,1897"/>
                    <TextEquiv>
                        <Unicode>die</Unicode>
                    </TextEquiv>
                </Word>
                <Word id="tr_2_tl_36_w7" custom="readingOrder {index:6;}">
                    <Coords points="1925,1897 1925,1957 1983,1957 1983,1897"/>
                    <TextEquiv>
                        <Unicode>sein</Unicode>
                    </TextEquiv>
                </Word>
                <Word id="tr_2_tl_36_w8" custom="readingOrder {index:7;}">
                    <Coords points="2015,1895 2015,1955 2105,1955 2105,1895"/>
                    <TextEquiv>
                        <Unicode>Geist</Unicode>
                    </TextEquiv>
                </Word>
                <TextEquiv>
                    <Unicode>innerung und der Ewigkeit, in die sein Geist</Unicode>
                </TextEquiv>
            </TextLine>
            <TextLine id="tr_2_tl_37" custom="readingOrder {index:36;}">
                <Coords points="2241,1953 3028,1953 3028,1903 2947,1895 2347,1924 2241,1904"/>
                <Baseline points="2248,1946 2287,1943 2326,1941 2365,1942 2404,1943 2443,1943 2482,1943 2521,1943 2560,1943 2599,1943 2639,1943 2678,1943 2717,1943 2756,1944 2795,1946 2834,1946 2873,1949 2912,1949 2951,1949 2990,1949 3030,1952"/>
                <Word id="tr_2_tl_37_w1" custom="readingOrder {index:0;}">
                    <Coords points="2236,1903 2236,1963 2315,1963 2315,1903"/>
                    <TextEquiv>
                        <Unicode>Herr</Unicode>
                    </TextEquiv>
                </Word>
                <Word id="tr_2_tl_37_w2" custom="readingOrder {index:1;}">
                    <Coords points="2361,1903 2361,1963 2690,1963 2690,1903"/>
                    <TextEquiv>
                        <Unicode>Bundespräsident</Unicode>
                    </TextEquiv>
                </Word>
                <Word id="tr_2_tl_37_w3" custom="readingOrder {index:2;}">
                    <Coords points="2736,1906 2736,1966 2889,1966 2889,1906"/>
                    <TextEquiv>
                        <Unicode>Miklas,</Unicode>
                    </TextEquiv>
                </Word>
                <Word id="tr_2_tl_37_w4" custom="readingOrder {index:3;}">
                    <Coords points="2952,1909 2952,1969 3008,1969 3008,1909"/>
                    <TextEquiv>
                        <Unicode>der</Unicode>
                    </TextEquiv>
                </Word>
                <TextEquiv>
                    <Unicode>Herr Bundespräsident Miklas, der</Unicode>
                </TextEquiv>
            </TextLine>
            <TextLine id="tr_2_tl_38" custom="readingOrder {index:37;}">
                <Coords points="1233,1995 2107,1997 2107,1955 2004,1938 1705,1942 1671,1970 1600,1939 1233,1935"/>
                <Baseline points="1241,1982 1284,1982 1327,1982 1371,1982 1414,1982 1458,1985 1501,1983 1545,1982 1588,1982 1632,1984 1675,1985 1718,1985 1762,1985 1805,1985 1849,1985 1892,1985 1936,1985 1979,1985 2023,1985 2066,1986 2110,1985"/>
                <Word id="tr_2_tl_38_w1" custom="readingOrder {index:0;}">
                    <Coords points="1233,1942 1233,2002 1303,2002 1303,1942"/>
                    <TextEquiv>
                        <Unicode>jetzt</Unicode>
                    </TextEquiv>
                </Word>
                <Word id="tr_2_tl_38_w2" custom="readingOrder {index:1;}">
                    <Coords points="1331,1944 1331,2004 1557,2004 1557,1944"/>
                    <TextEquiv>
                        <Unicode>eingegangen</Unicode>
                    </TextEquiv>
                </Word>
                <Word id="tr_2_tl_38_w3" custom="readingOrder {index:2;}">
                    <Coords points="1596,1943 1596,2003 1649,2003 1649,1943"/>
                    <TextEquiv>
                        <Unicode>ist,</Unicode>
                    </TextEquiv>
                </Word>
                <Word id="tr_2_tl_38_w4" custom="readingOrder {index:3;}">
                    <Coords points="1694,1945 1694,2005 1769,2005 1769,1945"/>
                    <TextEquiv>
                        <Unicode>kann</Unicode>
                    </TextEquiv>
                </Word>
                <Word id="tr_2_tl_38_w5" custom="readingOrder {index:4;}">
                    <Coords points="1807,1945 1807,2005 1888,2005 1888,1945"/>
                    <TextEquiv>
                        <Unicode>diese</Unicode>
                    </TextEquiv>
                </Word>
                <Word id="tr_2_tl_38_w6" custom="readingOrder {index:5;}">
                    <Coords points="1921,1945 1921,2005 2099,2005 2099,1945"/>
                    <TextEquiv>
                        <Unicode>kopfscheue</Unicode>
                    </TextEquiv>
                </Word>
                <TextEquiv>
                    <Unicode>jetzt eingegangen ist, kann diese kopfscheue</Unicode>
                </TextEquiv>
            </TextLine>
            <TextLine id="tr_2_tl_39" custom="readingOrder {index:38;}">
                <Coords points="2150,1999 3023,2002 3021,1969 2950,1951 2150,1949"/>
                <Baseline points="2158,1991 2201,1991 2244,1991 2288,1994 2331,1991 2375,1991 2418,1993 2462,1994 2505,1994 2549,1994 2592,1994 2635,1994 2679,1994 2722,1994 2766,1996 2809,1997 2853,1997 2896,1997 2940,1997 2983,1998 3027,2000"/>
                <Word id="tr_2_tl_39_w1" custom="readingOrder {index:0;}">
                    <Coords points="2151,1951 2151,2011 2244,2011 2244,1951"/>
                    <TextEquiv>
                        <Unicode>Geist</Unicode>
                    </TextEquiv>
                </Word>
                <Word id="tr_2_tl_39_w2" custom="readingOrder {index:1;}">
                    <Coords points="2272,1952 2272,2012 2333,2012 2333,1952"/>
                    <TextEquiv>
                        <Unicode>und</Unicode>
                    </TextEquiv>
                </Word>
                <Word id="tr_2_tl_39_w3" custom="readingOrder {index:2;}">
                    <Coords points="2367,1953 2367,2013 2521,2013 2521,1953"/>
                    <TextEquiv>
                        <Unicode>Bildung</Unicode>
                    </TextEquiv>
                </Word>
                <Word id="tr_2_tl_39_w4" custom="readingOrder {index:3;}">
                    <Coords points="2561,1954 2561,2014 2654,2014 2654,1954"/>
                    <TextEquiv>
                        <Unicode>mehr</Unicode>
                    </TextEquiv>
                </Word>
                <Word id="tr_2_tl_39_w5" custom="readingOrder {index:4;}">
                    <Coords points="2683,1954 2683,2014 2738,2014 2738,1954"/>
                    <TextEquiv>
                        <Unicode>als</Unicode>
                    </TextEquiv>
                </Word>
                <Word id="tr_2_tl_39_w6" custom="readingOrder {index:5;}">
                    <Coords points="2771,1957 2771,2017 2899,2017 2899,1957"/>
                    <TextEquiv>
                        <Unicode>einmal</Unicode>
                    </TextEquiv>
                </Word>
                <Word id="tr_2_tl_39_w7" custom="readingOrder {index:6;}">
                    <Coords points="2927,1957 2927,2017 3015,2017 3015,1957"/>
                    <TextEquiv>
                        <Unicode>seine</Unicode>
                    </TextEquiv>
                </Word>
                <TextEquiv>
                    <Unicode>Geist und Bildung mehr als einmal seine</Unicode>
                </TextEquiv>
            </TextLine>
            <TextLine id="tr_2_tl_40" custom="readingOrder {index:39;}">
                <Coords points="1236,2041 2106,2050 2090,1994 1236,1995"/>
                <Baseline points="1244,2033 1287,2030 1330,2027 1373,2030 1416,2030 1459,2030 1502,2032 1546,2033 1589,2031 1632,2030 1675,2032 1718,2033 1761,2033 1804,2033 1848,2033 1891,2033 1934,2034 1977,2036 2020,2036 2063,2036 2107,2036"/>
                <Word id="tr_2_tl_40_w1" custom="readingOrder {index:0;}">
                    <Coords points="1236,1989 1236,2049 1347,2049 1347,1989"/>
                    <TextEquiv>
                        <Unicode>Flucht</Unicode>
                    </TextEquiv>
                </Word>
                <Word id="tr_2_tl_40_w2" custom="readingOrder {index:1;}">
                    <Coords points="1379,1990 1379,2050 1438,2050 1438,1990"/>
                    <TextEquiv>
                        <Unicode>vor</Unicode>
                    </TextEquiv>
                </Word>
                <Word id="tr_2_tl_40_w3" custom="readingOrder {index:2;}">
                    <Coords points="1470,1992 1470,2052 1560,2052 1560,1992"/>
                    <TextEquiv>
                        <Unicode>einem</Unicode>
                    </TextEquiv>
                </Word>
                <Word id="tr_2_tl_40_w4" custom="readingOrder {index:3;}">
                    <Coords points="1609,1993 1609,2053 1827,2053 1827,1993"/>
                    <TextEquiv>
                        <Unicode>Dichtergrab</Unicode>
                    </TextEquiv>
                </Word>
                <Word id="tr_2_tl_40_w5" custom="readingOrder {index:4;}">
                    <Coords points="1859,1993 1859,2053 1912,2053 1912,1993"/>
                    <TextEquiv>
                        <Unicode>sich</Unicode>
                    </TextEquiv>
                </Word>
                <Word id="tr_2_tl_40_w6" custom="readingOrder {index:5;}">
                    <Coords points="1945,1995 1945,2055 2008,2055 2008,1995"/>
                    <TextEquiv>
                        <Unicode>nur</Unicode>
                    </TextEquiv>
                </Word>
                <Word id="tr_2_tl_40_w7" custom="readingOrder {index:6;}">
                    <Coords points="2041,1996 2041,2056 2104,2056 2104,1996"/>
                    <TextEquiv>
                        <Unicode>wie</Unicode>
                    </TextEquiv>
                </Word>
                <TextEquiv>
                    <Unicode>Flucht vor einem Dichtergrab sich nur wie</Unicode>
                </TextEquiv>
            </TextLine>
            <TextLine id="tr_2_tl_41" custom="readingOrder {index:40;}">
                <Coords points="2153,2047 3028,2064 3015,2005 2153,2009"/>
                <Baseline points="2161,2039 2204,2039 2247,2039 2291,2042 2334,2042 2378,2042 2421,2042 2465,2042 2508,2042 2552,2042 2595,2042 2638,2042 2682,2042 2725,2044 2769,2045 2812,2045 2856,2047 2899,2048 2943,2048 2986,2047 3030,2045"/>
                <Word id="tr_2_tl_41_w1" custom="readingOrder {index:0;}">
                    <Coords points="2154,1999 2154,2059 2345,2059 2345,1999"/>
                    <TextEquiv>
                        <Unicode>aufrichtige</Unicode>
                    </TextEquiv>
                </Word>
                <Word id="tr_2_tl_41_w2" custom="readingOrder {index:1;}">
                    <Coords points="2374,2002 2374,2062 2543,2062 2543,2002"/>
                    <TextEquiv>
                        <Unicode>Reverenz</Unicode>
                    </TextEquiv>
                </Word>
                <Word id="tr_2_tl_41_w3" custom="readingOrder {index:2;}">
                    <Coords points="2572,2002 2572,2062 2748,2062 2748,2002"/>
                    <TextEquiv>
                        <Unicode>erwiesen,</Unicode>
                    </TextEquiv>
                </Word>
                <Word id="tr_2_tl_41_w4" custom="readingOrder {index:3;}">
                    <Coords points="2771,2005 2771,2065 2804,2065 2804,2005"/>
                    <TextEquiv>
                        <Unicode>ist</Unicode>
                    </TextEquiv>
                </Word>
                <Word id="tr_2_tl_41_w5" custom="readingOrder {index:4;}">
                    <Coords points="2828,2008 2828,2068 3008,2068 3008,2008"/>
                    <TextEquiv>
                        <Unicode>persönlich</Unicode>
                    </TextEquiv>
                </Word>
                <TextEquiv>
                    <Unicode>aufrichtige Reverenz erwiesen, ist persönlich</Unicode>
                </TextEquiv>
            </TextLine>
            <TextLine id="tr_2_tl_42" custom="readingOrder {index:41;}">
                <Coords points="1227,2085 2106,2097 2106,2052 2050,2043 1227,2043"/>
                <Baseline points="1235,2074 1278,2077 1322,2080 1365,2080 1409,2080 1453,2080 1496,2080 1540,2080 1583,2078 1627,2079 1671,2080 1714,2080 1758,2082 1801,2081 1845,2080 1889,2080 1932,2082 1976,2081 2019,2081 2063,2084 2107,2086"/>
                <Word id="tr_2_tl_42_w1" custom="readingOrder {index:0;}">
                    <Coords points="1232,2036 1232,2096 1304,2096 1304,2036"/>
                    <TextEquiv>
                        <Unicode>eine</Unicode>
                    </TextEquiv>
                </Word>
                <Word id="tr_2_tl_42_w2" custom="readingOrder {index:1;}">
                    <Coords points="1330,2040 1330,2100 1557,2100 1557,2040"/>
                    <TextEquiv>
                        <Unicode>unerhebliche</Unicode>
                    </TextEquiv>
                </Word>
                <Word id="tr_2_tl_42_w3" custom="readingOrder {index:2;}">
                    <Coords points="1583,2039 1583,2099 1686,2099 1686,2039"/>
                    <TextEquiv>
                        <Unicode>Posse</Unicode>
                    </TextEquiv>
                </Word>
                <Word id="tr_2_tl_42_w4" custom="readingOrder {index:3;}">
                    <Coords points="1733,2040 1733,2100 1965,2100 1965,2040"/>
                    <TextEquiv>
                        <Unicode>ausnehmen.</Unicode>
                    </TextEquiv>
                </Word>
                <Word id="tr_2_tl_42_w5" custom="readingOrder {index:4;}">
                    <Coords points="2012,2043 2012,2103 2099,2103 2099,2043"/>
                    <TextEquiv>
                        <Unicode>Eine</Unicode>
                    </TextEquiv>
                </Word>
                <TextEquiv>
                    <Unicode>eine unerhebliche Posse ausnehmen. Eine</Unicode>
                </TextEquiv>
            </TextLine>
            <TextLine id="tr_2_tl_43" custom="readingOrder {index:42;}">
                <Coords points="2147,2101 2971,2111 3023,2100 3023,2068 2146,2050"/>
                <Baseline points="2155,2086 2198,2089 2242,2089 2285,2089 2329,2089 2373,2092 2416,2092 2460,2090 2503,2089 2547,2091 2591,2092 2634,2092 2678,2090 2721,2091 2765,2092 2809,2092 2852,2094 2896,2095 2939,2095 2983,2095 3027,2095"/>
                <Word id="tr_2_tl_43_w1" custom="readingOrder {index:0;}">
                    <Coords points="2152,2046 2152,2106 2184,2106 2184,2046"/>
                    <TextEquiv>
                        <Unicode>da</Unicode>
                    </TextEquiv>
                </Word>
                <Word id="tr_2_tl_43_w2" custom="readingOrder {index:1;}">
                    <Coords points="2218,2049 2218,2109 2322,2109 2322,2049"/>
                    <TextEquiv>
                        <Unicode>gewiß</Unicode>
                    </TextEquiv>
                </Word>
                <Word id="tr_2_tl_43_w3" custom="readingOrder {index:2;}">
                    <Coords points="2374,2049 2374,2109 2589,2109 2589,2049"/>
                    <TextEquiv>
                        <Unicode>unschuldig.</Unicode>
                    </TextEquiv>
                </Word>
                <Word id="tr_2_tl_43_w4" custom="readingOrder {index:3;}">
                    <Coords points="2634,2051 2634,2111 2677,2111 2677,2051"/>
                    <TextEquiv>
                        <Unicode>An</Unicode>
                    </TextEquiv>
                </Word>
                <Word id="tr_2_tl_43_w5" custom="readingOrder {index:4;}">
                    <Coords points="2733,2052 2733,2112 2843,2112 2843,2052"/>
                    <TextEquiv>
                        <Unicode>dieser</Unicode>
                    </TextEquiv>
                </Word>
                <Word id="tr_2_tl_43_w6" custom="readingOrder {index:5;}">
                    <Coords points="2888,2055 2888,2115 3015,2115 3015,2055"/>
                    <TextEquiv>
                        <Unicode>Wahr¬</Unicode>
                    </TextEquiv>
                </Word>
                <TextEquiv>
                    <Unicode>da gewiß unschuldig. An dieser Wahr¬</Unicode>
                </TextEquiv>
            </TextLine>
            <TextLine id="tr_2_tl_44" custom="readingOrder {index:43;}">
                <Coords points="1236,2138 2100,2140 2100,2100 1999,2085 1236,2087"/>
                <Baseline points="1244,2128 1287,2128 1330,2128 1373,2128 1416,2128 1459,2128 1502,2128 1545,2130 1588,2129 1631,2128 1674,2128 1717,2130 1760,2129 1803,2129 1846,2131 1889,2131 1932,2131 1975,2131 2018,2131 2061,2131 2104,2131"/>
                <Word id="tr_2_tl_44_w1" custom="readingOrder {index:0;}">
                    <Coords points="1237,2088 1237,2148 1335,2148 1335,2088"/>
                    <TextEquiv>
                        <Unicode>Posse</Unicode>
                    </TextEquiv>
                </Word>
                <Word id="tr_2_tl_44_w2" custom="readingOrder {index:1;}">
                    <Coords points="1358,2088 1358,2148 1501,2148 1501,2088"/>
                    <TextEquiv>
                        <Unicode>freilich,</Unicode>
                    </TextEquiv>
                </Word>
                <Word id="tr_2_tl_44_w3" custom="readingOrder {index:2;}">
                    <Coords points="1540,2089 1540,2149 1567,2149 1567,2089"/>
                    <TextEquiv>
                        <Unicode>so</Unicode>
                    </TextEquiv>
                </Word>
                <Word id="tr_2_tl_44_w4" custom="readingOrder {index:3;}">
                    <Coords points="1601,2088 1601,2148 1717,2148 1717,2088"/>
                    <TextEquiv>
                        <Unicode>bitter,</Unicode>
                    </TextEquiv>
                </Word>
                <Word id="tr_2_tl_44_w5" custom="readingOrder {index:4;}">
                    <Coords points="1734,2089 1734,2149 1766,2149 1766,2089"/>
                    <TextEquiv>
                        <Unicode>so</Unicode>
                    </TextEquiv>
                </Word>
                <Word id="tr_2_tl_44_w6" custom="readingOrder {index:5;}">
                    <Coords points="1795,2091 1795,2151 1998,2151 1998,2091"/>
                    <TextEquiv>
                        <Unicode>beschämend</Unicode>
                    </TextEquiv>
                </Word>
                <Word id="tr_2_tl_44_w7" custom="readingOrder {index:6;}">
                    <Coords points="2032,2091 2032,2151 2092,2151 2092,2091"/>
                    <TextEquiv>
                        <Unicode>und</Unicode>
                    </TextEquiv>
                </Word>
                <TextEquiv>
                    <Unicode>Posse freilich, so bitter, so beschämend und</Unicode>
                </TextEquiv>
            </TextLine>
            <TextLine id="tr_2_tl_45" custom="readingOrder {index:44;}">
                <Coords points="2147,2142 3019,2153 2994,2103 2147,2101"/>
                <Baseline points="2155,2134 2198,2137 2241,2137 2284,2137 2328,2137 2371,2139 2414,2138 2458,2137 2501,2137 2544,2139 2588,2140 2631,2138 2674,2139 2717,2140 2761,2140 2804,2141 2847,2143 2891,2143 2934,2143 2977,2143 3021,2143"/>
                <Word id="tr_2_tl_45_w1" custom="readingOrder {index:0;}">
                    <Coords points="2147,2096 2147,2156 2223,2156 2223,2096"/>
                    <TextEquiv>
                        <Unicode>heit,</Unicode>
                    </TextEquiv>
                </Word>
                <Word id="tr_2_tl_45_w2" custom="readingOrder {index:1;}">
                    <Coords points="2251,2097 2251,2157 2300,2157 2300,2097"/>
                    <TextEquiv>
                        <Unicode>die</Unicode>
                    </TextEquiv>
                </Word>
                <Word id="tr_2_tl_45_w3" custom="readingOrder {index:2;}">
                    <Coords points="2333,2099 2333,2159 2409,2159 2409,2099"/>
                    <TextEquiv>
                        <Unicode>nach</Unicode>
                    </TextEquiv>
                </Word>
                <Word id="tr_2_tl_45_w4" custom="readingOrder {index:3;}">
                    <Coords points="2443,2099 2443,2159 2715,2159 2715,2099"/>
                    <TextEquiv>
                        <Unicode>österreichischen</Unicode>
                    </TextEquiv>
                </Word>
                <Word id="tr_2_tl_45_w5" custom="readingOrder {index:4;}">
                    <Coords points="2777,2103 2777,2163 3011,2163 3011,2103"/>
                    <TextEquiv>
                        <Unicode>bureaukrati¬</Unicode>
                    </TextEquiv>
                </Word>
                <TextEquiv>
                    <Unicode>heit, die nach österreichischen bureaukrati¬</Unicode>
                </TextEquiv>
            </TextLine>
            <TextLine id="tr_2_tl_46" custom="readingOrder {index:45;}">
                <Coords points="1230,2184 2104,2199 2092,2139 1230,2139"/>
                <Baseline points="1238,2173 1281,2176 1324,2176 1368,2179 1411,2176 1455,2179 1498,2179 1542,2179 1585,2179 1629,2177 1672,2178 1715,2179 1759,2177 1802,2178 1846,2179 1889,2181 1933,2182 1976,2182 2020,2182 2063,2182 2107,2185"/>
                <Word id="tr_2_tl_46_w1" custom="readingOrder {index:0;}">
                    <Coords points="1236,2134 1236,2194 1295,2194 1295,2134"/>
                    <TextEquiv>
                        <Unicode>von</Unicode>
                    </TextEquiv>
                </Word>
                <Word id="tr_2_tl_46_w2" custom="readingOrder {index:1;}">
                    <Coords points="1322,2138 1322,2198 1397,2198 1397,2138"/>
                    <TextEquiv>
                        <Unicode>solch</Unicode>
                    </TextEquiv>
                </Word>
                <Word id="tr_2_tl_46_w3" custom="readingOrder {index:2;}">
                    <Coords points="1425,2139 1425,2199 1543,2199 1543,2139"/>
                    <TextEquiv>
                        <Unicode>grober</Unicode>
                    </TextEquiv>
                </Word>
                <Word id="tr_2_tl_46_w4" custom="readingOrder {index:3;}">
                    <Coords points="1571,2138 1571,2198 1820,2198 1820,2138"/>
                    <TextEquiv>
                        <Unicode>parodistischer</Unicode>
                    </TextEquiv>
                </Word>
                <Word id="tr_2_tl_46_w5" custom="readingOrder {index:4;}">
                    <Coords points="1842,2141 1842,2201 2020,2201 2020,2141"/>
                    <TextEquiv>
                        <Unicode>Wirkung,</Unicode>
                    </TextEquiv>
                </Word>
                <Word id="tr_2_tl_46_w6" custom="readingOrder {index:5;}">
                    <Coords points="2037,2142 2037,2202 2091,2202 2091,2142"/>
                    <TextEquiv>
                        <Unicode>daß</Unicode>
                    </TextEquiv>
                </Word>
                <TextEquiv>
                    <Unicode>von solch grober parodistischer Wirkung, daß</Unicode>
                </TextEquiv>
            </TextLine>
            <TextLine id="tr_2_tl_47" custom="readingOrder {index:46;}">
                <Coords points="2160,2198 2991,2209 2991,2168 2915,2149 2160,2150"/>
                <Baseline points="2167,2185 2208,2188 2249,2186 2291,2187 2332,2188 2373,2186 2415,2187 2456,2187 2497,2186 2539,2188 2580,2188 2621,2188 2663,2188 2704,2188 2745,2188 2787,2188 2828,2188 2869,2190 2911,2191 2952,2189 2994,2188"/>
                <Word id="tr_2_tl_47_w1" custom="readingOrder {index:0;}">
                    <Coords points="2155,2146 2155,2206 2228,2206 2228,2146"/>
                    <TextEquiv>
                        <Unicode>schen</Unicode>
                    </TextEquiv>
                </Word>
                <Word id="tr_2_tl_47_w2" custom="readingOrder {index:1;}">
                    <Coords points="2268,2146 2268,2206 2444,2206 2444,2146"/>
                    <TextEquiv>
                        <Unicode>Begriffen</Unicode>
                    </TextEquiv>
                </Word>
                <Word id="tr_2_tl_47_w3" custom="readingOrder {index:2;}">
                    <Coords points="2484,2147 2484,2207 2580,2207 2580,2147"/>
                    <TextEquiv>
                        <Unicode>durch</Unicode>
                    </TextEquiv>
                </Word>
                <Word id="tr_2_tl_47_w4" custom="readingOrder {index:3;}">
                    <Coords points="2614,2148 2614,2208 2670,2208 2670,2148"/>
                    <TextEquiv>
                        <Unicode>das</Unicode>
                    </TextEquiv>
                </Word>
                <Word id="tr_2_tl_47_w5" custom="readingOrder {index:4;}">
                    <Coords points="2710,2148 2710,2208 2829,2208 2829,2148"/>
                    <TextEquiv>
                        <Unicode>bisserl</Unicode>
                    </TextEquiv>
                </Word>
                <Word id="tr_2_tl_47_w6" custom="readingOrder {index:5;}">
                    <Coords points="2864,2150 2864,2210 2931,2210 2931,2150"/>
                    <TextEquiv>
                        <Unicode>Tod</Unicode>
                    </TextEquiv>
                </Word>
                <Word id="tr_2_tl_47_w7" custom="readingOrder {index:6;}">
                    <Coords points="2966,2148 2966,2208 2982,2208 2982,2148"/>
                    <TextEquiv>
                        <Unicode>-</Unicode>
                    </TextEquiv>
                </Word>
                <TextEquiv>
                    <Unicode>schen Begriffen durch das bisserl Tod -</Unicode>
                </TextEquiv>
            </TextLine>
            <TextLine id="tr_2_tl_48" custom="readingOrder {index:47;}">
                <Coords points="1233,2237 2043,2251 2104,2245 2104,2200 1421,2185 1392,2212 1345,2184 1307,2212 1231,2187"/>
                <Baseline points="1241,2221 1284,2224 1327,2224 1370,2227 1414,2227 1457,2227 1500,2227 1544,2227 1587,2227 1630,2227 1674,2227 1717,2229 1760,2230 1803,2228 1847,2227 1890,2228 1933,2230 1977,2230 2020,2230 2063,2230 2107,2233"/>
                <Word id="tr_2_tl_48_w1" custom="readingOrder {index:0;}">
                    <Coords points="1226,2181 1226,2241 1262,2241 1262,2181"/>
                    <TextEquiv>
                        <Unicode>sie</Unicode>
                    </TextEquiv>
                </Word>
                <Word id="tr_2_tl_48_w2" custom="readingOrder {index:1;}">
                    <Coords points="1306,2184 1306,2244 1353,2244 1353,2184"/>
                    <TextEquiv>
                        <Unicode>ein</Unicode>
                    </TextEquiv>
                </Word>
                <Word id="tr_2_tl_48_w3" custom="readingOrder {index:2;}">
                    <Coords points="1402,2187 1402,2247 1433,2247 1433,2187"/>
                    <TextEquiv>
                        <Unicode>so</Unicode>
                    </TextEquiv>
                </Word>
                <Word id="tr_2_tl_48_w4" custom="readingOrder {index:3;}">
                    <Coords points="1482,2187 1482,2247 1594,2247 1594,2187"/>
                    <TextEquiv>
                        <Unicode>zarter</Unicode>
                    </TextEquiv>
                </Word>
                <Word id="tr_2_tl_48_w5" custom="readingOrder {index:4;}">
                    <Coords points="1637,2189 1637,2249 1808,2249 1808,2189"/>
                    <TextEquiv>
                        <Unicode>Ironiker</Unicode>
                    </TextEquiv>
                </Word>
                <Word id="tr_2_tl_48_w6" custom="readingOrder {index:5;}">
                    <Coords points="1856,2187 1856,2247 1920,2247 1920,2187"/>
                    <TextEquiv>
                        <Unicode>wie</Unicode>
                    </TextEquiv>
                </Word>
                <Word id="tr_2_tl_48_w7" custom="readingOrder {index:6;}">
                    <Coords points="1964,2190 1964,2250 2096,2250 2096,2190"/>
                    <TextEquiv>
                        <Unicode>Arthur</Unicode>
                    </TextEquiv>
                </Word>
                <TextEquiv>
                    <Unicode>sie ein so zarter Ironiker wie Arthur</Unicode>
                </TextEquiv>
            </TextLine>
            <TextLine id="tr_2_tl_49" custom="readingOrder {index:48;}">
                <Coords points="2154,2241 2922,2258 3020,2249 3019,2199 2153,2199"/>
                <Baseline points="2161,2233 2204,2233 2247,2233 2290,2236 2333,2236 2376,2236 2419,2236 2463,2236 2506,2236 2549,2234 2592,2237 2635,2237 2678,2238 2721,2239 2765,2240 2808,2241 2851,2240 2894,2242 2937,2242 2980,2241 3024,2242"/>
                <Word id="tr_2_tl_49_w1" custom="readingOrder {index:0;}">
                    <Coords points="2148,2193 2148,2253 2208,2253 2208,2193"/>
                    <TextEquiv>
                        <Unicode>wie</Unicode>
                    </TextEquiv>
                </Word>
                <Word id="tr_2_tl_49_w2" custom="readingOrder {index:1;}">
                    <Coords points="2237,2193 2237,2253 2281,2253 2281,2193"/>
                    <TextEquiv>
                        <Unicode>ein</Unicode>
                    </TextEquiv>
                </Word>
                <Word id="tr_2_tl_49_w3" custom="readingOrder {index:2;}">
                    <Coords points="2315,2196 2315,2256 2554,2256 2554,2196"/>
                    <TextEquiv>
                        <Unicode>hochgestellter</Unicode>
                    </TextEquiv>
                </Word>
                <Word id="tr_2_tl_49_w4" custom="readingOrder {index:3;}">
                    <Coords points="2583,2198 2583,2258 2856,2258 2856,2198"/>
                    <TextEquiv>
                        <Unicode>Erzösterreicher</Unicode>
                    </TextEquiv>
                </Word>
                <Word id="tr_2_tl_49_w5" custom="readingOrder {index:4;}">
                    <Coords points="2884,2201 2884,2261 3017,2261 3017,2201"/>
                    <TextEquiv>
                        <Unicode>einmal</Unicode>
                    </TextEquiv>
                </Word>
                <TextEquiv>
                    <Unicode>wie ein hochgestellter Erzösterreicher einmal</Unicode>
                </TextEquiv>
            </TextLine>
            <TextLine id="tr_2_tl_50" custom="readingOrder {index:49;}">
                <Coords points="1236,2284 1858,2288 1858,2237 1826,2230 1236,2238"/>
                <Baseline points="1244,2268 1274,2270 1305,2271 1336,2271 1367,2273 1398,2273 1429,2271 1460,2273 1491,2274 1522,2274 1553,2274 1583,2274 1614,2274 1645,2274 1676,2276 1707,2276 1738,2274 1769,2274 1800,2274 1831,2274 1862,2277"/>
                <Word id="tr_2_tl_50_w1" custom="readingOrder {index:0;}">
                    <Coords points="1236,2231 1236,2291 1410,2291 1410,2231"/>
                    <TextEquiv>
                        <Unicode>Schnitzler</Unicode>
                    </TextEquiv>
                </Word>
                <Word id="tr_2_tl_50_w2" custom="readingOrder {index:1;}">
                    <Coords points="1438,2233 1438,2293 1491,2293 1491,2233"/>
                    <TextEquiv>
                        <Unicode>nie</Unicode>
                    </TextEquiv>
                </Word>
                <Word id="tr_2_tl_50_w3" custom="readingOrder {index:2;}">
                    <Coords points="1514,2234 1514,2294 1714,2294 1714,2234"/>
                    <TextEquiv>
                        <Unicode>geschrieben</Unicode>
                    </TextEquiv>
                </Word>
                <Word id="tr_2_tl_50_w4" custom="readingOrder {index:3;}">
                    <Coords points="1748,2234 1748,2294 1850,2294 1850,2234"/>
                    <TextEquiv>
                        <Unicode>hätte.</Unicode>
                    </TextEquiv>
                </Word>
                <TextEquiv>
                    <Unicode>Schnitzler nie geschrieben hätte.</Unicode>
                </TextEquiv>
            </TextLine>
            <TextLine id="tr_2_tl_51" custom="readingOrder {index:50;}">
                <Coords points="2147,2294 3030,2309 3030,2252 2989,2247 2147,2242"/>
                <Baseline points="2155,2286 2198,2283 2242,2283 2286,2283 2330,2283 2374,2283 2418,2286 2462,2286 2506,2283 2550,2283 2594,2285 2637,2284 2681,2285 2725,2286 2769,2286 2813,2286 2857,2286 2901,2286 2945,2288 2989,2289 3033,2289"/>
                <Word id="tr_2_tl_51_w1" custom="readingOrder {index:0;}">
                    <Coords points="2148,2243 2148,2303 2357,2303 2357,2243"/>
                    <TextEquiv>
                        <Unicode>gelegentlich</Unicode>
                    </TextEquiv>
                </Word>
                <Word id="tr_2_tl_51_w2" custom="readingOrder {index:1;}">
                    <Coords points="2396,2246 2396,2306 2462,2306 2462,2246"/>
                    <TextEquiv>
                        <Unicode>und</Unicode>
                    </TextEquiv>
                </Word>
                <Word id="tr_2_tl_51_w3" custom="readingOrder {index:2;}">
                    <Coords points="2502,2244 2502,2304 2651,2304 2651,2244"/>
                    <TextEquiv>
                        <Unicode>geistvoll</Unicode>
                    </TextEquiv>
                </Word>
                <Word id="tr_2_tl_51_w4" custom="readingOrder {index:3;}">
                    <Coords points="2679,2246 2679,2306 2817,2306 2817,2246"/>
                    <TextEquiv>
                        <Unicode>äußerte</Unicode>
                    </TextEquiv>
                </Word>
                <Word id="tr_2_tl_51_w5" custom="readingOrder {index:4;}">
                    <Coords points="2851,2246 2851,2306 2867,2306 2867,2246"/>
                    <TextEquiv>
                        <Unicode>—</Unicode>
                    </TextEquiv>
                </Word>
                <Word id="tr_2_tl_51_w6" custom="readingOrder {index:5;}">
                    <Coords points="2923,2248 2923,2308 3010,2308 3010,2248"/>
                    <TextEquiv>
                        <Unicode>nicht</Unicode>
                    </TextEquiv>
                </Word>
                <TextEquiv>
                    <Unicode>gelegentlich und geistvoll äußerte — nicht</Unicode>
                </TextEquiv>
            </TextLine>
            <TextLine id="tr_2_tl_52" custom="readingOrder {index:51;}">
                <Coords points="1317,2339 2104,2329 2104,2288 2069,2284 1972,2301 1889,2274 1849,2305 1317,2283"/>
                <Baseline points="1325,2319 1364,2322 1403,2322 1442,2322 1481,2322 1520,2322 1559,2322 1598,2322 1637,2322 1676,2325 1716,2325 1755,2325 1794,2325 1833,2325 1872,2325 1911,2325 1950,2325 1989,2325 2028,2325 2067,2325 2107,2319"/>
                <Word id="tr_2_tl_52_w1" custom="readingOrder {index:0;}">
                    <Coords points="1322,2282 1322,2342 1422,2342 1422,2282"/>
                    <TextEquiv>
                        <Unicode>Trotz</Unicode>
                    </TextEquiv>
                </Word>
                <Word id="tr_2_tl_52_w2" custom="readingOrder {index:1;}">
                    <Coords points="1447,2282 1447,2342 1523,2342 1523,2282"/>
                    <TextEquiv>
                        <Unicode>allem</Unicode>
                    </TextEquiv>
                </Word>
                <Word id="tr_2_tl_52_w3" custom="readingOrder {index:2;}">
                    <Coords points="1574,2282 1574,2342 1663,2342 1663,2282"/>
                    <TextEquiv>
                        <Unicode>wäre</Unicode>
                    </TextEquiv>
                </Word>
                <Word id="tr_2_tl_52_w4" custom="readingOrder {index:3;}">
                    <Coords points="1689,2285 1689,2345 1724,2345 1724,2285"/>
                    <TextEquiv>
                        <Unicode>es</Unicode>
                    </TextEquiv>
                </Word>
                <Word id="tr_2_tl_52_w5" custom="readingOrder {index:4;}">
                    <Coords points="1755,2285 1755,2345 1815,2345 1815,2285"/>
                    <TextEquiv>
                        <Unicode>nun</Unicode>
                    </TextEquiv>
                </Word>
                <Word id="tr_2_tl_52_w6" custom="readingOrder {index:5;}">
                    <Coords points="1871,2285 1871,2345 1946,2345 1946,2285"/>
                    <TextEquiv>
                        <Unicode>doch</Unicode>
                    </TextEquiv>
                </Word>
                <Word id="tr_2_tl_52_w7" custom="readingOrder {index:6;}">
                    <Coords points="1997,2285 1997,2345 2102,2345 2102,2285"/>
                    <TextEquiv>
                        <Unicode>inter¬</Unicode>
                    </TextEquiv>
                </Word>
                <TextEquiv>
                    <Unicode>Trotz allem wäre es nun doch inter¬</Unicode>
                </TextEquiv>
            </TextLine>
            <TextLine id="tr_2_tl_53" custom="readingOrder {index:52;}">
                <Coords points="2149,2343 3001,2355 3019,2297 2147,2294"/>
                <Baseline points="2155,2328 2198,2331 2241,2331 2285,2331 2328,2331 2372,2331 2415,2333 2459,2334 2502,2334 2546,2334 2589,2332 2632,2333 2676,2334 2719,2334 2763,2336 2806,2337 2850,2335 2893,2335 2937,2337 2980,2337 3024,2334"/>
                <Word id="tr_2_tl_53_w1" custom="readingOrder {index:0;}">
                    <Coords points="2148,2291 2148,2351 2325,2351 2325,2291"/>
                    <TextEquiv>
                        <Unicode>wesentlich</Unicode>
                    </TextEquiv>
                </Word>
                <Word id="tr_2_tl_53_w2" custom="readingOrder {index:1;}">
                    <Coords points="2359,2294 2359,2354 2576,2354 2576,2294"/>
                    <TextEquiv>
                        <Unicode>abgeändert</Unicode>
                    </TextEquiv>
                </Word>
                <Word id="tr_2_tl_53_w3" custom="readingOrder {index:2;}">
                    <Coords points="2622,2293 2622,2353 2727,2353 2727,2293"/>
                    <TextEquiv>
                        <Unicode>wird.</Unicode>
                    </TextEquiv>
                </Word>
                <Word id="tr_2_tl_53_w4" custom="readingOrder {index:3;}">
                    <Coords points="2772,2296 2772,2356 2822,2356 2822,2296"/>
                    <TextEquiv>
                        <Unicode>Am</Unicode>
                    </TextEquiv>
                </Word>
                <Word id="tr_2_tl_53_w5" custom="readingOrder {index:4;}">
                    <Coords points="2889,2297 2889,2357 3011,2357 3011,2297"/>
                    <TextEquiv>
                        <Unicode>Grabe</Unicode>
                    </TextEquiv>
                </Word>
                <TextEquiv>
                    <Unicode>wesentlich abgeändert wird. Am Grabe</Unicode>
                </TextEquiv>
            </TextLine>
            <TextLine id="tr_2_tl_54" custom="readingOrder {index:53;}">
                <Coords points="1240,2379 2104,2390 2104,2343 2057,2333 1240,2332"/>
                <Baseline points="1247,2370 1290,2370 1333,2370 1376,2373 1419,2371 1462,2372 1505,2371 1548,2372 1591,2373 1634,2373 1677,2373 1720,2373 1763,2373 1806,2373 1849,2374 1892,2376 1935,2376 1978,2376 2021,2375 2064,2373 2107,2376"/>
                <Word id="tr_2_tl_54_w1" custom="readingOrder {index:0;}">
                    <Coords points="1240,2330 1240,2390 1342,2390 1342,2330"/>
                    <TextEquiv>
                        <Unicode>essant</Unicode>
                    </TextEquiv>
                </Word>
                <Word id="tr_2_tl_54_w2" custom="readingOrder {index:1;}">
                    <Coords points="1370,2332 1370,2392 1402,2392 1402,2332"/>
                    <TextEquiv>
                        <Unicode>zu</Unicode>
                    </TextEquiv>
                </Word>
                <Word id="tr_2_tl_54_w3" custom="readingOrder {index:2;}">
                    <Coords points="1441,2331 1441,2391 1576,2391 1576,2331"/>
                    <TextEquiv>
                        <Unicode>wissen,</Unicode>
                    </TextEquiv>
                </Word>
                <Word id="tr_2_tl_54_w4" custom="readingOrder {index:3;}">
                    <Coords points="1604,2333 1604,2393 1673,2393 1673,2333"/>
                    <TextEquiv>
                        <Unicode>was</Unicode>
                    </TextEquiv>
                </Word>
                <Word id="tr_2_tl_54_w5" custom="readingOrder {index:4;}">
                    <Coords points="1712,2333 1712,2393 1798,2393 1798,2333"/>
                    <TextEquiv>
                        <Unicode>Herr</Unicode>
                    </TextEquiv>
                </Word>
                <Word id="tr_2_tl_54_w6" custom="readingOrder {index:5;}">
                    <Coords points="1826,2336 1826,2396 1977,2396 1977,2336"/>
                    <TextEquiv>
                        <Unicode>Miklas,</Unicode>
                    </TextEquiv>
                </Word>
                <Word id="tr_2_tl_54_w7" custom="readingOrder {index:6;}">
                    <Coords points="1999,2333 1999,2393 2101,2393 2101,2333"/>
                    <TextEquiv>
                        <Unicode>unser</Unicode>
                    </TextEquiv>
                </Word>
                <TextEquiv>
                    <Unicode>essant zu wissen, was Herr Miklas, unser</Unicode>
                </TextEquiv>
            </TextLine>
            <TextLine id="tr_2_tl_55" custom="readingOrder {index:54;}">
                <Coords points="2150,2389 3021,2402 3021,2348 2150,2342"/>
                <Baseline points="2158,2379 2201,2379 2244,2382 2287,2382 2331,2382 2374,2382 2417,2380 2461,2381 2504,2382 2547,2382 2591,2382 2634,2382 2677,2384 2720,2385 2764,2385 2807,2385 2850,2385 2894,2385 2937,2385 2980,2385 3024,2382"/>
                <Word id="tr_2_tl_55_w1" custom="readingOrder {index:0;}">
                    <Coords points="2150,2339 2150,2399 2275,2399 2275,2339"/>
                    <TextEquiv>
                        <Unicode>Arthur</Unicode>
                    </TextEquiv>
                </Word>
                <Word id="tr_2_tl_55_w2" custom="readingOrder {index:1;}">
                    <Coords points="2297,2340 2297,2400 2519,2400 2519,2340"/>
                    <TextEquiv>
                        <Unicode>Schnitzlers,</Unicode>
                    </TextEquiv>
                </Word>
                <Word id="tr_2_tl_55_w3" custom="readingOrder {index:2;}">
                    <Coords points="2536,2342 2536,2402 2589,2402 2589,2342"/>
                    <TextEquiv>
                        <Unicode>der</Unicode>
                    </TextEquiv>
                </Word>
                <Word id="tr_2_tl_55_w4" custom="readingOrder {index:3;}">
                    <Coords points="2612,2342 2612,2402 2698,2402 2698,2342"/>
                    <TextEquiv>
                        <Unicode>einen</Unicode>
                    </TextEquiv>
                </Word>
                <Word id="tr_2_tl_55_w5" custom="readingOrder {index:4;}">
                    <Coords points="2731,2345 2731,2405 3002,2405 3002,2345"/>
                    <TextEquiv>
                        <Unicode>österreichischen</Unicode>
                    </TextEquiv>
                </Word>
                <TextEquiv>
                    <Unicode>Arthur Schnitzlers, der einen österreichischen</Unicode>
                </TextEquiv>
            </TextLine>
            <TextLine id="tr_2_tl_56" custom="readingOrder {index:55;}">
                <Coords points="1236,2431 2100,2443 2100,2393 2048,2385 1924,2407 1898,2383 1236,2379"/>
                <Baseline points="1244,2421 1287,2421 1330,2421 1373,2421 1416,2421 1459,2423 1502,2424 1545,2422 1588,2421 1631,2423 1674,2424 1717,2422 1760,2423 1803,2423 1846,2422 1889,2425 1932,2426 1975,2424 2018,2424 2061,2424 2104,2424"/>
                <Word id="tr_2_tl_56_w1" custom="readingOrder {index:0;}">
                    <Coords points="1236,2381 1236,2441 1485,2441 1485,2381"/>
                    <TextEquiv>
                        <Unicode>Landesvater,</Unicode>
                    </TextEquiv>
                </Word>
                <Word id="tr_2_tl_56_w2" custom="readingOrder {index:1;}">
                    <Coords points="1506,2381 1506,2441 1625,2441 1625,2381"/>
                    <TextEquiv>
                        <Unicode>gestern</Unicode>
                    </TextEquiv>
                </Word>
                <Word id="tr_2_tl_56_w3" custom="readingOrder {index:2;}">
                    <Coords points="1683,2383 1683,2443 1895,2443 1895,2383"/>
                    <TextEquiv>
                        <Unicode>wichtigeres</Unicode>
                    </TextEquiv>
                </Word>
                <Word id="tr_2_tl_56_w4" custom="readingOrder {index:3;}">
                    <Coords points="1948,2384 1948,2444 1984,2444 1984,2384"/>
                    <TextEquiv>
                        <Unicode>zu</Unicode>
                    </TextEquiv>
                </Word>
                <Word id="tr_2_tl_56_w5" custom="readingOrder {index:4;}">
                    <Coords points="2042,2384 2042,2444 2093,2444 2093,2384"/>
                    <TextEquiv>
                        <Unicode>tun</Unicode>
                    </TextEquiv>
                </Word>
                <TextEquiv>
                    <Unicode>Landesvater, gestern wichtigeres zu tun</Unicode>
                </TextEquiv>
            </TextLine>
            <TextLine id="tr_2_tl_57" custom="readingOrder {index:56;}">
                <Coords points="2150,2438 3021,2453 2995,2397 2150,2390"/>
                <Baseline points="2158,2430 2201,2430 2244,2430 2287,2430 2331,2430 2374,2430 2417,2430 2461,2432 2504,2433 2547,2431 2591,2430 2634,2430 2677,2432 2720,2433 2764,2433 2807,2434 2850,2436 2894,2437 2937,2438 2980,2436 3024,2433"/>
                <Word id="tr_2_tl_57_w1" custom="readingOrder {index:0;}">
                    <Coords points="2150,2390 2150,2450 2312,2450 2312,2390"/>
                    <TextEquiv>
                        <Unicode>Leutnant</Unicode>
                    </TextEquiv>
                </Word>
                <Word id="tr_2_tl_57_w2" custom="readingOrder {index:1;}">
                    <Coords points="2340,2390 2340,2450 2399,2450 2399,2390"/>
                    <TextEquiv>
                        <Unicode>der</Unicode>
                    </TextEquiv>
                </Word>
                <Word id="tr_2_tl_57_w3" custom="readingOrder {index:2;}">
                    <Coords points="2427,2391 2427,2451 2654,2451 2654,2391"/>
                    <TextEquiv>
                        <Unicode>Todesfurcht</Unicode>
                    </TextEquiv>
                </Word>
                <Word id="tr_2_tl_57_w4" custom="readingOrder {index:3;}">
                    <Coords points="2682,2393 2682,2453 2904,2453 2904,2393"/>
                    <TextEquiv>
                        <Unicode>beschuldigt,</Unicode>
                    </TextEquiv>
                </Word>
                <Word id="tr_2_tl_57_w5" custom="readingOrder {index:4;}">
                    <Coords points="2949,2396 2949,2456 3007,2456 3007,2396"/>
                    <TextEquiv>
                        <Unicode>der</Unicode>
                    </TextEquiv>
                </Word>
                <TextEquiv>
                    <Unicode>Leutnant der Todesfurcht beschuldigt, der</Unicode>
                </TextEquiv>
            </TextLine>
            <TextLine id="tr_2_tl_58" custom="readingOrder {index:57;}">
                <Coords points="1233,2478 2104,2485 2104,2446 2022,2425 1233,2429"/>
                <Baseline points="1241,2466 1284,2468 1327,2468 1370,2468 1414,2468 1457,2468 1500,2468 1544,2470 1587,2471 1630,2471 1674,2471 1717,2471 1760,2471 1803,2471 1847,2469 1890,2469 1933,2471 1977,2471 2020,2470 2063,2470 2107,2477"/>
                <Word id="tr_2_tl_58_w1" custom="readingOrder {index:0;}">
                    <Coords points="1234,2428 1234,2488 1339,2488 1339,2428"/>
                    <TextEquiv>
                        <Unicode>hatte,</Unicode>
                    </TextEquiv>
                </Word>
                <Word id="tr_2_tl_58_w2" custom="readingOrder {index:1;}">
                    <Coords points="1362,2428 1362,2488 1595,2488 1595,2428"/>
                    <TextEquiv>
                        <Unicode>wichtigeres,</Unicode>
                    </TextEquiv>
                </Word>
                <Word id="tr_2_tl_58_w3" custom="readingOrder {index:2;}">
                    <Coords points="1623,2431 1623,2491 1673,2491 1673,2431"/>
                    <TextEquiv>
                        <Unicode>als</Unicode>
                    </TextEquiv>
                </Word>
                <Word id="tr_2_tl_58_w4" custom="readingOrder {index:3;}">
                    <Coords points="1735,2431 1735,2491 1868,2491 1868,2431"/>
                    <TextEquiv>
                        <Unicode>Arthur</Unicode>
                    </TextEquiv>
                </Word>
                <Word id="tr_2_tl_58_w5" custom="readingOrder {index:4;}">
                    <Coords points="1902,2430 1902,2490 2102,2490 2102,2430"/>
                    <TextEquiv>
                        <Unicode>Schnitzler,</Unicode>
                    </TextEquiv>
                </Word>
                <TextEquiv>
                    <Unicode>hatte, wichtigeres, als Arthur Schnitzler,</Unicode>
                </TextEquiv>
            </TextLine>
            <TextLine id="tr_2_tl_59" custom="readingOrder {index:58;}">
                <Coords points="2153,2485 3024,2491 3024,2452 2981,2442 2718,2466 2153,2435"/>
                <Baseline points="2161,2477 2204,2477 2247,2477 2290,2480 2334,2480 2377,2478 2420,2479 2464,2480 2507,2478 2550,2479 2594,2478 2637,2479 2680,2480 2723,2482 2767,2485 2810,2485 2853,2483 2897,2483 2940,2483 2983,2483 3027,2483"/>
                <Word id="tr_2_tl_59_w1" custom="readingOrder {index:0;}">
                    <Coords points="2148,2437 2148,2497 2205,2497 2205,2437"/>
                    <TextEquiv>
                        <Unicode>das</Unicode>
                    </TextEquiv>
                </Word>
                <Word id="tr_2_tl_59_w2" custom="readingOrder {index:1;}">
                    <Coords points="2238,2440 2238,2500 2375,2500 2375,2440"/>
                    <TextEquiv>
                        <Unicode>Wiener</Unicode>
                    </TextEquiv>
                </Word>
                <Word id="tr_2_tl_59_w3" custom="readingOrder {index:2;}">
                    <Coords points="2407,2438 2407,2498 2566,2498 2566,2438"/>
                    <TextEquiv>
                        <Unicode>Mädchen</Unicode>
                    </TextEquiv>
                </Word>
                <Word id="tr_2_tl_59_w4" custom="readingOrder {index:3;}">
                    <Coords points="2619,2439 2619,2499 2677,2499 2677,2439"/>
                    <TextEquiv>
                        <Unicode>des</Unicode>
                    </TextEquiv>
                </Word>
                <Word id="tr_2_tl_59_w5" custom="readingOrder {index:4;}">
                    <Coords points="2731,2443 2731,2503 3000,2503 3000,2443"/>
                    <TextEquiv>
                        <Unicode>außerehelichen</Unicode>
                    </TextEquiv>
                </Word>
                <TextEquiv>
                    <Unicode>das Wiener Mädchen des außerehelichen</Unicode>
                </TextEquiv>
            </TextLine>
            <TextLine id="tr_2_tl_60" custom="readingOrder {index:59;}">
                <Coords points="1233,2530 2097,2538 2097,2491 1988,2477 1233,2478"/>
                <Baseline points="1241,2513 1284,2516 1327,2516 1370,2516 1413,2516 1456,2518 1499,2519 1542,2519 1585,2521 1628,2520 1671,2519 1714,2519 1757,2517 1800,2517 1843,2520 1886,2521 1929,2520 1972,2522 2015,2521 2058,2520 2101,2522"/>
                <Word id="tr_2_tl_60_w1" custom="readingOrder {index:0;}">
                    <Coords points="1233,2474 1233,2534 1284,2534 1284,2474"/>
                    <TextEquiv>
                        <Unicode>dem</Unicode>
                    </TextEquiv>
                </Word>
                <Word id="tr_2_tl_60_w2" custom="readingOrder {index:1;}">
                    <Coords points="1326,2476 1326,2536 1435,2536 1435,2476"/>
                    <TextEquiv>
                        <Unicode>letzten</Unicode>
                    </TextEquiv>
                </Word>
                <Word id="tr_2_tl_60_w3" custom="readingOrder {index:2;}">
                    <Coords points="1467,2479 1467,2539 1591,2539 1591,2479"/>
                    <TextEquiv>
                        <Unicode>großen</Unicode>
                    </TextEquiv>
                </Word>
                <Word id="tr_2_tl_60_w4" custom="readingOrder {index:3;}">
                    <Coords points="1622,2479 1622,2539 1757,2539 1757,2479"/>
                    <TextEquiv>
                        <Unicode>Dichter</Unicode>
                    </TextEquiv>
                </Word>
                <Word id="tr_2_tl_60_w5" custom="readingOrder {index:4;}">
                    <Coords points="1805,2479 1805,2539 1872,2539 1872,2479"/>
                    <TextEquiv>
                        <Unicode>und</Unicode>
                    </TextEquiv>
                </Word>
                <Word id="tr_2_tl_60_w6" custom="readingOrder {index:5;}">
                    <Coords points="1924,2481 1924,2541 2095,2541 2095,2481"/>
                    <TextEquiv>
                        <Unicode>Träumer</Unicode>
                    </TextEquiv>
                </Word>
                <TextEquiv>
                    <Unicode>dem letzten großen Dichter und Träumer</Unicode>
                </TextEquiv>
            </TextLine>
            <TextLine id="tr_2_tl_61" custom="readingOrder {index:60;}">
                <Coords points="2156,2534 3015,2551 3015,2499 2941,2491 2156,2488"/>
                <Baseline points="2164,2522 2206,2525 2249,2525 2292,2525 2334,2527 2377,2526 2420,2527 2462,2526 2505,2527 2548,2528 2591,2528 2633,2528 2676,2528 2719,2529 2761,2531 2804,2532 2847,2533 2889,2531 2932,2531 2975,2531 3018,2531"/>
                <Word id="tr_2_tl_61_w1" custom="readingOrder {index:0;}">
                    <Coords points="2151,2486 2151,2546 2506,2546 2506,2486"/>
                    <TextEquiv>
                        <Unicode>Geschlechtsverkehrs</Unicode>
                    </TextEquiv>
                </Word>
                <Word id="tr_2_tl_61_w2" custom="readingOrder {index:1;}">
                    <Coords points="2563,2488 2563,2548 2756,2548 2756,2488"/>
                    <TextEquiv>
                        <Unicode>bezichtigt,</Unicode>
                    </TextEquiv>
                </Word>
                <Word id="tr_2_tl_61_w3" custom="readingOrder {index:2;}">
                    <Coords points="2802,2492 2802,2552 2862,2552 2862,2492"/>
                    <TextEquiv>
                        <Unicode>der</Unicode>
                    </TextEquiv>
                </Word>
                <Word id="tr_2_tl_61_w4" custom="readingOrder {index:3;}">
                    <Coords points="2913,2491 2913,2551 3007,2551 3007,2491"/>
                    <TextEquiv>
                        <Unicode>einen</Unicode>
                    </TextEquiv>
                </Word>
                <TextEquiv>
                    <Unicode>Geschlechtsverkehrs bezichtigt, der einen</Unicode>
                </TextEquiv>
            </TextLine>
            <TextLine id="tr_2_tl_62" custom="readingOrder {index:61;}">
                <Coords points="1233,2570 2100,2583 2082,2531 1233,2531"/>
                <Baseline points="1241,2564 1284,2567 1327,2567 1370,2567 1413,2567 1456,2567 1499,2567 1543,2569 1586,2568 1629,2567 1672,2567 1715,2567 1758,2567 1801,2568 1845,2570 1888,2570 1931,2570 1974,2570 2017,2569 2060,2569 2104,2573"/>
                <Word id="tr_2_tl_62_w1" custom="readingOrder {index:0;}">
                    <Coords points="1233,2527 1233,2587 1468,2587 1468,2527"/>
                    <TextEquiv>
                        <Unicode>Oesterreichs,</Unicode>
                    </TextEquiv>
                </Word>
                <Word id="tr_2_tl_62_w2" custom="readingOrder {index:1;}">
                    <Coords points="1490,2528 1490,2588 1566,2588 1566,2528"/>
                    <TextEquiv>
                        <Unicode>jene</Unicode>
                    </TextEquiv>
                </Word>
                <Word id="tr_2_tl_62_w3" custom="readingOrder {index:2;}">
                    <Coords points="1595,2527 1595,2587 1687,2587 1687,2527"/>
                    <TextEquiv>
                        <Unicode>letzte</Unicode>
                    </TextEquiv>
                </Word>
                <Word id="tr_2_tl_62_w4" custom="readingOrder {index:3;}">
                    <Coords points="1715,2527 1715,2587 1807,2587 1807,2527"/>
                    <TextEquiv>
                        <Unicode>Ehre</Unicode>
                    </TextEquiv>
                </Word>
                <Word id="tr_2_tl_62_w5" custom="readingOrder {index:4;}">
                    <Coords points="1835,2530 1835,2590 1867,2590 1867,2530"/>
                    <TextEquiv>
                        <Unicode>zu</Unicode>
                    </TextEquiv>
                </Word>
                <Word id="tr_2_tl_62_w6" custom="readingOrder {index:5;}">
                    <Coords points="1923,2529 1923,2589 2103,2589 2103,2529"/>
                    <TextEquiv>
                        <Unicode>erweisen,</Unicode>
                    </TextEquiv>
                </Word>
                <TextEquiv>
                    <Unicode>Oesterreichs, jene letzte Ehre zu erweisen,</Unicode>
                </TextEquiv>
            </TextLine>
            <TextLine id="tr_2_tl_63" custom="readingOrder {index:62;}">
                <Coords points="2150,2589 3021,2596 3021,2548 2960,2538 2869,2561 2791,2533 2150,2537"/>
                <Baseline points="2158,2576 2201,2573 2244,2573 2287,2576 2331,2573 2374,2575 2417,2576 2461,2576 2504,2576 2547,2578 2591,2579 2634,2577 2677,2578 2720,2579 2764,2579 2807,2579 2850,2579 2894,2579 2937,2580 2980,2582 3024,2579"/>
                <Word id="tr_2_tl_63_w1" custom="readingOrder {index:0;}">
                    <Coords points="2150,2533 2150,2593 2302,2593 2302,2533"/>
                    <TextEquiv>
                        <Unicode>jüdischen</Unicode>
                    </TextEquiv>
                </Word>
                <Word id="tr_2_tl_63_w2" custom="readingOrder {index:1;}">
                    <Coords points="2357,2536 2357,2596 2535,2596 2535,2536"/>
                    <TextEquiv>
                        <Unicode>Gelehrten</Unicode>
                    </TextEquiv>
                </Word>
                <Word id="tr_2_tl_63_w3" custom="readingOrder {index:2;}">
                    <Coords points="2590,2537 2590,2597 2649,2597 2649,2537"/>
                    <TextEquiv>
                        <Unicode>zum</Unicode>
                    </TextEquiv>
                </Word>
                <Word id="tr_2_tl_63_w4" custom="readingOrder {index:3;}">
                    <Coords points="2715,2539 2715,2599 2839,2599 2839,2539"/>
                    <TextEquiv>
                        <Unicode>Helden</Unicode>
                    </TextEquiv>
                </Word>
                <Word id="tr_2_tl_63_w5" custom="readingOrder {index:4;}">
                    <Coords points="2916,2541 2916,2601 3008,2601 3008,2541"/>
                    <TextEquiv>
                        <Unicode>einer</Unicode>
                    </TextEquiv>
                </Word>
                <TextEquiv>
                    <Unicode>jüdischen Gelehrten zum Helden einer</Unicode>
                </TextEquiv>
            </TextLine>
            <TextLine id="tr_2_tl_64" custom="readingOrder {index:63;}">
                <Coords points="1236,2624 2100,2629 2100,2583 2065,2579 1236,2573"/>
                <Baseline points="1244,2615 1287,2612 1330,2615 1373,2615 1416,2615 1459,2617 1502,2616 1545,2617 1588,2616 1631,2615 1674,2615 1717,2615 1760,2617 1803,2618 1846,2618 1889,2619 1932,2620 1975,2618 2018,2618 2061,2618 2104,2618"/>
                <Word id="tr_2_tl_64_w1" custom="readingOrder {index:0;}">
                    <Coords points="1236,2573 1236,2633 1282,2633 1282,2573"/>
                    <TextEquiv>
                        <Unicode>die</Unicode>
                    </TextEquiv>
                </Word>
                <Word id="tr_2_tl_64_w2" custom="readingOrder {index:1;}">
                    <Coords points="1313,2574 1313,2634 1344,2634 1344,2574"/>
                    <TextEquiv>
                        <Unicode>er</Unicode>
                    </TextEquiv>
                </Word>
                <Word id="tr_2_tl_64_w3" custom="readingOrder {index:2;}">
                    <Coords points="1381,2575 1381,2635 1474,2635 1474,2575"/>
                    <TextEquiv>
                        <Unicode>unter</Unicode>
                    </TextEquiv>
                </Word>
                <Word id="tr_2_tl_64_w4" custom="readingOrder {index:3;}">
                    <Coords points="1511,2575 1511,2635 1692,2635 1692,2575"/>
                    <TextEquiv>
                        <Unicode>gegebenen</Unicode>
                    </TextEquiv>
                </Word>
                <Word id="tr_2_tl_64_w5" custom="readingOrder {index:4;}">
                    <Coords points="1735,2578 1735,2638 1937,2638 1937,2578"/>
                    <TextEquiv>
                        <Unicode>Umständen</Unicode>
                    </TextEquiv>
                </Word>
                <Word id="tr_2_tl_64_w6" custom="readingOrder {index:5;}">
                    <Coords points="1979,2578 1979,2638 2082,2638 2082,2578"/>
                    <TextEquiv>
                        <Unicode>keinem</Unicode>
                    </TextEquiv>
                </Word>
                <TextEquiv>
                    <Unicode>die er unter gegebenen Umständen keinem</Unicode>
                </TextEquiv>
            </TextLine>
            <TextLine id="tr_2_tl_65" custom="readingOrder {index:64;}">
                <Coords points="2150,2631 3015,2640 3015,2597 2915,2583 2624,2614 2584,2589 2150,2589"/>
                <Baseline points="2158,2621 2201,2624 2244,2624 2287,2624 2330,2624 2373,2624 2416,2626 2459,2625 2502,2624 2545,2626 2588,2629 2631,2628 2674,2627 2717,2627 2760,2627 2803,2627 2846,2628 2889,2630 2932,2630 2975,2630 3018,2630"/>
                <Word id="tr_2_tl_65_w1" custom="readingOrder {index:0;}">
                    <Coords points="2145,2584 2145,2644 2312,2644 2312,2584"/>
                    <TextEquiv>
                        <Unicode>klerikalen</Unicode>
                    </TextEquiv>
                </Word>
                <Word id="tr_2_tl_65_w2" custom="readingOrder {index:1;}">
                    <Coords points="2367,2584 2367,2644 2584,2644 2584,2584"/>
                    <TextEquiv>
                        <Unicode>Verfolgung</Unicode>
                    </TextEquiv>
                </Word>
                <Word id="tr_2_tl_65_w3" custom="readingOrder {index:2;}">
                    <Coords points="2644,2587 2644,2647 2796,2647 2796,2587"/>
                    <TextEquiv>
                        <Unicode>gemacht</Unicode>
                    </TextEquiv>
                </Word>
                <Word id="tr_2_tl_65_w4" custom="readingOrder {index:3;}">
                    <Coords points="2840,2589 2840,2649 2915,2649 2915,2589"/>
                    <TextEquiv>
                        <Unicode>hat,</Unicode>
                    </TextEquiv>
                </Word>
                <Word id="tr_2_tl_65_w5" custom="readingOrder {index:4;}">
                    <Coords points="2964,2590 2964,2650 3001,2650 3001,2590"/>
                    <TextEquiv>
                        <Unicode>an</Unicode>
                    </TextEquiv>
                </Word>
                <TextEquiv>
                    <Unicode>klerikalen Verfolgung gemacht hat, an</Unicode>
                </TextEquiv>
            </TextLine>
            <TextLine id="tr_2_tl_66" custom="readingOrder {index:65;}">
                <Coords points="1227,2668 2106,2681 2106,2632 2068,2625 1853,2656 1687,2621 1227,2626"/>
                <Baseline points="1235,2660 1278,2663 1322,2663 1365,2663 1409,2663 1453,2663 1496,2663 1540,2665 1583,2666 1627,2666 1671,2666 1714,2666 1758,2666 1801,2666 1845,2666 1889,2667 1932,2669 1976,2669 2019,2669 2063,2669 2107,2669"/>
                <Word id="tr_2_tl_66_w1" custom="readingOrder {index:0;}">
                    <Coords points="1226,2623 1226,2683 1349,2683 1349,2623"/>
                    <TextEquiv>
                        <Unicode>braven</Unicode>
                    </TextEquiv>
                </Word>
                <Word id="tr_2_tl_66_w2" custom="readingOrder {index:1;}">
                    <Coords points="1429,2626 1429,2686 1779,2686 1779,2626"/>
                    <TextEquiv>
                        <Unicode>Veteranenobmann</Unicode>
                    </TextEquiv>
                </Word>
                <Word id="tr_2_tl_66_w3" custom="readingOrder {index:2;}">
                    <Coords points="1883,2629 1883,2689 2090,2689 2090,2629"/>
                    <TextEquiv>
                        <Unicode>verweigern</Unicode>
                    </TextEquiv>
                </Word>
                <TextEquiv>
                    <Unicode>braven Veteranenobmann verweigern</Unicode>
                </TextEquiv>
            </TextLine>
            <TextLine id="tr_2_tl_67" custom="readingOrder {index:66;}">
                <Coords points="2153,2678 3012,2688 3012,2640 2946,2629 2153,2631"/>
                <Baseline points="2161,2669 2203,2672 2246,2672 2289,2672 2331,2672 2374,2672 2417,2673 2459,2674 2502,2674 2545,2674 2588,2674 2630,2674 2673,2674 2716,2674 2758,2675 2801,2677 2844,2677 2886,2677 2929,2677 2972,2677 3015,2674"/>
                <Word id="tr_2_tl_67_w1" custom="readingOrder {index:0;}">
                    <Coords points="2148,2631 2148,2691 2245,2691 2245,2631"/>
                    <TextEquiv>
                        <Unicode>diesem</Unicode>
                    </TextEquiv>
                </Word>
                <Word id="tr_2_tl_67_w2" custom="readingOrder {index:1;}">
                    <Coords points="2294,2632 2294,2692 2412,2692 2412,2632"/>
                    <TextEquiv>
                        <Unicode>Grabe</Unicode>
                    </TextEquiv>
                </Word>
                <Word id="tr_2_tl_67_w3" custom="readingOrder {index:2;}">
                    <Coords points="2463,2634 2463,2694 2592,2694 2592,2634"/>
                    <TextEquiv>
                        <Unicode>durften</Unicode>
                    </TextEquiv>
                </Word>
                <Word id="tr_2_tl_67_w4" custom="readingOrder {index:3;}">
                    <Coords points="2652,2634 2652,2694 2705,2694 2705,2634"/>
                    <TextEquiv>
                        <Unicode>die</Unicode>
                    </TextEquiv>
                </Word>
                <Word id="tr_2_tl_67_w5" custom="readingOrder {index:4;}">
                    <Coords points="2756,2637 2756,2697 2885,2697 2885,2637"/>
                    <TextEquiv>
                        <Unicode>Dichter</Unicode>
                    </TextEquiv>
                </Word>
                <Word id="tr_2_tl_67_w6" custom="readingOrder {index:5;}">
                    <Coords points="2940,2637 2940,2697 3004,2697 3004,2637"/>
                    <TextEquiv>
                        <Unicode>und</Unicode>
                    </TextEquiv>
                </Word>
                <TextEquiv>
                    <Unicode>diesem Grabe durften die Dichter und</Unicode>
                </TextEquiv>
            </TextLine>
            <TextLine id="tr_2_tl_68" custom="readingOrder {index:67;}">
                <Coords points="1233,2714 2107,2728 2107,2678 1233,2670"/>
                <Baseline points="1241,2710 1284,2710 1327,2710 1371,2713 1414,2713 1458,2710 1501,2712 1545,2713 1588,2713 1632,2713 1675,2713 1718,2715 1762,2716 1805,2716 1849,2716 1892,2716 1936,2716 1979,2717 2023,2718 2066,2716 2110,2716"/>
                <Word id="tr_2_tl_68_w1" custom="readingOrder {index:0;}">
                    <Coords points="1233,2670 1233,2730 1365,2730 1365,2670"/>
                    <TextEquiv>
                        <Unicode>würde.</Unicode>
                    </TextEquiv>
                </Word>
                <Word id="tr_2_tl_68_w2" custom="readingOrder {index:1;}">
                    <Coords points="1382,2673 1382,2733 1445,2733 1445,2673"/>
                    <TextEquiv>
                        <Unicode>Die</Unicode>
                    </TextEquiv>
                </Word>
                <Word id="tr_2_tl_68_w3" custom="readingOrder {index:2;}">
                    <Coords points="1472,2673 1472,2733 1653,2733 1653,2673"/>
                    <TextEquiv>
                        <Unicode>Umstände</Unicode>
                    </TextEquiv>
                </Word>
                <Word id="tr_2_tl_68_w4" custom="readingOrder {index:3;}">
                    <Coords points="1674,2675 1674,2735 1818,2735 1818,2675"/>
                    <TextEquiv>
                        <Unicode>scheinen</Unicode>
                    </TextEquiv>
                </Word>
                <Word id="tr_2_tl_68_w5" custom="readingOrder {index:4;}">
                    <Coords points="1850,2676 1850,2736 1935,2736 1935,2676"/>
                    <TextEquiv>
                        <Unicode>uns,</Unicode>
                    </TextEquiv>
                </Word>
                <Word id="tr_2_tl_68_w6" custom="readingOrder {index:5;}">
                    <Coords points="1951,2677 1951,2737 2089,2737 2089,2677"/>
                    <TextEquiv>
                        <Unicode>scheinen</Unicode>
                    </TextEquiv>
                </Word>
                <TextEquiv>
                    <Unicode>würde. Die Umstände scheinen uns, scheinen</Unicode>
                </TextEquiv>
            </TextLine>
            <TextLine id="tr_2_tl_69" custom="readingOrder {index:68;}">
                <Coords points="2147,2731 2576,2731 2657,2766 2920,2724 2984,2758 3020,2751 3019,2696 2146,2679"/>
                <Baseline points="2155,2719 2198,2722 2241,2719 2285,2719 2328,2722 2372,2722 2415,2722 2459,2722 2502,2722 2546,2722 2589,2724 2632,2725 2676,2725 2719,2725 2763,2723 2806,2724 2850,2725 2893,2725 2937,2725 2980,2726 3024,2728"/>
                <Word id="tr_2_tl_69_w1" custom="readingOrder {index:0;}">
                    <Coords points="2147,2681 2147,2741 2268,2741 2268,2681"/>
                    <TextEquiv>
                        <Unicode>Denker</Unicode>
                    </TextEquiv>
                </Word>
                <Word id="tr_2_tl_69_w2" custom="readingOrder {index:1;}">
                    <Coords points="2298,2682 2298,2742 2518,2742 2518,2682"/>
                    <TextEquiv>
                        <Unicode>Oesterreichs</Unicode>
                    </TextEquiv>
                </Word>
                <Word id="tr_2_tl_69_w3" custom="readingOrder {index:2;}">
                    <Coords points="2553,2684 2553,2744 2675,2744 2675,2684"/>
                    <TextEquiv>
                        <Unicode>stehen,</Unicode>
                    </TextEquiv>
                </Word>
                <Word id="tr_2_tl_69_w4" custom="readingOrder {index:3;}">
                    <Coords points="2704,2683 2704,2743 2779,2743 2779,2683"/>
                    <TextEquiv>
                        <Unicode>aber</Unicode>
                    </TextEquiv>
                </Word>
                <Word id="tr_2_tl_69_w5" custom="readingOrder {index:4;}">
                    <Coords points="2809,2685 2809,2745 2895,2745 2895,2685"/>
                    <TextEquiv>
                        <Unicode>nicht</Unicode>
                    </TextEquiv>
                </Word>
                <Word id="tr_2_tl_69_w6" custom="readingOrder {index:5;}">
                    <Coords points="2948,2685 2948,2745 3006,2745 3006,2685"/>
                    <TextEquiv>
                        <Unicode>der</Unicode>
                    </TextEquiv>
                </Word>
                <TextEquiv>
                    <Unicode>Denker Oesterreichs stehen, aber nicht der</Unicode>
                </TextEquiv>
            </TextLine>
            <TextLine id="tr_2_tl_70" custom="readingOrder {index:69;}">
                <Coords points="1230,2779 2108,2781 2079,2724 1230,2720"/>
                <Baseline points="1238,2761 1281,2758 1325,2758 1368,2761 1412,2761 1456,2761 1499,2761 1543,2761 1586,2761 1630,2761 1674,2763 1717,2764 1761,2764 1804,2764 1848,2766 1892,2765 1935,2766 1979,2767 2022,2767 2066,2766 2110,2764"/>
                <Word id="tr_2_tl_70_w1" custom="readingOrder {index:0;}">
                    <Coords points="1235,2719 1235,2779 1287,2779 1287,2719"/>
                    <TextEquiv>
                        <Unicode>der</Unicode>
                    </TextEquiv>
                </Word>
                <Word id="tr_2_tl_70_w2" custom="readingOrder {index:1;}">
                    <Coords points="1320,2721 1320,2781 1440,2781 1440,2721"/>
                    <TextEquiv>
                        <Unicode>ganzen</Unicode>
                    </TextEquiv>
                </Word>
                <Word id="tr_2_tl_70_w3" custom="readingOrder {index:2;}">
                    <Coords points="1478,2721 1478,2781 1705,2781 1705,2721"/>
                    <TextEquiv>
                        <Unicode>Kulturwelt,</Unicode>
                    </TextEquiv>
                </Word>
                <Word id="tr_2_tl_70_w4" custom="readingOrder {index:3;}">
                    <Coords points="1727,2724 1727,2784 1879,2784 1879,2724"/>
                    <TextEquiv>
                        <Unicode>diesmal</Unicode>
                    </TextEquiv>
                </Word>
                <Word id="tr_2_tl_70_w5" custom="readingOrder {index:4;}">
                    <Coords points="1927,2727 1927,2787 2090,2787 2090,2727"/>
                    <TextEquiv>
                        <Unicode>durchaus</Unicode>
                    </TextEquiv>
                </Word>
                <TextEquiv>
                    <Unicode>der ganzen Kulturwelt, diesmal durchaus</Unicode>
                </TextEquiv>
            </TextLine>
            <TextLine id="tr_2_tl_71" custom="readingOrder {index:70;}">
                <Coords points="2147,2802 2245,2774 2339,2781 2355,2797 2388,2777 2608,2776 2598,2730 2147,2731"/>
                <Baseline points="2155,2773 2180,2772 2205,2770 2231,2769 2256,2767 2281,2769 2307,2770 2332,2770 2358,2770 2383,2770 2408,2769 2434,2767 2459,2769 2485,2770 2510,2770 2535,2770 2561,2770 2586,2770 2612,2770"/>
                <Word id="tr_2_tl_71_w1" custom="readingOrder {index:0;}">
                    <Coords points="2147,2731 2147,2791 2228,2791 2228,2731"/>
                    <TextEquiv>
                        <Unicode>Herr</Unicode>
                    </TextEquiv>
                </Word>
                <Word id="tr_2_tl_71_w2" custom="readingOrder {index:1;}">
                    <Coords points="2262,2727 2262,2787 2600,2787 2600,2727"/>
                    <TextEquiv>
                        <Unicode>Bundespräsident.</Unicode>
                    </TextEquiv>
                </Word>
                <TextEquiv>
                    <Unicode>Herr Bundespräsident.</Unicode>
                </TextEquiv>
            </TextLine>
            <TextLine id="tr_2_tl_72" custom="readingOrder {index:71;}">
                <Coords points="1230,2819 2101,2830 2101,2772 1230,2779"/>
                <Baseline points="1238,2815 1281,2810 1324,2809 1367,2811 1411,2810 1454,2810 1497,2812 1541,2811 1584,2810 1627,2812 1671,2812 1714,2813 1757,2814 1800,2812 1844,2813 1887,2815 1930,2815 1974,2815 2017,2815 2060,2815 2104,2812"/>
                <Word id="tr_2_tl_72_w1" custom="readingOrder {index:0;}">
                    <Coords points="1230,2769 1230,2829 1392,2829 1392,2769"/>
                    <TextEquiv>
                        <Unicode>gegeben.</Unicode>
                    </TextEquiv>
                </Word>
                <Word id="tr_2_tl_72_w2" custom="readingOrder {index:1;}">
                    <Coords points="1420,2770 1420,2830 1463,2830 1463,2770"/>
                    <TextEquiv>
                        <Unicode>Es</Unicode>
                    </TextEquiv>
                </Word>
                <Word id="tr_2_tl_72_w3" custom="readingOrder {index:2;}">
                    <Coords points="1496,2771 1496,2831 1571,2831 1571,2771"/>
                    <TextEquiv>
                        <Unicode>gibt</Unicode>
                    </TextEquiv>
                </Word>
                <Word id="tr_2_tl_72_w4" custom="readingOrder {index:3;}">
                    <Coords points="1605,2772 1605,2832 1686,2832 1686,2772"/>
                    <TextEquiv>
                        <Unicode>keine</Unicode>
                    </TextEquiv>
                </Word>
                <Word id="tr_2_tl_72_w5" custom="readingOrder {index:4;}">
                    <Coords points="1719,2772 1719,2832 1876,2832 1876,2772"/>
                    <TextEquiv>
                        <Unicode>Ausrede</Unicode>
                    </TextEquiv>
                </Word>
                <Word id="tr_2_tl_72_w6" custom="readingOrder {index:5;}">
                    <Coords points="1909,2775 1909,2835 1963,2835 1963,2775"/>
                    <TextEquiv>
                        <Unicode>für</Unicode>
                    </TextEquiv>
                </Word>
                <Word id="tr_2_tl_72_w7" custom="readingOrder {index:6;}">
                    <Coords points="1991,2775 1991,2835 2093,2835 2093,2775"/>
                    <TextEquiv>
                        <Unicode>dieses</Unicode>
                    </TextEquiv>
                </Word>
                <TextEquiv>
                    <Unicode>gegeben. Es gibt keine Ausrede für dieses</Unicode>
                </TextEquiv>
            </TextLine>
            <TextLine id="tr_2_tl_73" custom="readingOrder {index:72;}">
                <Coords points="2228,2829 2483,2819 2570,2855 2618,2829 2770,2854 3020,2836 3020,2779 2911,2756 2840,2799 2699,2759 2361,2797 2228,2776"/>
                <Baseline points="2236,2818 2275,2815 2314,2817 2354,2818 2393,2818 2433,2819 2472,2820 2511,2818 2551,2821 2590,2821 2630,2821 2669,2821 2708,2821 2748,2822 2787,2824 2827,2824 2866,2824 2905,2824 2945,2824 2984,2824 3024,2824"/>
                <Word id="tr_2_tl_73_w1" custom="readingOrder {index:0;}">
                    <Coords points="2230,2775 2230,2835 2334,2835 2334,2775"/>
                    <TextEquiv>
                        <Unicode>Bitte,</Unicode>
                    </TextEquiv>
                </Word>
                <Word id="tr_2_tl_73_w2" custom="readingOrder {index:1;}">
                    <Coords points="2360,2778 2360,2838 2445,2838 2445,2778"/>
                    <TextEquiv>
                        <Unicode>Herr</Unicode>
                    </TextEquiv>
                </Word>
                <Word id="tr_2_tl_73_w3" custom="readingOrder {index:2;}">
                    <Coords points="2477,2781 2477,2841 2818,2841 2818,2781"/>
                    <TextEquiv>
                        <Unicode>Bundespräsident,</Unicode>
                    </TextEquiv>
                </Word>
                <Word id="tr_2_tl_73_w4" custom="readingOrder {index:3;}">
                    <Coords points="2862,2784 2862,2844 2997,2844 2997,2784"/>
                    <TextEquiv>
                        <Unicode>werden</Unicode>
                    </TextEquiv>
                </Word>
                <TextEquiv>
                    <Unicode>Bitte, Herr Bundespräsident, werden</Unicode>
                </TextEquiv>
            </TextLine>
            <TextLine id="tr_2_tl_74" custom="readingOrder {index:73;}">
                <Coords points="1236,2871 2104,2865 2104,2830 2065,2820 1810,2844 1236,2822"/>
                <Baseline points="1244,2860 1287,2857 1330,2857 1373,2859 1416,2860 1459,2858 1502,2858 1546,2860 1589,2860 1632,2860 1675,2860 1718,2861 1761,2863 1804,2863 1848,2864 1891,2865 1934,2863 1977,2863 2020,2863 2063,2863 2107,2857"/>
                <Word id="tr_2_tl_74_w1" custom="readingOrder {index:0;}">
                    <Coords points="1236,2818 1236,2878 1474,2878 1474,2818"/>
                    <TextEquiv>
                        <Unicode>Fernbleiben,</Unicode>
                    </TextEquiv>
                </Word>
                <Word id="tr_2_tl_74_w2" custom="readingOrder {index:1;}">
                    <Coords points="1502,2819 1502,2879 1588,2879 1588,2819"/>
                    <TextEquiv>
                        <Unicode>keine</Unicode>
                    </TextEquiv>
                </Word>
                <Word id="tr_2_tl_74_w3" custom="readingOrder {index:2;}">
                    <Coords points="1615,2820 1615,2880 1690,2880 1690,2820"/>
                    <TextEquiv>
                        <Unicode>noch</Unicode>
                    </TextEquiv>
                </Word>
                <Word id="tr_2_tl_74_w4" custom="readingOrder {index:3;}">
                    <Coords points="1740,2822 1740,2882 1772,2882 1772,2822"/>
                    <TextEquiv>
                        <Unicode>so</Unicode>
                    </TextEquiv>
                </Word>
                <Word id="tr_2_tl_74_w5" custom="readingOrder {index:4;}">
                    <Coords points="1827,2824 1827,2884 1977,2884 1977,2824"/>
                    <TextEquiv>
                        <Unicode>amtliche</Unicode>
                    </TextEquiv>
                </Word>
                <Word id="tr_2_tl_74_w6" custom="readingOrder {index:5;}">
                    <Coords points="2027,2823 2027,2883 2097,2883 2097,2823"/>
                    <TextEquiv>
                        <Unicode>Ab¬</Unicode>
                    </TextEquiv>
                </Word>
                <TextEquiv>
                    <Unicode>Fernbleiben, keine noch so amtliche Ab¬</Unicode>
                </TextEquiv>
            </TextLine>
            <TextLine id="tr_2_tl_75" custom="readingOrder {index:74;}">
                <Coords points="2147,2883 2207,2894 2224,2879 2245,2889 2272,2879 2323,2904 2402,2873 2473,2896 2503,2880 2503,2822 2305,2837 2272,2820 2206,2837 2187,2819 2147,2816"/>
                <Baseline points="2155,2866 2180,2866 2205,2866 2230,2866 2255,2867 2280,2868 2305,2869 2331,2869 2356,2869 2381,2869 2406,2867 2431,2866 2456,2866 2481,2866 2507,2866"/>
                <Word id="tr_2_tl_75_w1" custom="readingOrder {index:0;}">
                    <Coords points="2149,2826 2149,2886 2213,2886 2213,2826"/>
                    <TextEquiv>
                        <Unicode>Sie</Unicode>
                    </TextEquiv>
                </Word>
                <Word id="tr_2_tl_75_w2" custom="readingOrder {index:1;}">
                    <Coords points="2234,2829 2234,2889 2492,2889 2492,2829"/>
                    <TextEquiv>
                        <Unicode>dementieren?</Unicode>
                    </TextEquiv>
                </Word>
                <TextEquiv>
                    <Unicode>Sie dementieren?</Unicode>
                </TextEquiv>
            </TextLine>
            <TextLine id="tr_2_tl_76" custom="readingOrder {index:75;}">
                <Coords points="1227,2920 1818,2942 2107,2918 2080,2868 1898,2893 1807,2864 1226,2865"/>
                <Baseline points="1235,2907 1278,2907 1322,2910 1366,2910 1410,2910 1453,2910 1497,2910 1541,2910 1585,2912 1628,2913 1672,2913 1716,2913 1760,2913 1803,2913 1847,2913 1891,2913 1935,2913 1978,2913 2022,2913 2066,2911 2110,2907"/>
                <Word id="tr_2_tl_76_w1" custom="readingOrder {index:0;}">
                    <Coords points="1232,2869 1232,2929 1394,2929 1394,2869"/>
                    <TextEquiv>
                        <Unicode>haltung,</Unicode>
                    </TextEquiv>
                </Word>
                <Word id="tr_2_tl_76_w2" custom="readingOrder {index:1;}">
                    <Coords points="1416,2870 1416,2930 1496,2930 1496,2870"/>
                    <TextEquiv>
                        <Unicode>keine</Unicode>
                    </TextEquiv>
                </Word>
                <Word id="tr_2_tl_76_w3" custom="readingOrder {index:2;}">
                    <Coords points="1525,2870 1525,2930 1600,2930 1600,2870"/>
                    <TextEquiv>
                        <Unicode>noch</Unicode>
                    </TextEquiv>
                </Word>
                <Word id="tr_2_tl_76_w4" custom="readingOrder {index:3;}">
                    <Coords points="1628,2873 1628,2933 1659,2933 1659,2873"/>
                    <TextEquiv>
                        <Unicode>so</Unicode>
                    </TextEquiv>
                </Word>
                <Word id="tr_2_tl_76_w5" custom="readingOrder {index:4;}">
                    <Coords points="1709,2873 1709,2933 1877,2933 1877,2873"/>
                    <TextEquiv>
                        <Unicode>feierliche</Unicode>
                    </TextEquiv>
                </Word>
                <Word id="tr_2_tl_76_w6" custom="readingOrder {index:5;}">
                    <Coords points="1921,2873 1921,2933 2099,2933 2099,2873"/>
                    <TextEquiv>
                        <Unicode>Dienstes¬</Unicode>
                    </TextEquiv>
                </Word>
                <TextEquiv>
                    <Unicode>haltung, keine noch so feierliche Dienstes¬</Unicode>
                </TextEquiv>
            </TextLine>
            <TextLine id="tr_2_tl_77" custom="readingOrder {index:76;}">
                <Coords points="2498,2935 2792,2925 2887,2947 2981,2924 2980,2896 2876,2858 2689,2880 2615,2851 2533,2872 2496,2855"/>
                <Baseline points="2504,2916 2529,2918 2554,2919 2579,2919 2605,2919 2630,2919 2655,2920 2681,2922 2706,2920 2731,2919 2757,2921 2782,2922 2807,2922 2833,2923 2858,2925 2883,2924 2909,2922 2934,2924 2959,2925 2985,2925"/>
                <Word id="tr_2_tl_77_w1" custom="readingOrder {index:0;}">
                    <Coords points="2505,2879 2505,2939 2695,2939 2695,2879"/>
                    <TextEquiv>
                        <Unicode>Ludwig</Unicode>
                    </TextEquiv>
                </Word>
                <Word id="tr_2_tl_77_w2" custom="readingOrder {index:1;}">
                    <Coords points="2728,2883 2728,2943 2944,2943 2944,2883"/>
                    <TextEquiv>
                        <Unicode>Ullmann</Unicode>
                    </TextEquiv>
                </Word>
                <TextEquiv>
                    <Unicode>Ludwig Ullmann</Unicode>
                </TextEquiv>
            </TextLine>
            <TextEquiv>
                <Unicode></Unicode>
            </TextEquiv>
        </TextRegion>
    </Page>
</PcGts>
