3392 4352
122 288 240 348 12.
301 289 896 349 Schnitzler's
967 291 1194 351 Deatl

188 554 399 614 SLRLIEXE
430 529 803 589 BOISEN-OOURIKN

274 753 333 813 26.
356 753 512 813 Oktober
543 751 625 811 1931

437 890 912 950 Nebenbel

335 982 670 1042 Hofmannsthal
696 983 1005 1043 telegraphiert

279 1043 469 1103 Schnitzler
500 1043 580 1103 hatte
611 1043 666 1103 mit
692 1043 797 1103 seinem
838 1041 983 1101 Freunde
1009 1041 1099 1101 Hugo

235 1091 288 1151 von
327 1088 1077 1148 Hofmanstda

228 1137 353 1197 dieser,
375 1136 430 1196 der
462 1136 565 1196 einige
595 1136 699 1196 Tage,
729 1136 785 1196 vor
815 1133 867 1193 den
907 1134 1100 1194 Festspielen

236 1183 307 1243 nach
341 1180 494 1240 Salzburg
548 1183 643 1243 fuhr,
687 1180 758 1240 dort
807 1180 859 1240 für
893 1180 993 1240 Logis
1042 1180 1099 1240 und

236 1227 460 1287 Theatersitze
486 1228 710 1288 Sorge-tragen
741 1225 852 1285 sollte.

292 1273 543 1333 Hofmannsthal
566 1273 671 1333 führte
703 1273 755 1333 den
787 1270 923 1330 Auftrag
950 1270 1024 1330 auch
1056 1270 1108 1330 ge¬

237 1321 426 1381 wissenhaft
463 1321 558 1381 durch
608 1320 662 1380 und
690 1318 944 1378 telegraphierte
985 1317 1089 1377 seinem

237 1367 387 1427 Freund:

293 1413 396 1473 „Sitze
421 1413 563 1473 besorgt.
598 1410 834 1470 Europäischer
855 1410 923 1470 Hof
938 1407 1109 1467 Salzburg.

241 1458 506 1518 Hofmannsthal.

296 1504 358 1564 Und
392 1503 589 1563 Schnitzler,
623 1501 680 1561 der
729 1500 925 1560 vollständig
969 1498 1022 1558 die
1051 1496 1113 1556 Ab¬

231 1550 386 1610 machung
412 1547 580 1607 vergessen
611 1547 710 1607 hatte,
727 1547 947 1607 depeschierte
969 1544 1110 1604 zurück;

296 1595 432 1655 „Lieber
461 1593 569 1653 Hugo,
598 1592 701 1652 warum
748 1591 861 1651 sitzest
909 1590 946 1650 du
984 1590 1116 1650 besorgt

240 1643 467 1703 europäischer
494 1642 560 1702 Hof
587 1640 736 1700 Salzburg
769 1638 990 1698 Schnitzler“.

351 2045 1058 2105 OBSERVER

431 2112 457 2172 I.
471 2112 590 2172 österr.
600 2112 750 2172 behördl.
765 2112 1066 2172 konzessioniertes

389 2153 620 2213 Unternehmen
653 2153 698 2213 für
726 2153 1112 2213 Zeitungs-Ausschnitte

439 2210 591 2270 WIEN,
612 2213 660 2273 I.,
688 2215 978 2275 WOLLZEILE
1021 2216 1061 2276 11

538 2264 757 2324 TELEPHON
790 2267 967 2327 R-23-0-43

335 2407 556 2467 Ausschnitt
583 2407 669 2467 aus:

648 2464 811 2524 PCE
878 2509 1024 2569 PAEE

566 2579 803 2639 LLOKT.
816 2594 894 2654 193

369 2642 528 2702 Arthur
559 2649 801 2709 Schnitzler
831 2654 866 2714 im
914 2658 1038 2718 Krieg

410 2697 428 2757 2
486 2702 608 2762 Deginn
641 2703 698 2763 des
731 2708 936 2768 Weltkriegs
962 2714 1097 2774 wurden
1130 2718 1155 2778 in
1188 2718 1251 2778 Pe¬

367 2744 570 2804 tersburger
620 2747 774 2807 Blättern
834 2755 1032 2815 angebliche
1088 2761 1250 2821 abfällige

364 2789 614 2849 Aeußerungen
641 2791 693 2851 des
720 2795 878 2855 Dichters
901 2798 975 2858 über
997 2801 1146 2861 Tolstoj,
1160 2804 1247 2864 Mae¬

360 2831 527 2891 terlinck,
553 2836 694 2896 Anatole
725 2839 874 2899 France,
896 2843 1128 2903 Shakespeare
1162 2849 1196 2909 u.
1218 2849 1252 2909 a.

360 2876 643 2936 veröffentlicht,
678 2879 749 2939 was
794 2885 987 2945 Schnitzler
1032 2890 1253 2950 veranlaßte,

359 2916 425 2976 sich
461 2921 487 2981 in
519 2921 608 2981 einem
648 2924 839 2984 Schweizer
866 2927 959 2987 Blatt
1004 2932 1106 2992 gegen
1138 2935 1248 2995 solche

360 2965 766 3025 Verhetzungsversuche
799 2971 831 3031 zu
864 2971 1020 3031 wenden,
1058 2976 1110 3036 die
1138 2977 1166 3037 er
1195 2979 1242 3039 als

363 3006 451 3066 „eine
474 3008 677 3068 besondere,
695 3013 757 3073 und
784 3015 961 3075 vielleicht
979 3018 1027 3078 die
1055 3020 1244 3080 widerwär¬

352 3049 460 3109 tigste
492 3055 823 3115 Eigentümlichkeit
855 3059 964 3119 dieses
997 3061 1150 3121 Krieges“
1187 3067 1241 3127 be¬

352 3094 546 3154 zeichnete.
564 3097 594 3157 In
626 3100 741 3160 diesem
785 3100 940 3160 Protest,
963 3106 1020 3166 den
1051 3109 1241 3169 Schnitzier

353 3135 380 3195 im
421 3138 606 3198 Dezember
634 3141 711 3201 1914
738 3145 1001 3205 veröffentlicht
1024 3150 1100 3210 hat,
1119 3153 1227 3213 stehen

349 3178 403 3238 die
440 3183 617 3243 folgenden
658 3187 899 3247 bedeutsamen
940 3192 1062 3252 Sätze:
1099 3195 1158 3255 „Es
1195 3195 1239 3255 ist

350 3225 477 3285 freilich
508 3228 610 3288 etwas
637 3231 857 3291 beschämend
889 3237 942 3297 für
969 3237 1163 3297 jemanden,
1181 3239 1233 3299 der

349 3268 413 3328 sich
456 3271 640 3331 zeitlebens
679 3273 734 3333 vom
790 3276 918 3336 Pathos
953 3279 1008 3339 der
1047 3282 1235 3342 Selbstver¬

350 3315 633 3375 ständlichkeiten
665 3318 796 3378 leidlich
828 3323 1062 3383 fernzuhalten
1094 3326 1228 3386 gewußt

346 3355 424 3415 hat,
441 3356 512 3416 erst
533 3361 769 3421 ausdrücklich
804 3365 994 3425 versichern
1024 3368 1056 3428 zu
1086 3371 1235 3431 müssen,

340 3398 403 3458 daß
435 3399 489 3459 ihm
549 3401 611 3461 das
639 3404 766 3464 Schöne
816 3410 979 3470 jederzeit
1006 3412 1128 3472 schön,
1165 3416 1223 3476 das

349 3443 461 3503 Große
493 3446 654 3506 jederzeit
682 3449 757 3509 groß
794 3452 919 3512 bleiben
956 3455 1032 3515 wird
1077 3455 1090 3515 —
1140 3458 1216 3518 auch

344 3485 429 3545 wenn
464 3488 498 3548 es
524 3491 687 3551 Nationen
722 3494 911 3554 angehört,
941 3500 1019 3560 oder
1049 3501 1220 3561 innerhalb

338 3529 398 3589 von
434 3531 600 3591 Nationen
637 3535 811 3595 geworden
848 3538 908 3598 und
945 3542 1139 3602 gewachsen
1171 3547 1235 3607 ist,

342 3571 406 3631 mit
428 3574 526 3634 denen
556 3577 620 3637 sein
646 3580 830 3640 Vaterland
856 3583 928 3643 eben
959 3585 984 3645 in
1010 3586 1100 3646 einen
1126 3590 1219 3650 Krieg

340 3616 538 3676 verwickelt
560 3620 608 3680 ist
622 3622 679 3682 ...
702 3625 785 3685 Doch
821 3628 940 3688 später
967 3629 1107 3689 einmal.
1130 3635 1217 3695 wenn

335 3659 396 3719 der
418 3661 538 3721 Friede
560 3665 684 3725 wieder
706 3667 745 3727 da
772 3670 834 3730 ist,
852 3671 967 3731 wollen
994 3675 1051 3735 wir
1078 3676 1139 3736 uns
1162 3679 1223 3739 mir

336 3706 600 3766 schmerzlichem
642 3710 787 3770 Staunen
813 3715 990 3775 erinnern,
1007 3718 1065 3778 daß
1094 3720 1127 3780 es
1148 3721 1214 3781 eine

334 3747 406 3807 Zeit
430 3750 511 3810 gab,
530 3750 557 3810 in
585 3750 639 3810 der
662 3753 716 3813 wir
744 3756 903 3816 genötigt
926 3761 1054 3821 waren,
1068 3763 1145 3823 über
1173 3765 1218 3825 die

334 3792 483 3852 Grenzen
518 3795 662 3855 hinüber
692 3799 849 3859 einander
884 3802 930 3862 die
961 3806 1207 3866 Versicherung

331 3834 537 3894 zuzurufen,
555 3838 615 3898 daß
645 3840 705 3900 wir
727 3843 812 3903 zwar
843 3846 933 3906 jeder
959 3849 1058 3909 unser
1084 3852 1221 3912 Heimat

329 3879 456 3939 geliebt
479 3882 606 3942 haben,
620 3885 672 3945 daß
703 3887 760 3947 wir
783 3888 862 3948 aber
880 3893 1029 3953 trotzdem
1069 3897 1214 3957 Gerech¬

334 3923 477 3983 tigkeit,
492 3925 607 3985 Urteil
626 3929 682 3989 und
715 3932 955 3992 Dankbarkeit
979 3938 1118 3998 niemals
1142 3940 1210 4000 ver¬

329 3964 423 4024 lernt
447 3968 595 4028 hatten."

1431 288 1551 348 box
1627 291 1808 351 44/2

1741 1399 2461 1459 OBSERVER

1826 1458 1852 1518 I.
1865 1458 1981 1518 österr.
1995 1455 2146 1515 behördl.
2160 1453 2457 1513 konzessioniertes

1785 1497 2017 1557 Unternehmen
2045 1497 2095 1557 für
2123 1497 2506 1557 Zeitungs-Ausschnitte

1833 1558 1987 1618 WIEN,
2015 1558 2061 1618 I.,
2088 1557 2371 1617 WOLLZEILE
2419 1552 2465 1612 11

1935 1608 2154 1668 TELEPHON
2187 1608 2362 1668 R-23-0-43

1741 1753 1955 1813 Ausschnitt
1978 1755 2120 1815 auSSES
2157 1773 2307 1833 WILXXE
2343 1787 2522 1847 JOUENAS

1982 1922 2065 1982 27
2105 1932 2234 1992 OKT.
2264 1941 2356 2001 137

1746 1979 1847 2039 vom:

1807 2045 1899 2105 uoete
1928 2046 2091 2106 Sandrock
2121 2049 2179 2109 und
2214 2053 2319 2113 Artur
2354 2055 2540 2115 Schnitzler.

1676 2112 1794 2172 „Artur
1823 2115 1983 2175 Schnitzler
2012 2115 2116 2175 lernte
2138 2117 2179 2177 ich
2208 2118 2277 2178 nach
2306 2121 2354 2181 dem
2397 2121 2480 2181 Tode
2509 2124 2607 2184 seines
2635 2124 2747 2184 Vaters

1568 2156 1697 2216 kennen,
1736 2159 1784 2219 als
1823 2160 1860 2220 er
1904 2162 1963 2222 mir
2007 2165 2169 2225 schüchtern
2224 2168 2305 2228 einen
2355 2169 2506 2229 Einakter
2550 2172 2604 2232 zur
2631 2173 2755 2233 Lektüre

1566 2204 1727 2264 brachte",
1745 2207 1860 2267 erzählt
1884 2209 1975 2269 Adele
2005 2211 2166 2271 Sandrock
2190 2213 2213 2273 im
2254 2216 2403 2276 Berliner
2432 2219 2709 2279 „Acht=Uhr=Blat

1570 2254 1633 2314 „An
1668 2254 1719 2314 der
1749 2255 1812 2315 Tür
1842 2258 1922 2318 sagte
1951 2258 2003 2318 er,
2027 2258 2072 2318 als
2102 2261 2136 2321 er
2165 2262 2211 2322 sich
2246 2264 2500 2324 verabschiedete:
2529 2267 2587 2327 „Um
2634 2268 2748 2328 Ge..s

1564 2300 1687 2360 willen,
1706 2300 1793 2360 lassen
1829 2303 1888 2363 Sie
1913 2304 1983 2364 mich
2019 2308 2100 2368 nicht
2125 2310 2196 2370 auch
2226 2312 2384 2372 warten!"
2408 2312 2473 2372 Der
2503 2315 2650 2375 Einakter
2674 2317 2691 2377 h

1566 2347 1899 2407 „Abschiedssouper“.

1674 2399 1719 2459 Am
1759 2404 1877 2464 nächsten
1906 2406 1967 2466 Tag
1996 2407 2053 2467 rief
2076 2409 2115 2469 ich
2144 2410 2295 2470 Schnitzler
2324 2411 2352 2471 an
2386 2413 2443 2473 und
2472 2413 2522 2473 bat
2545 2416 2590 2476 ihn
2624 2416 2652 2476 zu
2681 2413 2753 2473 mir.

1568 2440 1670 2500 „Aber,
1707 2440 1830 2500 Doktor,
1883 2444 1959 2504 sagte
1986 2448 2037 2508 ich,
2073 2449 2155 2509 „was
2182 2449 2249 2509 fällt
2270 2449 2367 2509 Ihnen
2414 2452 2476 2512 ein,
2513 2452 2548 2512 ich
2590 2452 2636 2512 bin
2683 2452 2744 2512 doch

1560 2477 1707 2537 Tragödin
1737 2479 1751 2539 —
1801 2481 1849 2541 wie
1884 2482 1948 2542 kann
1983 2485 2016 2545 ich
2051 2485 2090 2545 ein
2125 2488 2243 2548 Wiener
2273 2488 2420 2548 Flitscherl
2445 2491 2581 2551 spielen!“

1556 2518 1639 2578 sollen
1679 2519 1732 2579 mir
1762 2521 1815 2581 nur
1845 2521 1903 2581 Ihr
1938 2524 2031 2584 Urteil
2061 2526 2159 2586 sagen.
2203 2527 2276 2587 Seit
2301 2527 2379 2587 einem
2424 2527 2521 2587 halben
2556 2530 2653 2590 Jahre
2683 2530 2746 2590 laßt

1563 2552 1624 2612 mich
1654 2556 1844 2616 Blumenthal
1868 2559 1916 2619 vom
1954 2561 2092 2621 Berliner
2117 2565 2364 2625 Lessing=Theater
2394 2568 2441 2628 auf
2465 2568 2598 2628 Antwort
2623 2570 2747 2630 warten.

1552 2594 1670 2654 Warten
1700 2595 1730 2655 ist
1750 2597 1794 2657 für
1819 2598 1893 2658 einen
1929 2601 2126 2661 Schriftsteller
2151 2604 2264 2664 tödlich.

1651 2632 1690 2692 Am
1737 2637 1852 2697 nächsten
1887 2639 1962 2699 Tage
1991 2639 2101 2699 brachte
2130 2642 2158 2702 er
2188 2643 2245 2703 mir
2274 2644 2320 2704 sein
2355 2646 2442 2706 Stück
2465 2646 2545 2706 „Das
2575 2646 2747 2706 Märchen.

1562 2670 1606 2730 Ich
1636 2673 1733 2733 spielte
1759 2674 1788 2734 es
1837 2676 1861 2736 im
1906 2678 2053 2738 Deutschen
2087 2680 2308 2740 Volkstheater,
2347 2685 2387 2745 wo
2417 2685 2450 2745 ich
2480 2685 2509 2745 es
2539 2685 2583 2745 bei
2608 2685 2745 2745 Direktor

1552 2710 1694 2770 Bukovics
1724 2715 1900 2775 durchgesetzt
1930 2718 2023 2778 hatte.
2048 2718 2107 2778 Der
2137 2723 2234 2783 Erfolg
2269 2721 2328 2781 war
2358 2723 2470 2783 mäßig.

1667 2749 1745 2809 Stets
1770 2753 1814 2813 lag
1844 2753 1908 2813 aber
1933 2756 1982 2816 dem
2021 2757 2134 2817 Dichter
2160 2759 2208 2819 das
2238 2762 2523 2822 „Abschiedssouper“
2549 2762 2582 2822 am
2622 2765 2744 2825 Herzen,

1553 2787 1609 2847 und
1637 2789 1707 2849 weil
1730 2792 1758 2852 er
1786 2792 1828 2852 bei
1856 2792 1893 2852 all
1921 2795 2009 2855 seinen
2042 2798 2177 2858 Besuchen
2210 2798 2312 2858 immer
2340 2800 2447 2860 darauf
2471 2801 2643 2861 zurückkam,
2666 2803 2740 2863 sagte

1549 2825 1587 2885 ich
1626 2829 1668 2889 ihm
1717 2831 1879 2891 schließlich:
1913 2834 2013 2894 „Also,
2037 2835 2089 2895 zum
2138 2837 2376 2897 Donnerwetter,
2406 2840 2477 2900 dann
2516 2840 2606 2900 werde
2640 2840 2673 2900 ich
2712 2838 2740 2898 es

1553 2867 1650 2927 spielen
1681 2865 1691 2925 —
1733 2869 1795 2929 Ihr
1816 2872 2099 2932 „Abschiedssouper“
2131 2876 2217 2936 hängt
2239 2876 2295 2936 mir
2317 2876 2388 2936 schon
2420 2878 2465 2938 zum
2503 2878 2574 2938 Hals
2600 2878 2703 2938 heraus

1549 2906 1583 2966 Im
1628 2906 1741 2966 Wiener
1766 2909 1958 2969 Sophiensaal
1983 2912 2080 2972 spielte
2101 2913 2134 2973 ich
2165 2915 2233 2975 dann
2268 2915 2292 2975 in
2322 2916 2396 2976 einer
2421 2915 2554 2975 Matinee
2579 2918 2618 2978 die
2643 2918 2736 2978 Annie

1549 2941 1574 3001 im
1611 2947 1910 3007 „Abschiedssouper“.
1932 2950 1988 3010 Der
2009 2950 2107 3010 Erfolg
2133 2953 2195 3013 war
2216 2955 2288 3015 ganz
2309 2958 2391 3018 groß.
2413 2956 2593 3016 Schildkraut
2615 2956 2660 3016 gab
2687 2956 2733 3016 den

1551 2983 1679 3043 Kellner.
1699 2985 1752 3045 Die
1778 2986 1871 3046 Presse
1902 2987 1960 3047 war
1985 2991 2117 3051 herzlich.

1661 3023 1777 3083 Darauf
1804 3025 1845 3085 kam
1883 3028 2041 3088 „Liebelei"
2073 3029 2094 3089 im
2136 3031 2332 3091 Burgtheater
2359 3032 2458 3092 heraus
2496 3027 2506 3087 —
2554 3031 2590 3091 ich
2617 3034 2733 3094 kreierte

1543 3059 1590 3119 die
1617 3063 1774 3123 Christine.
1796 3065 1848 3125 Die
1881 3067 1969 3127 beiden
2007 3068 2085 3128 ersten
2123 3068 2191 3128 Akte
2218 3072 2296 3132 fielen
2334 3072 2476 3132 sozufagen
2508 3071 2555 3131 ab.
2576 3072 2728 3132 Schnitzler

1542 3098 1596 3158 lief
1626 3101 1718 3161 hinter
1748 3101 1796 3161 der
1826 3103 1920 3163 Szene
1950 3106 2062 3166 traurig
2097 3109 2209 3169 umher.
2235 3109 2283 3169 Ich
2318 3109 2401 3169 selbst
2426 3109 2485 3169 war
2519 3110 2592 3170 nicht
2622 3112 2730 3172 minder

1542 3138 1675 3198 verstört,
1704 3141 1766 3201 aber
1795 3141 1914 3201 plötzlich
1948 3144 1995 3204 kam
2039 3146 2110 3206 mir,
2135 3147 2177 3207 als
2211 3147 2244 3207 ich
2278 3147 2330 3207 auf
2355 3148 2402 3208 der
2431 3149 2536 3209 Bühne
2560 3150 2655 3210 stand,
2680 3150 2727 3210 der

1538 3177 1667 3237 Einfall,
1706 3180 1753 3240 den
1787 3182 1888 3242 großen
1927 3183 2070 3243 Ausbruch
2118 3186 2170 3246 der
2200 3188 2338 3248 Christine
2387 3186 2416 3246 im
2459 3188 2545 3248 letzten
2579 3188 2631 3248 Akt
2661 3189 2732 3249 ohne

1540 3217 1652 3277 jegliche
1677 3219 1858 3279 Bewegung,
1878 3222 1927 3282 auf
1952 3222 2025 3282 einem
2070 3225 2148 3285 Fleck
2168 3225 2290 3285 stehend,
2310 3226 2334 3286 in
2370 3225 2482 3285 höchster
2507 3225 2722 3285 Erschütterung

1538 3258 1562 3318 zu
1596 3258 1715 3318 spielen.
1739 3258 1806 3318 Nach
1840 3259 1883 3319 dem
1926 3261 2022 3321 Fallen
2056 3263 2104 3323 des
2133 3264 2305 3324 Vorhanges
2334 3264 2396 3324 war
2426 3264 2468 3324 der
2498 3267 2588 3327 Jubel
2613 3267 2732 3327 enorm.

1546 3295 1601 3355 Von
1634 3294 1662 3354 da
1695 3296 1727 3356 ab
1760 3297 1815 3357 war
1844 3300 1997 3360 Schnitzler
2026 3300 2072 3360 der
2100 3303 2184 3363 große
2217 3303 2375 3363 Mann...

1651 3331 1708 3391 Bei
1737 3335 1774 3395 all
1799 3336 1908 3396 meinen
1942 3338 2114 3398 Gastspielen
2167 3340 2195 3400 in
2229 3341 2396 3401 Oesterreich
2449 3341 2501 3401 und
2535 3344 2721 3404 Deutschland

1538 3374 1633 3434 spielte
1657 3374 1695 3434 ich
1724 3374 1824 3434 immer
1849 3376 1882 3436 an
1916 3377 1992 3437 einem
2030 3377 2126 3437 Abend
2160 3380 2317 3440 „Liebelei“
2346 3380 2398 3440 und
2428 3381 2676 3441 „Abschiedssoupe

1535 3408 1619 3468 Viele
1641 3413 1819 3473 Kolleginnen
1852 3413 1930 3473 haben
1957 3416 1983 3476 es
2010 3416 2062 3476 mir
2084 3418 2295 3478 nachgemacht.
2311 3419 2458 3479 Schnitzler
2480 3422 2553 3482 sagte
2580 3422 2632 3482 mir
2654 3422 2685 3482 al
2701 3422 2722 3482 r

1534 3452 1577 3512 oft
1601 3449 1653 3509 und
1683 3451 1740 3511 oft:
1764 3452 1865 3512 „Keine
1890 3452 1942 3512 hat
1966 3454 2019 3514 dich
2048 3455 2225 3515 erreicht...

1653 3486 1707 3546 Das
1738 3491 1873 3551 letztemal
1904 3491 1944 3551 sah
1975 3491 2014 3551 ich
2045 3493 2140 3553 Artur
2171 3494 2321 3554 Schnitzler
2352 3496 2397 3556 bei
2428 3497 2533 3557 meinem
2579 3500 2719 3560 Gastspiel

1534 3523 1556 3583 in
1590 3526 1668 3586 Wien
1701 3528 1724 3588 im
1761 3530 1956 3590 vergangenen
1984 3531 2063 3591 Mai.
2087 3530 2123 3590 Er
2152 3533 2193 3593 saß
2222 3534 2249 3594 in
2278 3533 2324 3593 der
2347 3535 2430 3595 ersten
2459 3535 2653 3595 Parkettreihe
2677 3536 2704 3596 im

1531 3565 1678 3625 Deutschen
1717 3569 1927 3629 Volkstheater.
1972 3568 2020 3628 Ich
2055 3569 2153 3629 spielte
2183 3571 2207 3631 in
2247 3572 2442 3632 „Bunbury".
2487 3575 2638 3635 Schnitzler
2668 3576 2692 3636 sa

1531 3603 1645 3663 traurig
1671 3606 1721 3666 und
1746 3607 1861 3667 gealtert
1882 3607 1947 3667 aus.
1962 3610 2218 3670 Schicksalsschläge
2239 3613 2334 3673 mögen
2359 3615 2404 3675 ihn
2430 3616 2570 3676 gebrochen
2595 3616 2680 3676 haben
