3344 4352
1380 330 1515 390 box
1595 333 1786 393 43/2

296 334 887 394 Schnitzler's
950 336 1179 396 Deatl

333 1159 1057 1219 OBSERVER

429 1237 457 1297 I.
472 1237 591 1297 österr.
606 1237 755 1297 behördl.
770 1238 1062 1298 konzessioniertes

382 1278 622 1338 Unternehmen
652 1279 699 1339 für
724 1282 1114 1342 Zeitungs-Ausschnitte

437 1337 589 1397 WIEN,
618 1340 666 1400 I.,
687 1342 979 1402 WOLLZEILE
1021 1342 1069 1402 11

527 1389 746 1449 TELEPHON
787 1390 966 1450 R-23-0-43

330 1533 554 1593 Ausschnitt
585 1530 676 1590 aus:

413 1646 766 1706 Xattowitzer
821 1646 1035 1706 Zeitung

334 1756 448 1816 vom:

642 1759 1002 1819 24.10.1931.

1466 1882 1530 1942 Die
1557 1882 1680 1942 Heimat
1707 1885 1797 1945 seines
1824 1882 1935 1942 Geistes
1968 1882 2026 1942 und
2053 1882 2150 1942 seines
2176 1881 2306 1941 Herzens
2333 1881 2398 1941 war
2425 1882 2476 1942 das
2503 1882 2567 1942 alte
2594 1882 2782 1942 öffentliches
2809 1882 2965 1942 Auftreten
2998 1882 3095 1942 nicht,
3109 1882 3173 1942 war
3200 1882 3258 1942 fast
3278 1882 3303 1942 in

1389 1921 1587 1981 Oesterreich,
1604 1922 1659 1982 wie
1687 1921 1803 1981 Werfel
1820 1921 1847 1981 es
1876 1921 1897 1981 in
1931 1921 2019 1981 seinem
2058 1921 2190 1981 Nachruf
2213 1923 2401 1983 umschrieben
2429 1921 2495 1981 hat,
2512 1921 2561 1981 das
2595 1921 2683 1981 hatte
2706 1921 2766 1981 auch
2789 1921 2865 1981 keine
2888 1921 3081 1981 geschwätzige
3104 1920 3297 1980 Sekretärin,

425 1941 646 2001 Arthur
700 1938 1012 1998 Schnitzler

1391 1960 1484 2020 Feld,
1501 1959 1555 2019 das
1583 1959 1610 2019 er
1633 1959 1776 2019 bestellte,
1794 1960 1859 2020 war
1882 1959 1931 2019 das
1965 1960 2047 2020 weite
2075 1961 2152 2021 Land
2180 1959 2229 2019 der
2257 1959 2362 2019 Seele.
2396 1959 2439 2019 In
2468 1957 2550 2017 jenem
2600 1959 2716 2019 Lebens
2749 1959 2986 2019 ausplauderte.
3031 1959 3223 2019 Bescheiden.
3257 1961 3284 2021 gü

472 2001 531 2061 „Es
558 2000 624 2060 geht
645 2000 699 2060 mit
719 1998 765 2058 ihm
806 1998 845 2058 ein
880 1995 986 2055 großer
1014 1995 1174 2055 Künstler,
1195 1993 1234 2053 ein
1262 1992 1361 2052 reinen

1388 1998 1567 2058 Oesterreich
1599 1999 1727 2059 wurzeln
1758 1998 1814 2058 alle
1840 1998 1917 2058 seine
1943 1998 2092 2058 Menschen
2128 1998 2179 2058 und
2211 1998 2256 2058 die
2283 2000 2421 2060 tragische
2447 1997 2565 2057 Inner=
2586 1996 2770 2056 anmutvoll
2797 1997 2847 2057 und
2874 1997 3012 2057 ironisch,
3033 1996 3043 2056 —
3090 1997 3290 2057 österreichisch

406 2039 513 2099 Geist,
542 2039 603 2099 eine
632 2037 757 2097 sittliche
786 2037 882 2097 Kraft
916 2035 1000 2095 hoher
1035 2034 1295 2094 Verantwortung
1335 2034 1357 2094 in

1387 2039 1592 2099 gesetzlichkeit
1621 2038 1860 2098 österreichischen
1898 2037 2142 2097 todgezeichneten
2181 2037 2295 2097 Lebens
2329 2037 2362 2097 ist
2391 2037 2439 2097 die
2473 2037 2568 2097 tiefste

2669 2039 2712 2099 Zu
2741 2040 2829 2100 seinem
2869 2037 2918 2097 60.
2935 2037 3129 2097 Geburtstag
3157 2037 3206 2097 hat
3251 2039 3290 2099 sei

402 2081 451 2141 die
480 2078 711 2138 Weltgeschichte
745 2078 805 2138 ein.
867 2077 1010 2137 Zugleich
1044 2076 1115 2136 aber
1143 2073 1358 2133 verschwindet
1387 2077 1513 2137 Wurzel
1542 2076 1596 2136 von
1624 2076 1801 2136 Schnitzlers
1835 2076 2028 2136 dichterischem
2067 2076 2299 2136 Pessimismus.
2338 2076 2415 2136 Drei
2443 2076 2564 2136 Motive
2598 2078 2774 2138 mannstal,
2792 2079 2846 2139 nun
2880 2079 2940 2139 auch
2969 2079 3040 2139 schon
3074 2082 3156 2142 dahin
3184 2083 3294 2143 gegang

406 2121 468 2181 mit
497 2120 592 2180 seinem
638 2118 755 2178 schönen
812 2118 874 2178 und
925 2118 1015 2178 lieben
1055 2117 1173 2177 Antlitz
1202 2116 1246 2176 der
1281 2116 1359 2176 letzte
1393 2116 1495 2176 kehren
1524 2118 1551 2178 in
1580 2117 1670 2177 seinem
1716 2116 1799 2176 Werk
1828 2118 1935 2178 immer
1964 2115 2093 2175 wieder:
2133 2115 2194 2175 Der
2217 2117 2279 2177 Tod
2313 2116 2363 2176 und
2398 2115 2437 2175 die
2466 2116 2555 2176 Liebe

2600 2121 2695 2181 Zeilen
2728 2121 2901 2181 gewidmet,
2921 2124 2966 2184 die
2986 2122 3069 2182 Form
3108 2121 3164 2181 und
3192 2122 3293 2182 Gehal

412 2161 520 2221 Schein
554 2159 676 2219 unserer
706 2156 882 2216 verlorenen
912 2158 1054 2218 Heimat,
1074 2156 1123 2216 der
1148 2156 1290 2216 Abglanz
1315 2152 1358 2212 des

2587 2160 2655 2220 voll
2673 2160 2852 2220 umreißen:

410 2199 487 2259 alten
529 2201 714 2261 Oestereich,
746 2198 772 2258 in
808 2199 895 2259 tiefer
932 2197 1045 2257 Nacht.
1088 2195 1149 2255 Ein
1191 2195 1273 2255 Reich
1315 2194 1361 2254 der

2666 2210 2875 2270 „Schnitzlers
2900 2210 3125 2270 Theaterstücke
3142 2212 3206 2272 sind
3231 2210 3310 2270 vollt

412 2240 527 2300 Freude
557 2240 612 2300 und
644 2238 693 2298 der
724 2240 940 2300 Traurigkeit,
961 2237 1011 2297 des
1041 2237 1192 2297 Genusses
1228 2234 1283 2294 und
1314 2233 1358 2293 der

2589 2250 2682 2310 baut,
2703 2252 2735 2312 um
2769 2254 2801 2314 zu
2830 2252 2942 2312 fesseln,
2963 2253 2988 2313 zu
3016 2252 3229 2312 beschäftigen,
3249 2255 3275 2315 zu

413 2282 552 2342 Jugend,
573 2282 608 2342 ein
640 2280 727 2340 Reich
753 2279 799 2339 der
820 2279 1047 2339 Verfeinerung
1079 2279 1130 2339 und
1156 2277 1202 2337 des
1228 2276 1357 2336 Wissens

2590 2289 2689 2349 Weise
2712 2292 2740 2352 zu
2762 2291 2973 2351 überraschen;
2990 2293 3029 2353 sie
3052 2292 3095 2352 tun
3123 2294 3173 2354 dem
3213 2294 3295 2354 Auge

409 2324 446 2384 um
494 2324 547 2384 das
584 2321 684 2381 Ende.
733 2319 811 2379 Eine
849 2321 976 2381 wirklich
1014 2318 1162 2378 herznahe
1189 2315 1273 2375 Welt
1306 2317 1369 2377 voll

2590 2333 2657 2393 noch
2683 2333 2873 2393 nachträglich
2900 2333 2951 2393 das
2978 2333 3091 2393 Gemüt
3112 2334 3189 2394 und,
3210 2333 3287 2393 die(

409 2362 642 2422 Landschaften,
663 2359 824 2419 Klängen,
845 2359 990 2419 Worten,
1011 2357 1187 2417 Gesichten,
1208 2355 1275 2415 holb
1307 2355 1363 2415 und

2590 2374 2659 2434 ihre
2682 2374 2844 2434 Handlung
2872 2372 2926 2432 und
2959 2373 3002 2433 ihr
3025 2374 3138 2434 Dialog
3166 2374 3301 2434 beschwir

402 2404 687 2464 unwiederholbar,
717 2401 794 2461 folgt
823 2399 906 2459 ihrem
958 2398 1103 2458 Meister.
1149 2396 1210 2456 Ein
1250 2395 1355 2455 großes

2588 2414 2639 2474 die
2662 2416 2843 2476 Charaktere
2867 2416 2923 2476 sind
2953 2416 3111 2476 vorzüglich
3141 2416 3282 2476 erfunden

405 2443 564 2503 Zeitalter
596 2443 690 2503 dieser
723 2441 823 2501 Stadt
855 2440 929 2500 sinkt
956 2440 1013 2500 mit
1046 2439 1162 2499 Arthur
1194 2437 1363 2497 Schnitzler

2589 2457 2650 2517 und
2677 2455 2776 2515 dienen
2807 2456 2869 2516 doch
2896 2456 2952 2516 nur
2979 2455 3025 2515 dem
3067 2456 3207 2516 Ganzen.

410 2484 458 2544 ins
485 2483 594 2543 Grab,
616 2483 648 2543 um
692 2482 719 2542 in
752 2482 844 2542 seinem
888 2479 1100 2539 unsterblichen
1133 2476 1236 2536 Werke
1263 2478 1344 2538 weite

2591 2497 2642 2557 der
2666 2497 2775 2557 Bühne
2799 2497 2886 2557 sieht,
2904 2497 2955 2557 hat
2979 2497 3042 2557 man
3072 2497 3123 2557 das
3153 2497 3285 2557 Gefühl:

1060 2519 1169 2579 Franz
1193 2518 1314 2578 Werfel

415 2526 442 2586 zu
471 2524 576 2584 leben.

2590 2541 2658 2601 hat,
2681 2538 2714 2598 ist
2738 2538 2788 2598 auf
2812 2538 2856 2598 den
2891 2538 3032 2598 Brettern
3067 2539 3094 2599 zu
3123 2538 3220 2598 Hause
3249 2538 3299 2598 und

252 2565 381 2625 Arthur
414 2562 580 2622 Schnitzler
608 2562 645 2622 ist
689 2562 774 2622 einen
829 2562 973 2622 einsamen
1006 2559 1070 2619 Tod
1103 2559 1270 2619 gestorben,
1314 2555 1356 2615 die

2588 2584 2670 2644 geiz,
2687 2578 2731 2638 als
2748 2577 2830 2637 durch
2853 2577 2902 2637 das
2931 2577 3058 2637 Theater
3081 2578 3108 2638 zu
3136 2577 3257 2637 wirken.

174 2604 548 2664 Nachkriegsgeneration
580 2601 632 2661 hat
665 2601 738 2661 nicht
771 2601 855 2661 mehr
887 2601 944 2661 viel
971 2598 1023 2658 von
1056 2599 1103 2659 ihm
1151 2598 1283 2658 gewußt,
1310 2598 1362 2658 wie

2668 2619 2851 2679 Schnitzlers
2875 2619 3087 2679 Erzählungen
3118 2619 3176 2679 sind
3206 2618 3282 2678 leben

181 2647 252 2707 auch
294 2645 325 2705 er
361 2645 407 2705 bei
444 2643 520 2703 aller
557 2643 731 2703 lebendigen
773 2642 994 2702 Anteilnahme
1030 2640 1066 2700 am
1113 2638 1354 2698 gegenwärtiger

2592 2660 2702 2720 immer
2727 2661 2776 2721 das
2801 2661 2899 2721 nötige
2918 2661 3041 2721 Detail,
3061 2660 3127 2720 aber
3147 2661 3195 2721 nie
3221 2661 3300 2721 zuvi¬

180 2688 401 2748 Zeitgeschehen
434 2683 481 2743 ihr
508 2682 650 2742 innerlich
682 2682 777 2742 fremd
804 2681 888 2741 war,
904 2678 914 2738 —
962 2678 1004 2738 die
1031 2679 1163 2739 Theater
1190 2679 1279 2739 haben
1311 2677 1358 2737 ihn

2583 2706 2679 2766 logie,
2702 2702 2770 2762 aber
2787 2703 2833 2763 die
2856 2700 3049 2760 Psychologie
3073 2700 3152 2760 dient
3182 2700 3238 2760 nur
3261 2698 3289 2758 da

185 2727 257 2787 kaum
309 2727 370 2787 noch
407 2726 545 2786 gespielt,
577 2724 633 2784 nur
670 2723 716 2783 die
752 2721 959 2781 Prosabücher
995 2718 1087 2778 seiner
1124 2719 1222 2779 letzten
1258 2719 1366 2779 Jahre

2581 2744 2618 2804 in
2645 2743 2724 2803 einem
2762 2741 2916 2801 reizenden
2949 2741 3118 2801 Rhythmus
3146 2741 3214 2801 bald
3241 2742 3267 2802 zu

184 2765 276 2825 haben
316 2765 340 2825 im
390 2765 482 2825 Kreis
517 2762 609 2822 seiner
644 2761 717 2821 alten
757 2762 913 2822 Verehrer
948 2759 1011 2819 noch
1046 2759 1158 2819 immer
1192 2756 1358 2816 andächtige

2596 2783 2792 2843 schleunigen,
2808 2783 2839 2843 sie
2861 2781 2956 2841 stecken
2983 2780 3046 2840 voll
3063 2780 3290 2840 Beobachtung,

182 2805 268 2865 Leser
301 2806 446 2866 gefunden
484 2803 537 2863 und
577 2801 619 2861 die
652 2801 781 2861 Novelle
814 2801 976 2861 „Fräulein
1009 2798 1094 2858 Else"
1133 2798 1197 2858 war
1230 2798 1283 2858 vor
1311 2796 1353 2856 eir

2583 2825 2627 2885 ist
2651 2824 2696 2884 dem
2737 2822 2919 2882 eigentlichen
2948 2823 3022 2883 Reiz
3046 2822 3096 2882 der
3120 2822 3296 2882 Erzählung

180 2849 262 2909 paar
293 2846 412 2906 Jahren
454 2845 520 2905 noch
557 2843 675 2903 einmal
707 2843 747 2903 ein
784 2843 897 2903 großer
929 2840 1130 2900 Bucherfolg.
1172 2839 1218 2899 Zu
1254 2837 1346 2897 seinem

2587 2864 2646 2924 das
2674 2864 2798 2924 Gefühl,
2816 2864 2864 2924 daß
2897 2863 2929 2923 sie
2952 2863 3005 2923 von
3039 2861 3114 2921 einem
3158 2862 3256 2922 Mann

181 2890 230 2950 70.
256 2887 467 2947 Geburtstag,
488 2886 538 2946 den
568 2883 598 2943 er
629 2883 653 2943 im
694 2882 825 2942 nächsten
855 2882 955 2942 Jahre
981 2881 1107 2941 gefeiert
1138 2879 1227 2939 hätte,
1253 2879 1363 2939 hätten,

2587 2906 2708 2966 Talent
2732 2906 2777 2966 das
2807 2905 2922 2965 Talent
2946 2903 2992 2963 des
3021 2903 3183 2963 Erzählers
3212 2903 3293 2963 kurze

178 2927 239 2987 wie
271 2927 322 2987 das
353 2927 378 2987 so
411 2928 441 2988 zu
472 2926 528 2986 sein
560 2924 668 2984 pflegt,
710 2924 776 2984 auch
813 2922 858 2982 die
885 2922 1014 2982 Bühnen
1050 2921 1096 2981 sich
1128 2921 1220 2981 seiner
1252 2918 1359 2978 wieder

2590 2945 2700 3005 langer
2723 2945 2927 3005 Erzählungen
2962 2944 3011 3004 ist.
3062 2944 3105 3004 In
3139 2944 3233 3004 beiden
3267 2942 3277 3002 F

172 2967 333 3027 erinnert,
359 2965 425 3025 aber
455 2965 480 3025 es
517 2963 597 3023 wäre
623 2964 699 3024 dann
740 2963 795 3023 nur
826 2962 887 3022 noch
918 2959 1079 3019 deutlicher
1110 2959 1287 3019 geworden,
1308 2960 1358 3020 daß

2590 2990 2735 3050 zählung,
2752 2986 2784 3046 ist
2801 2986 2833 3046 er
2855 2984 2996 3044 durchaus
3029 2984 3066 3044 ein
3094 2983 3251 3043 Künstler,
3267 2984 3299 3044 un

180 3008 255 3068 diese
286 3008 355 3068 Zeit
387 3004 467 3064 nicht
498 3005 579 3065 mehr
615 3004 690 3064 seine
726 3004 796 3064 Zeit
827 3004 867 3064 ist
898 3004 952 3064 und
989 3001 1059 3061 daß,
1085 3001 1150 3061 was
1186 2998 1216 3058 an
1257 2999 1347 3059 seinem

2582 3028 2646 3088 an.
2680 3028 2723 3088 Es
2750 3028 2783 3088 ist
2805 3027 2848 3087 ein
2876 3025 3088 3085 erstaunlicher
3111 3026 3268 3086 Gedanke,
3280 3025 3290 3085 d

180 3044 274 3104 Werk
295 3046 525 3106 unvergänglich
556 3043 711 3103 erscheint,
732 3043 787 3103 erst
812 3043 892 3103 einer
918 3042 1048 3102 späteren
1079 3040 1234 3100 geruhiger
1264 3036 1359 3096 leben¬

2588 3070 2642 3130 dem
2682 3067 2764 3127 Leben
2798 3067 2875 3127 einer
2898 3067 3074 3127 erfundenen
3108 3064 3202 3124 Figur
3230 3067 3285 3127 „An

176 3087 229 3147 den
264 3088 455 3148 Generation
490 3084 597 3144 wieder
627 3085 750 3145 bewußt
780 3085 893 3145 werden
927 3082 1020 3142 wird.
1060 3080 1148 3140 Denn
1183 3079 1270 3139 dieses
1305 3079 1354 3139 sein

2594 3109 2623 3169 in
2647 3109 2765 3169 Europa
2790 3109 2842 3169 und
2867 3107 2937 3167 über
2956 3108 3080 3168 Europa
3104 3108 3216 3168 hinaus
3241 3107 3287 3167 gel

180 3126 274 3186 Werk
305 3126 345 3186 ist
376 3126 431 3186 auf
462 3125 537 3185 stille
568 3124 753 3184 Wirkungen
794 3124 925 3184 gestellt:
971 3121 1086 3181 Voller
1117 3121 1363 3181 österreichischer

2590 3148 2675 3208 ihrer
2701 3149 2761 3209 Art
2782 3147 2974 3207 vollkommen
3010 3147 3080 3207 reife
3106 3147 3161 3207 und
3192 3147 3292 3207 meiste

183 3166 384 3226 Schwermut
409 3165 467 3225 und
492 3165 629 3225 Anmut,
649 3164 732 3224 weich
762 3164 942 3224 zerfließend
972 3162 1104 3222 zwischen
1139 3161 1222 3221 leisem
1267 3159 1349 3219 Spot

1393 3174 1446 3234 das
1474 3174 1670 3234 Todesahnen
1704 3173 1724 3233 im
1765 3172 1947 3232 Augenblick
1969 3171 2015 3231 des
2043 3171 2164 3231 höchsten
2192 3171 2448 3231 Lebensgefühls,
2469 3171 2476 3231 —
2524 3178 2564 3238 die
2598 3190 2679 3250 tum"
2707 3189 2754 3249 das
2782 3189 2848 3249 erste
2870 3188 2983 3248 waren,
3005 3186 3106 3246 womit
3127 3186 3153 3246 er
3174 3186 3221 3246 por
3249 3188 3268 3248 so

185 3207 245 3267 und
273 3209 483 3269 schmerzlicher
511 3205 771 3265 Resignationen,
793 3204 987 3264 ausgewogen
1020 3201 1075 3261 und
1103 3201 1236 3261 ziseliert
1258 3200 1280 3260 in
1314 3198 1363 3258 der

1383 3216 1588 3276 schmerzvolle
1612 3213 1736 3273 Einsicht
1765 3212 1789 3272 in
1819 3211 1866 3271 die
1890 3213 1957 3273 tiefe
1986 3213 2182 3273 Ansicherheit
2206 3213 2254 3273 der
2283 3213 2478 3273 menschlichen
2512 3212 2569 3272 Be¬

2663 3223 2729 3283 Ihm
2768 3228 2829 3288 sind
2858 3228 2913 3288 alle
2935 3228 3152 3288 Instrumente
3197 3230 3224 3290 zu
3253 3228 3269 3288 D

182 3249 267 3309 Form

1384 3255 1570 3315 ziehungen,
1595 3254 1620 3314 in
1656 3252 1700 3312 die
1732 3252 1983 3312 Unmöglichkeit,
2004 3252 2049 3312 die
2075 3252 2170 3312 Ferne
2201 3252 2326 3312 zwischen
2362 3252 2478 3312 Mensch
2509 3252 2563 3312 und

2593 3273 2676 3333 einem
2715 3270 2886 3330 erfahrenen
2914 3270 2969 3330 und
2997 3269 3058 3329 sehr
3086 3270 3279 3330 nachdenklich

251 3288 426 3348 Schnitzler
460 3285 499 3345 ist
528 3285 567 3345 ein
607 3285 759 3345 unendlich
788 3282 906 3342 feiner,
929 3282 1103 3342 zuchtvoller
1138 3282 1301 3342 Erzähler,

1384 3291 1507 3351 Mensch
1533 3294 1558 3354 zu
1590 3291 1801 3351 überbrücken,
1822 3291 1832 3351 —
1884 3290 1940 3350 und
1966 3291 2120 3351 schließlich
2151 3288 2203 3348 der
2224 3291 2347 3351 Glaube
2373 3291 2404 3351 an
2435 3292 2537 3352 geheim

2587 3315 2671 3375 gibt,
2692 3312 2724 3372 um
2762 3312 2846 3372 selbst
2868 3312 2915 3372 den
2947 3312 3095 3372 scheinbar
3122 3314 3297 3374 unergiebig

178 3327 237 3387 und
273 3326 313 3386 wo
344 3326 374 3386 er
405 3326 551 3386 Stellung
582 3326 713 3386 nimmt,
734 3323 818 3383 mehr
850 3322 1026 3382 grüblerisch
1057 3322 1187 3382 schlicht,
1209 3322 1274 3382 klug
1304 3321 1359 3381 und

1388 3330 1524 3390 nisvolle
1550 3329 1767 3389 Verknüpfung
1798 3329 1995 3389 menschlicher
2021 3329 2182 3389 Schicksale,

2592 3355 2644 3415 gen
2671 3353 2724 3413 und
2751 3353 2798 3413 der
2826 3350 2963 3410 Materie
2985 3350 3064 3410 ihren
3096 3350 3212 3410 inneren
3245 3353 3286 3413 Re

184 3368 299 3428 gerecht
324 3366 370 3426 als
405 3365 642 3425 leidenschaftlich
678 3362 823 3422 ergriffen
860 3362 914 3422 und
945 3362 1131 3422 ergreifend,
1157 3361 1238 3421 mehr
1268 3357 1363 3417 gütig¬

1462 3370 1618 3430 Schnitzler
1638 3368 1703 3428 war
1719 3368 1840 3428 Dichter
1860 3368 1915 3428 und
1941 3367 2027 3427 Arzt:
2048 3365 2143 3425 Seine
2164 3368 2426 3428 militärärztliche
2447 3368 2562 3428 Charge

2596 3395 2681 3455 davon
2712 3393 2873 3453 gebraucht
2893 3393 2923 3453 er
2955 3392 3010 3452 mit
3030 3395 3176 3455 größerer
3207 3392 3262 3452 und

175 3409 355 3469 verzeihend
390 3407 440 3467 als
474 3404 902 3464 fanatisch=weltverändernd
943 3401 998 3461 und
1033 3401 1139 3461 immer
1180 3399 1218 3459 ein
1259 3401 1354 3461 wenig
1389 3406 1445 3466 hat
1468 3409 1501 3469 er
1530 3410 1626 3470 wegen
1660 3408 1710 3468 der
1739 3407 1868 3467 Novelle
1897 3407 2049 3467 Leutnant
2078 3404 2179 3464 Gustel
2208 3405 2365 3465 verloren,
2388 3407 2461 3467 aber
2484 3407 2562 3467 seine

1385 3449 1522 3509 ärztliche
1551 3448 1666 3508 Praxis
1700 3446 1749 3506 hat
1777 3446 1804 3506 er
1838 3446 1986 3506 eigentlich
2020 3446 2069 3506 nie
2097 3446 2295 3506 aufgegeben,
2318 3446 2372 3506 und
2406 3446 2433 3506 in
2467 3446 2560 3506 seiner
2599 3438 2642 3498 die
2665 3434 2791 3494 Ironie.
2825 3434 2869 3494 Je
2886 3434 2996 3494 kühner
3018 3434 3045 3494 er
3068 3434 3139 3494 diese
3162 3434 3288 3494 anwend

175 3449 333 3509 verspielt.
377 3449 424 3509 Im
469 3446 637 3506 Formalen
676 3444 723 3504 der
763 3443 974 3503 dramatischen
1018 3443 1143 3503 Technik
1172 3440 1225 3500 von
1264 3440 1355 3500 Ibser

1385 3485 1465 3545 Art,
1476 3487 1729 3547 Seelenzustände
1751 3486 1778 3546 zu
1800 3485 1935 3545 schildern
1962 3485 2015 3545 und
2043 3485 2069 3545 zu
2092 3485 2259 3545 ergründen
2286 3483 2318 3543 ist
2340 3483 2447 3543 immer
2470 3485 2561 3545 etwas
2600 3479 2653 3539 und
2681 3476 2750 3536 seine
2778 3475 2896 3535 Motive
2918 3473 2977 3533 mit
2994 3473 3036 3533 ihr
3064 3473 3085 3533 in
3113 3474 3155 3534 die
3177 3475 3257 3535 Enge

175 3491 366 3551 beeinflußt,
392 3489 417 3549 im
465 3486 542 3546 Stil
589 3486 686 3546 seiner
739 3485 888 3545 mitunter
925 3485 971 3545 bis
1008 3483 1038 3543 an
1075 3482 1121 3542 die
1153 3480 1276 3540 Grenze
1308 3479 1354 3539 de¬

1387 3525 1631 3585 sezierererisches
1656 3524 1802 3584 gewesen.
1842 3523 1906 3583 Der
1931 3523 2165 3583 Psychoanalyse
2190 3520 2258 3580 aber
2283 3521 2337 3581 hat
2362 3523 2410 3583 er,
2425 3523 2562 3583 genialer
2597 3516 2851 3576 paradoxerweise
2876 3515 2924 3575 sein
2954 3515 3091 3575 geistiger
3111 3518 3281 3578 Horizont.

177 3529 410 3589 Manierierten
438 3527 600 3587 gepflegten
628 3526 726 3586 Prosa
753 3526 797 3586 ein
825 3524 955 3584 Schüler
983 3521 1025 3581 der
1053 3522 1161 3582 großen
1189 3520 1346 3580 Romanen

1385 3565 1718 3625 Seelendiagnostiker,
1735 3565 1783 3625 der
1811 3563 1837 3623 er
1864 3562 1945 3622 war,
1962 3562 2096 3622 klassische
2124 3561 2269 3621 Beispiele
2296 3562 2414 3622 vorweg
2442 3562 2565 3622 genom=
2598 3556 2685 3616 neben
2718 3556 2765 3616 der
2793 3554 2976 3614 „Liebelei",
2993 3553 3030 3613 die
3057 3555 3121 3615 eine
3149 3556 3261 3616 Arbeit

184 3571 218 3631 ist
244 3571 278 3631 er
309 3571 334 3631 im
379 3569 489 3629 Bezirk
520 3568 570 3628 der
600 3565 745 3625 deutschen
781 3564 921 3624 Sprache
952 3562 1102 3622 wahrhaft
1133 3563 1172 3623 ein
1213 3562 1358 3622 Schöpfer

2587 3596 2686 3656 einige
2714 3598 2803 3658 seiner
2831 3595 2936 3655 kleinen
2969 3595 3159 3655 Kunstwerke
3181 3595 3191 3655 —
3234 3594 3281 3654 Er

188 3612 312 3672 gewesen
356 3610 417 3670 mit
450 3608 501 3668 der
534 3607 805 3667 Geschmeidigkeit
858 3604 920 3664 und
953 3604 1213 3664 Beschwingtheit
1256 3601 1360 3661 seiner
1393 3615 1454 3675 nen
1592 3640 1831 3700 eshickeit
1854 3639 1894 3699 it
1916 3638 1999 3698 denen
2042 3637 2083 3697 die
2105 3637 2156 3697 ihn
2189 3637 2261 3697 nicht
2294 3637 2449 3697 versönlich
2472 3637 2565 3697 kanne
2597 3637 2680 3697 durch
2702 3637 2753 3697 den
2775 3637 2900 3697 Zauber
2922 3637 2973 3697 der
2995 3637 3109 3697 Fronie
3132 3637 3183 3697 als
3205 3638 3246 3698 die
3268 3639 3277 3699 g

176 3652 437 3712 Bühnendialoge
468 3649 518 3709 der
549 3648 815 3708 unerschöpflichen
851 3646 986 3706 Vielfalt
1017 3646 1072 3706 und
1103 3643 1284 3703 Clastizität
1310 3640 1354 3700 de¬

1374 3684 1459 3744 ten,
1481 3682 1608 3742 ziemlich
1631 3682 1722 3742 fremd
1753 3679 1930 3739 geblieben.
1967 3676 2016 3736 Er
2038 3677 2138 3737 liebte
2160 3676 2209 3736 die
2238 3676 2480 3736 Oeffentlichkeit
2502 3679 2559 3739 und
2596 3678 2666 3738 allen
2696 3676 2773 3736 wohn
2817 3676 2887 3736 nicht
2910 3676 2967 3736 nur
2989 3678 3031 3738 die
3046 3679 3230 3739 Andeutung
3253 3681 3280 3741 in

174 3691 348 3751 Ausdrucks
378 3688 406 3748 in
436 3690 487 3750 der
517 3688 720 3748 Schilderung
750 3688 894 3748 seelischer
924 3685 1150 3745 Situationen.

2608 3771 2724 3831 kleinen
2753 3768 2855 3828 Welten
2883 3765 2965 3825 mehr
2987 3765 3034 3825 von
3062 3765 3110 3825 der
3131 3765 3213 3825 Welt
3235 3764 3289 3824 wei

2612 3810 2676 3870 dies
2701 3810 2735 3870 ist
2760 3811 2794 3871 ein
2819 3807 3031 3867 gewöhnlicher
3050 3805 3149 3865 Reflex
3174 3804 3244 3864 aller

2604 3850 2800 3910 Besondere:
2827 3849 2891 3909 man
2922 3847 3013 3907 ahnt,
3054 3846 3084 3906 er
3110 3846 3190 3906 hätte
3221 3845 3281 3905 noch

2613 3893 2776 3953 Stärkeres
2804 3890 2831 3950 zu
2859 3888 2963 3948 geben,
2980 3888 3023 3948 als
3051 3888 3094 3948 ihm
3139 3886 3237 3946 bisher
3259 3888 3286 3948 zu

2612 3932 2710 3992 stattet
2737 3930 2814 3990 war.
2851 3929 2944 3989 Unter
2971 3926 3059 3986 diesen
3096 3927 3272 3987 Umständen

2614 3975 2692 4035 eines
2719 3971 2819 4031 solchen
2852 3968 2999 4028 Menschen
3026 3968 3179 4028 sprechen,
3195 3966 3263 4026 denn

2608 4014 2657 4074 ein
2691 4013 2790 4073 solcher
2819 4010 2868 4070 von
2897 4010 2979 4070 einem
3018 4010 3090 4070 Teil
3119 4007 3207 4067 seiner
3235 4007 3290 4067 Kri

2610 4055 2772 4115 Gebrauch
2796 4052 2922 4112 gemacht
2947 4050 3004 4110 und
3027 4049 3096 4109 auch
3144 4049 3218 4109 einen
3254 4047 3293 4107 Te

2606 4094 2845 4154 zurückbehalten
2878 4091 2942 4151 oder
2965 4091 3128 4151 verborgen
3155 4090 3220 4150 hat.

2682 4135 2776 4195 Diese
2801 4135 2877 4195 letzte
2896 4129 3056 4189 Hoffnung
3080 4130 3115 4190 ist
3140 4128 3281 4188 freilichn

2607 4178 2683 4238 nach
2712 4177 2761 4237 dem
2800 4177 2954 4237 tragischen
2988 4171 3109 4231 Freitod
3138 4171 3231 4231 seiner
3259 4171 3286 4231 ju

2897 4213 2993 4273 ee
3026 4213 3187 4273 Lebensra
