3344 4320
157 148 290 208 Johann
322 149 502 209 Schnitzler.
524 152 566 212 Im

143 192 303 252 ertrauter
347 194 421 254 aller
465 198 576 258 großen

164 237 223 297 daß
256 238 305 298 die
333 240 431 300 beiden
470 243 578 303 Söhne

147 285 174 345 in
212 285 331 345 Broder
359 288 494 348 Julius,
527 290 575 350 der

148 330 226 390 ihren
277 335 575 395 Jünglingsjahren

206 377 304 437 Beide
336 380 477 440 wandten
524 383 571 443 sich

135 425 275 485 pährend
307 425 420 485 Julius
447 428 511 488 nur
539 430 560 490 im

135 467 167 527 er
195 470 331 530 Musiker
364 470 418 530 und
451 473 575 533 Musik¬

133 518 177 578 sich
213 517 332 577 Arthur
367 519 435 579 nach
470 522 566 582 seinen

135 565 176 625 nd
213 564 279 624 nach
316 563 399 623 einer
430 566 570 626 militär¬

139 610 321 670 „Leutnant
350 610 481 670 Gustl",
504 611 572 671 eine

136 658 235 718 ungen
269 658 318 718 des
347 658 513 718 Dichters,
536 657 563 717 in

206 706 373 766 erschienen
404 706 460 766 ist)
497 708 552 768 dem

211 817 262 877 der
298 816 389 876 Mann
431 819 488 879 mit
517 819 569 879 der

129 864 417 924 Itschmerzlerischen
450 867 541 927 Locke

126 912 257 972 Dichter
290 912 378 972 selbst
410 915 574 975 getragen,

164 956 371 1016 Stammtisch
406 958 428 1018 im
480 962 560 1022 alten

133 1001 246 1061 natol"
300 1004 407 1064 folgten
467 1010 562 1070 „Das

168 1046 209 1106 ist
245 1049 315 1109 noch
363 1052 539 1112 „Freiwild

133 1092 202 1152 fens
237 1094 422 1154 Schnitzlers
463 1099 561 1159 beizu¬

126 1139 172 1199 hien
215 1139 261 1199 zum
309 1140 475 1200 erstenmal
502 1144 559 1204 das

128 1184 177 1244 at,
208 1187 263 1247 das
295 1187 430 1247 freilich,
456 1190 554 1250 genau

185 1234 309 1294 Melitta
348 1234 416 1294 ihre
448 1237 554 1297 Ahnen

123 1281 159 1341 ge
184 1282 337 1342 Mädchen
376 1281 430 1341 und
468 1283 560 1343 Max,

155 1330 332 1390 allerdings
369 1330 436 1390 weit
468 1332 565 1392 hinter

133 1375 225 1435 bens.
250 1378 348 1438 Wenn
384 1377 441 1437 auf
465 1377 552 1437 ihnen

147 1421 216 1481 doch
256 1422 306 1482 der
345 1423 454 1483 Staub
499 1422 550 1482 von

135 1530 237 1590 nitzler
263 1530 315 1590 das
341 1530 553 1590 Burgtheater

154 1578 392 1638 schwungvoller
423 1578 557 1638 Wärme

122 1625 313 1685 prophetisch
354 1625 418 1685 eine
459 1625 551 1685 groß¬

130 1669 177 1729 die
219 1669 248 1729 da
296 1673 455 1733 glaubten,
491 1673 543 1733 daß

126 1714 217 1774 Piens
249 1718 415 1778 dichterisch
447 1718 545 1778 atmen

136 1763 201 1823 der
225 1763 360 1823 Geister"
391 1762 491 1822 zitiert
509 1760 520 1820 -

123 1811 153 1871 n
185 1811 234 1871 dem
278 1811 551 1871 Einaaterzyklus

132 1855 226 1915 „Der
261 1855 355 1915 grüne
390 1858 523 1918 Kakadu

124 1900 251 1960 htigeren
287 1903 467 1963 Problemen
503 1906 531 1966 zu

126 1948 337 2008 spräsentatwe
368 1950 464 2010 Stück
495 1949 548 2009 des

123 1996 279 2056 unserer
316 1998 419 2058 Tage.
443 2000 546 2060 „Pro¬

120 2043 161 2103 pf
192 2043 282 2103 gegen
313 2043 542 2103 Protektions¬

119 2088 158 2148 ne
181 2090 272 2150 lange
295 2091 392 2151 Reihe
421 2091 546 2151 anderer

132 2136 187 2196 und
219 2138 299 2198 jeder
325 2139 548 2199 Burgtheater¬

117 2183 221 2243 helcher
241 2184 439 2244 dichterischen
465 2186 551 2246 Ver¬

120 2234 169 2294 sezu
202 2231 415 2291 grüblerischen
448 2231 547 2291 Ernst

127 2279 252 2339 zseiner
275 2277 423 2337 Motwve:
441 2279 531 2339 Liebe

110 2321 138 2381 ze
167 2322 270 2382 letzten
311 2324 414 2384 Jahre
443 2324 540 2384 seines

110 2372 139 2432 n
169 2372 282 2432 Erfolg
318 2375 347 2435 um
395 2372 548 2432 Theater¬

117 2418 343 2478 sterpublikums
376 2420 545 2480 gerungen.

131 2482 252 2542 Epiker
293 2482 347 2542 von
389 2482 537 2542 stärkster

111 2529 227 2589 Roman
265 2530 351 2590 „Der
376 2530 450 2590 Weg
488 2531 536 2591 ins

146 2575 291 2635 geistigen
335 2575 389 2635 und
433 2578 542 2638 gesell¬

110 2622 401 2682 hrhundertwende,
419 2625 447 2685 so
471 2623 534 2683 sind

114 2667 167 2727 ufs
198 2667 397 2727 Geratewohl
428 2670 530 2730 „Frau

131 2715 340 2775 schweigen",
358 2715 542 2775 „Leutnant

108 2757 158 2817 Die
190 2760 272 2820 Frau
304 2762 354 2822 des
387 2763 506 2823 Weisen

166 2808 376 2868 leuchtendsten
420 2811 528 2871 Perlen

110 2925 176 2985 ser,
214 2928 257 2988 ein
303 2930 531 2990 grundgütiger

106 2972 226 3032 feunde,
257 2975 311 3035 frei
342 2975 389 3035 von
427 2975 511 3035 jeden

107 3020 188 3080 jung.
206 3021 246 3081 Ex
270 3023 333 3083 war
363 3023 415 3083 von
445 3026 525 3086 einer

149 3067 237 3127 Lärm
301 3067 351 3127 des
403 3070 521 3130 offener

112 3114 225 3174 ignisse
248 3115 297 3175 der
320 3116 405 3176 Zeit,
427 3118 448 3178 in
477 3118 527 3178 die

99 3161 260 3221 unahme
290 3163 326 3223 an
368 3163 415 3223 dem
470 3164 528 3224 Los

113 3208 201 3268 nacht
226 3208 290 3268 oder
321 3211 522 3271 oberflächlich

108 3252 143 3312 er
174 3254 228 3314 der
258 3255 450 3315 Selbstzucht
481 3258 534 3318 ge¬

106 3298 179 3358 igen
210 3299 271 3359 Art
302 3303 326 3363 in
357 3306 522 3366 glühender

131 3345 267 3405 Unrecht
291 3348 350 3408 und
387 3351 522 3411 schnöder

105 3393 293 3453 enswärme
322 3393 382 3453 und
405 3395 532 3455 Liebes¬

99 3439 179 3499 pern,
209 3441 243 3501 an
278 3442 370 3502 seinem
417 3444 526 3504 Sohn,

129 3486 291 3546 deutschen
334 3489 526 3549 Regiekunst

106 3533 274 3593 splötzliches
305 3535 438 3595 Sterben
474 3536 522 3596 ihn

109 3583 149 3643 ß.
170 3581 217 3641 Er
245 3581 299 3641 hat
327 3582 401 3642 trotz
429 3584 523 3644 dieses

106 3627 168 3687 ber
193 3627 255 3687 wie
280 3629 311 3689 er
342 3629 435 3689 selbst
461 3632 528 3692 ein¬

103 3676 140 3736 eit
166 3676 267 3736 gesagt
293 3676 374 3736 hat:
394 3676 507 3736 Manch

100 3721 130 3781 sch
150 3722 288 3782 zwischen
321 3721 364 3781 die
384 3721 527 3781 Blätter,

101 3766 264 3826 sidschrift,
285 3769 363 3829 einer
390 3769 527 3829 Schrift,

103 3813 213 3873 jegeben
245 3817 343 3877 hätte,
362 3817 522 3877 beschrieb,

125 3863 189 3923 früh
233 3865 276 3925 ihm
320 3865 507 3925 Entrissenen

662 130 815 190 Feruer
842 133 879 193 vn
919 134 1087 194 dansene
1114 140 1202 200 Scr
1307 142 1344 202 de
1386 144 1448 204 aie
1489 149 1732 209 ede

1819 154 1918 214 des
1954 157 2122 217 Rebens
2190 163 2244 223 der
2280 165 2391 225 Taer
2425 167 2481 227 hal
2505 169 2594 229 danet
2629 171 2672 231 der
2786 176 2818 236 go

618 177 839 237 verkörperte,
862 178 910 238 den
944 183 1035 243 Hugo
1068 183 1095 243 in
1128 185 1242 245 „Das
1275 191 1643 251 Vermächtnis".
1665 198 1751 258 Diese

1794 201 1818 261 im
1869 204 2096 264 Volkstheater
2131 211 2328 271 aufgeführte
2359 214 2454 274 Stück
2490 218 2671 278 namentlich
2712 220 2737 280 im
2788 222 2903 282 zweiten

845 395 1243 455 Modern

849 536 1007 596 der
1066 541 1687 601 jugendliche

839 677 1618 737 Nackenknoten

907 801 1008 861 Das
1043 804 1256 864 längere
1291 809 1435 869 Haar
1462 813 1572 873 legt
1598 815 1700 875 sich

916 886 1152 946 gefügig,
1177 888 1224 948 es
1256 891 1437 951 glänzt
1470 894 1714 954 wunder¬

929 964 1061 1024 voll,
1087 966 1178 1026 und
1221 968 1337 1028 Ihre
1380 971 1554 1031 Frisur
1597 977 1713 1037 hält

2543 1044 2621 1104 EShn

907 1048 1033 1108 nach
1086 1049 1170 1109 dem
1239 1051 1494 1111 Waschen
1538 1055 1631 1115 mit

853 1254 1367 1314 ELIDA
1565 1270 2513 1330 SHAMPOO

612 1426 699 1486 Rolle
737 1430 793 1490 hat
838 1432 899 1492 eine
931 1434 993 1494 sehr
1031 1437 1218 1497 schwierige,
1257 1440 1325 1500 weil
1357 1442 1419 1502 sehr
1451 1443 1537 1503 lange
1570 1448 1725 1508 dauernde

1776 1450 1844 1510 Teil
1870 1457 2115 1517 umgearbeitet,
2141 1459 2209 1519 weil
2235 1461 2284 1521 er,
2310 1463 2366 1523 wie
2405 1465 2435 1525 er
2474 1467 2529 1527 sich
2574 1470 2718 1530 äußerte,
2757 1472 2781 1532 zu
2825 1471 2881 1531 den

605 1476 819 1536 Sterbeszene,
843 1479 897 1539 und
926 1480 964 1540 ich
992 1481 1091 1541 durfte
1120 1485 1241 1545 damals
1269 1485 1319 1545 den
1352 1491 1473 1551 Dichter
1502 1492 1673 1552 wiederholt
1701 1494 1723 1554 in

1778 1499 1984 1559 Erlebnissen,
2014 1503 2060 1563 die
2095 1504 2181 1564 dieses
2216 1507 2308 1567 Werk
2350 1511 2510 1571 ausgelöst
2540 1514 2655 1574 haben,
2690 1515 2782 1575 heute
2823 1515 2886 1575 eine

605 1521 700 1581 seinem
740 1525 813 1585 Heim
853 1527 1027 1587 aufsuchen,
1045 1529 1089 1589 wo
1113 1528 1140 1588 er
1163 1531 1220 1591 mit
1243 1536 1412 1596 rührender
1429 1538 1570 1598 Hingabe
1599 1542 1654 1602 mit
1666 1542 1722 1602 mir

1766 1544 1983 1604 abgeklärtere
2011 1549 2147 1609 Distanz
2175 1554 2343 1614 gewonnen
2382 1557 2436 1617 hat
2470 1558 2523 1618 und
2562 1560 2714 1620 nunmehr
2748 1563 2883 1623 manches

599 1568 762 1628 arbeitete.
780 1572 819 1632 In
854 1573 944 1633 seinem
990 1577 1347 1637 Glückwunschschreiben
1382 1583 1410 1643 zu
1444 1584 1558 1644 meinem
1598 1587 1654 1647 60.
1666 1586 1728 1646 Ge¬

1769 1588 1876 1648 anders
1910 1591 1978 1651 sah.
1996 1593 2040 1653 Es
2075 1595 2137 1655 war
2166 1597 2211 1657 der
2240 1600 2466 1660 ausdrückliche
2495 1605 2625 1665 Wunsch
2654 1605 2699 1665 des
2728 1607 2886 1667 Dichters,

598 1614 742 1674 burtstag
770 1618 892 1678 schreibt
915 1619 942 1679 er
965 1621 1114 1681 darüber,
1131 1625 1253 1685 nachdem
1292 1627 1320 1687 er
1348 1627 1414 1687 mich
1448 1628 1492 1688 des
1520 1632 1719 1692 Ausdruckes

1779 1631 1827 1691 daß
1870 1634 1918 1694 das
1954 1638 2185 1698 Volkstheater
2214 1643 2312 1703 seinen
2349 1647 2411 1707 70.
2440 1649 2629 1709 Geburtstag
2679 1650 2734 1710 mit
2777 1653 2868 1713 diesem

604 1658 700 1718 seiner
729 1664 921 1724 Sympathie
955 1665 1011 1725 und
1046 1667 1142 1727 seiner
1176 1673 1413 1733 Bewunderung
1448 1676 1600 1736 versichert
1635 1681 1724 1741 hatte,

1770 1679 1878 1739 Werke
1903 1682 2036 1742 begehe.

600 1703 653 1763 wie
684 1708 792 1768 folgt:
818 1712 890 1772 „Ich
927 1711 999 1771 habe
1030 1712 1090 1772 Sie
1121 1716 1205 1776 heute
1236 1718 1363 1778 zufällig
1394 1721 1418 1781 in
1455 1721 1539 1781 einem
1583 1725 1709 1785 Tonfilm

1866 1730 1924 1790 Ich
1947 1730 2043 1790 werde
2066 1733 2213 1793 nunmehr
2236 1736 2391 1796 anregen,
2407 1740 2443 1800 da
2467 1742 2554 1802 leider
2577 1742 2636 1802 aus
2659 1742 2710 1802 der
2733 1742 2888 1802 Geburts¬

595 1752 719 1812 gesehen
758 1754 816 1814 und
849 1757 957 1817 mußte
985 1757 1076 1817 dabei
1104 1760 1212 1820 wieder
1245 1762 1277 1822 an
1315 1767 1423 1827 unsere
1450 1768 1525 1828 erste
1553 1769 1612 1829 nun
1650 1771 1720 1831 über

1769 1772 2029 1832 tagsvorstellung
2065 1776 2128 1836 eine
2152 1781 2355 1841 Trauerfeier
2384 1786 2535 1846 geworden
2570 1785 2621 1845 ist,
2645 1787 2697 1847 daß
2739 1787 2784 1847 die
2825 1788 2888 1848 drei

599 1798 717 1858 dreißig
747 1802 847 1862 Jahre
878 1805 1120 1865 zurückliegende
1150 1809 1339 1869 Begegnung
1370 1813 1523 1873 anläßlich
1566 1814 1618 1874 der
1642 1815 1724 1875 Auf¬

1768 1816 1938 1876 genannten
1978 1822 2108 1882 Bühnen
2148 1824 2221 1884 diese
2256 1828 2561 1888 Erinnerungsfeier
2595 1829 2629 1889 an
2675 1832 2725 1892 den
2765 1835 2872 1895 großen

599 1843 732 1903 führung
767 1848 883 1908 meines
918 1852 1248 1912 „Vermächtnisses",
1272 1858 1410 1918 denken.
1434 1861 1485 1921 Ich
1521 1861 1584 1921 sehe
1602 1863 1711 1923 wieder

1769 1863 2012 1923 österreichischen
2045 1869 2251 1929 Dramatiker
2283 1872 2340 1932 und
2373 1874 2404 1934 an
2444 1876 2488 1936 den
2528 1876 2643 1936 wahren
2682 1879 2804 1939 Freund
2837 1880 2887 1940 der

594 1888 650 1948 wie
676 1892 732 1952 viel
752 1894 795 1954 ich
821 1896 921 1956 Ihnen
953 1895 997 1955 als
1029 1899 1179 1959 Publikum
1224 1902 1280 1962 und
1306 1903 1406 1963 Autor
1432 1906 1462 1966 zu
1488 1908 1607 1968 danken
1633 1909 1721 1969 habe.

1769 1909 1980 1969 Schauspieler
2006 1914 2178 1974 gemeinsam
2224 1919 2256 1979 an
2296 1919 2372 1979 einem
2417 1922 2526 1982 Abend
2552 1924 2718 1984 begehen."

599 1936 720 1996 Bleiben
755 1937 813 1997 Sie
837 1939 906 1999 noch
935 1942 1051 2002 weitere
1081 1947 1196 2007 dreißig
1220 1948 1318 2008 Jahre
1342 1949 1451 2009 jung!

679 1989 725 2049 In
772 1985 824 2045 den
871 1987 963 2047 letzten
1011 1990 1127 2050 Jahren
1175 1994 1249 2054 habe
1291 1994 1325 2054 ich
1361 1999 1383 2059 in
1419 1998 1600 2058 Schnitzlers
1635 2002 1721 2062 „Der

1771 2002 1940 2062 Arthur
1978 2004 2233 2064 Schnitzlers
2271 2011 2465 2071 ürztliche
2503 2018 2880 2078 Vergangenheit.

593 2027 688 2087 junge
717 2031 908 2091 Medardus"
943 2034 993 2094 den
1022 2035 1106 2095 Etzel
1129 2037 1253 2097 gespielt
1282 2041 1338 2101 und
1372 2043 1394 2103 in
1429 2043 1485 2103 das
1514 2046 1592 2106 Buch
1626 2045 1716 2105 dieses

2097 2055 2179 2115 Von
2210 2062 2405 2122 ärztlicher
2431 2064 2554 2124 Seite.

596 2073 725 2133 Werkes
761 2076 826 2136 eine
856 2079 1021 2139 besonders
1057 2085 1239 2145 freundliche
1276 2089 1447 2149 Widmung
1483 2091 1535 2151 des
1571 2093 1712 2153 Dichters

1862 2102 1963 2162 Kurze
1991 2106 2058 2166 Zeit
2092 2108 2160 2168 nach
2195 2112 2289 2172 seiner
2317 2115 2500 2175 Promotion
2535 2117 2601 2177 war
2637 2120 2799 2180 Schnitzler
2834 2120 2880 2180 als

599 2122 775 2182 geschrieben
811 2127 1005 2187 bekommen.
1035 2130 1081 2190 In
1129 2132 1211 2192 „Die
1235 2136 1446 2196 Schwestern"
1482 2136 1552 2196 habe
1576 2138 1617 2198 ich
1659 2140 1705 2200 der

1768 2149 1915 2209 Assistent
1947 2153 1983 2213 an
2020 2153 2075 2213 der
2107 2158 2383 2218 laryngologischen
2427 2163 2593 2223 Abteilung
2630 2165 2728 2225 seines
2760 2166 2876 2226 Vaters

599 2167 759 2227 Casanova
801 2172 863 2232 und
905 2173 933 2233 in
968 2175 1135 2235 „Liebelei"
1177 2178 1245 2238 nach
1286 2182 1459 2242 Alexander
1489 2184 1621 2244 Girardi
1662 2186 1707 2246 den

1766 2196 1918 2256 Professor
1964 2199 2034 2259 Dr.
2073 2205 2207 2265 Johann
2252 2208 2425 2268 Schnitzler
2477 2210 2508 2270 an
2566 2211 2617 2271 der
2663 2213 2873 2273 Allgemeinen

588 2213 744 2273 Weyring
773 2217 912 2277 gespielt.
936 2221 1109 2281 Schließlich
1139 2222 1202 2282 war
1226 2224 1260 2284 ich
1290 2227 1359 2287 noch
1388 2229 1411 2289 in
1441 2230 1521 2290 einem
1563 2231 1614 2291 der
1638 2230 1718 2290 Ein¬

1765 2243 1934 2303 Poliklinik
1973 2244 1997 2304 in
2036 2248 2124 2308 Wien
2156 2250 2237 2310 tätig
2269 2254 2332 2314 und
2364 2256 2495 2316 erfreute
2527 2255 2577 2315 sich
2610 2257 2685 2317 rasch
2717 2258 2766 2318 des
2798 2259 2879 2319 Ver¬

597 2258 680 2318 akter
711 2261 734 2321 im
783 2264 902 2324 Zyklus
933 2266 1101 2326 „Komödie
1125 2269 1179 2329 der
1204 2270 1329 2330 Worte"
1360 2275 1383 2335 in
1420 2276 1497 2336 einer
1528 2279 1714 2339 Hauptrolle

1765 2290 1890 2350 trauens
1930 2293 1979 2353 der
2018 2294 2200 2354 Patienten.
2232 2300 2308 2360 Sein
2353 2303 2485 2363 scharfer
2517 2306 2674 2366 ärztlicher
2713 2306 2795 2366 Blick
2833 2306 2883 2366 er¬

594 2306 788 2366 beschäftigt.

1759 2339 1916 2399 möglichte
1948 2338 1979 2398 es
2017 2342 2092 2402 ihm,
2125 2343 2181 2403 aus
2213 2344 2263 2404 dem
2314 2349 2464 2409 Material
2496 2351 2546 2411 der
2579 2353 2741 2413 Abteilung
2780 2355 2873 2415 seines

1765 2383 1877 2443 Vaters
1916 2386 1984 2446 eine
2016 2390 2116 2450 Reihe
2155 2390 2204 2450 von
2249 2395 2399 2455 wichtigen
2444 2399 2758 2459 Krankheitsbildern
2796 2400 2877 2460 aus¬

644 2388 883 2448 Schnitzler
917 2393 982 2453 als
1024 2399 1256 2459 Regisseur
1298 2402 1438 2462 seiner
1473 2406 1661 2466 Werke.

1760 2431 1915 2491 zuwählen
1982 2434 2040 2494 und
2093 2435 2137 2495 sie
2184 2438 2216 2498 zu
2276 2440 2360 2500 einem
2426 2448 2869 2508 laryngologischen

811 2450 874 2510 Von
906 2455 1098 2515 Professor
1124 2458 1194 2518 Dr.
1214 2461 1361 2521 Rudolf
1381 2464 1495 2524 Beer.

1764 2473 1887 2533 Atlas
1935 2479 2247 2539 zusammenzufassen,
2289 2484 2335 2544 den
2389 2485 2418 2545 er
2465 2491 2618 2551 zusammen
2672 2490 2730 2550 mit
2772 2494 2860 2554 seinem

677 2515 765 2575 „Der
814 2516 1073 2576 Regisseur
1136 2521 1272 2581 eines
1335 2525 1710 2585 Schnitzlerschen

1759 2521 1903 2581 Kollegen
1953 2523 2022 2583 Dr.
2061 2527 2230 2587 Hajek,
2268 2530 2324 2590 dem
2381 2534 2632 2594 gegenwärtigen
2683 2536 2783 2596 Leiter
2827 2537 2877 2597 der

587 2559 779 2619 Werkes
808 2562 943 2622 empfing
978 2565 1028 2625 von
1063 2566 1113 2626 dem
1159 2569 1260 2629 Autoc
1289 2569 1334 2629 die
1363 2571 1504 2631 denkbar
1527 2575 1713 2635 wertvollste

1762 2568 1866 2628 Klinik
1903 2569 1958 2629 für
1990 2575 2378 2635 Kehlkopfkrankheiten,
2409 2581 2581 2641 herausgab
2625 2583 2680 2643 und
2718 2585 2766 2645 der
2804 2587 2871 2647 noch

591 2608 844 2668 Unterstützung.
875 2608 951 2668 War
981 2611 1010 2671 es
1040 2613 1110 2673 doch
1140 2614 1217 2674 seine
1247 2616 1323 2676 Art,
1348 2619 1394 2679 die
1424 2620 1577 2680 Menschen
1614 2623 1707 2683 seiner

1765 2612 1852 2672 heute
1878 2614 1972 2674 seinen
2004 2617 2091 2677 Wert
2117 2620 2198 2680 nicht
2217 2623 2355 2683 verloren
2387 2630 2456 2690 hat.
2475 2629 2556 2689 Auch
2589 2629 2632 2689 als
2664 2631 2694 2691 er
2720 2632 2795 2692 schon
2827 2632 2877 2692 der

584 2652 716 2712 Dramen
755 2655 810 2715 von
849 2657 921 2717 allem
971 2658 1092 2718 Anfang
1131 2658 1164 2718 an
1203 2662 1341 2722 lebendig
1375 2664 1424 2724 vor
1463 2668 1512 2728 sich
1546 2669 1573 2729 zu
1612 2669 1711 2729 sehen,

1759 2662 1853 2722 große
1879 2661 2098 2721 Schriftsteller
2125 2667 2206 2727 war,
2225 2670 2300 2730 hielt
2327 2671 2357 2731 er
2383 2674 2445 2734 noch
2477 2676 2553 2736 seine
2579 2676 2717 2736 ärztliche
2743 2677 2874 2737 Sprech¬

585 2698 647 2758 und
689 2699 751 2759 war
787 2701 815 2761 er
856 2704 925 2764 sich,
954 2704 1000 2764 ein
1041 2708 1237 2768 gründlicher
1272 2710 1393 2770 Kenner
1434 2712 1508 2772 aller
1543 2715 1699 2775 szenischen

1765 2706 1865 2766 stunde
1897 2708 1934 2768 ab
1966 2709 2028 2769 und
2060 2712 2154 2772 zeigte
2186 2714 2242 2774 sich
2274 2717 2343 2777 voll
2362 2720 2519 2780 Interesse
2551 2722 2600 2782 für
2632 2722 2676 2782 die
2708 2726 2864 2786 ärztlichen

590 2748 850 2808 Möglichkeiten,
879 2748 929 2808 von
970 2750 1048 2810 allem
1100 2754 1223 2814 Anfang
1264 2757 1297 2817 an
1338 2758 1473 2818 darüber
1507 2760 1535 2820 im
1587 2762 1710 2822 klaren,

1762 2754 1937 2814 Probleme,
1963 2757 2182 2817 insbesondere
2215 2763 2264 2823 für
2296 2765 2358 2825 jene
2390 2769 2641 2829 psychologischer
2673 2772 2798 2832 Natur.
2824 2772 2867 2832 So

587 2790 613 2850 in
653 2796 773 2856 welchem
824 2796 955 2856 Umfang
995 2798 1071 2858 seine
1100 2803 1303 2863 Intentionen
1342 2805 1402 2865 auf
1431 2805 1480 2865 der
1513 2807 1623 2867 Bühne
1657 2812 1706 2872 zur

1755 2802 1931 2862 behandelte
1966 2802 1999 2862 er
2034 2803 2060 2863 in
2103 2806 2190 2866 seinem
2246 2811 2511 2871 Anatol-Zyklus
2546 2814 2600 2874 das
2635 2817 2770 2877 Problem
2819 2820 2865 2880 des

585 2840 731 2900 Existenz
759 2842 900 2902 gebracht
929 2841 1041 2901 werden
1075 2848 1193 2908 können
1238 2849 1334 2909 Jedem
1379 2853 1553 2913 Darsteller
1582 2856 1644 2916 war
1672 2856 1700 2916 er

1750 2849 2009 2909 Hypnotismus,
2040 2848 2063 2908 in
2106 2852 2203 2912 seiner
2240 2858 2372 2918 Novelle
2409 2861 2584 2921 „Sterben"
2621 2861 2681 2921 schu
2736 2864 2765 2924 er
2802 2867 2868 2927 eine

581 2885 630 2945 ein
664 2888 841 2948 liebevoller
869 2890 1012 2950 Führer,
1035 2891 1107 2951 denn
1141 2893 1173 2953 er
1201 2895 1257 2955 hat
1285 2895 1312 2955 es
1346 2900 1544 2960 verstanden,
1573 2900 1622 2960 sich
1656 2903 1705 2963 der

1753 2891 1806 2951 von
1837 2895 2005 2955 wertvollen
2037 2900 2290 2960 Beobachtungen
2328 2906 2448 2966 erfüllte
2472 2908 2586 2968 Studie
2612 2909 2684 2969 über
2715 2910 2762 2970 den
2793 2914 2871 2974 Tod,

579 2933 839 2993 Individualität
874 2933 925 2993 des
960 2935 1107 2995 einzelnen
1148 2943 1329 3003 anzupassen
1369 2944 1426 3004 und
1461 2947 1511 3007 die
1540 2948 1699 3008 Ansichten

1756 2942 1811 3002 wie
1836 2942 1866 3002 er
1891 2943 1964 3003 auch
1996 2945 2020 3005 in
2051 2946 2149 3006 seinem
2193 2951 2346 3011 Einakter
2377 2954 2456 3014 „Die
2482 2956 2579 3016 letzten
2611 2955 2770 3015 Masken"
2802 2960 2862 3020 eine

585 2982 663 3042 jedes
703 2981 866 3041 Künstlers
901 2981 928 3041 zu
969 2985 1188 3045 respektieren.
1217 2988 1261 3048 Er
1290 2990 1357 3050 war
1392 2992 1420 3052 so
1454 2992 1516 3052 sehr
1550 2996 1702 3056 Theater¬

1750 2988 1966 3048 erschütternde
2022 2993 2232 3053 Schilderung
2294 2997 2349 3057 der
2405 3001 2504 3061 letzten
2566 3004 2714 3064 Stunden
2776 3005 2856 3065 eines

579 3026 692 3086 mensch
732 3027 788 3087 und
829 3027 885 3087 von
925 3032 1158 3092 künftlerischem
1210 3035 1403 3095 Empfinden
1444 3038 1511 3098 auch
1552 3042 1608 3102 für
1643 3043 1699 3103 das

1756 3035 1979 3095 Tuberkulösen
2015 3038 2045 3098 zu
2082 3039 2166 3099 geben
2203 3045 2384 3105 vermochte.
2409 3046 2469 3106 Bis
2506 3048 2529 3108 in
2567 3049 2608 3109 die
2639 3052 2735 3112 letzten
2772 3052 2868 3112 Jahre

582 3071 638 3131 rein
672 3071 837 3131 Szenische
866 3075 991 3135 beseelt,
1020 3079 1076 3139 daß
1116 3080 1145 3140 er
1179 3080 1224 3140 die
1253 3085 1583 3145 Bühnenwiedergabe
1618 3090 1696 3150 schon

1754 3080 1844 3140 seines
1871 3082 1987 3142 Lebens
2014 3085 2111 3145 hinein
2138 3088 2293 3148 bewahrte
2315 3091 2346 3151 er
2367 3093 2418 3153 der
2438 3097 2659 3157 medizinischen
2685 3100 2854 3160 Forschung

581 3116 643 3176 beim
695 3121 858 3181 Schreiben
899 3124 1051 3184 vorerlebt
1087 3126 1154 3186 hat.
1183 3128 1239 3188 Nie
1274 3129 1330 3189 hat
1365 3129 1404 3189 ein
1444 3132 1500 3192 von
1535 3133 1586 3193 ihm
1637 3135 1704 3195 vor¬

1751 3125 1808 3185 und
1834 3130 1911 3190 ihren
1944 3132 2033 3192 neuen
2066 3133 2176 3193 Wegen
2215 3137 2266 3197 sein
2298 3141 2395 3201 volles
2421 3142 2588 3202 Interesse.

585 3166 755 3226 gebrachter
786 3169 915 3229 Wunsch
952 3170 1004 3230 für
1034 3170 1086 3230 den
1123 3175 1288 3235 Regisseur
1318 3176 1382 3236 eine
1418 3181 1701 3241 Unerfüllbarkeit,

581 3211 607 3271 ja
644 3212 712 3272 auch
750 3214 808 3274 nur
840 3215 903 3275 eine
936 3216 1031 3276 ernste
1063 3221 1301 3281 Schwierigkeit
1333 3226 1486 3286 bedeutet.
1513 3226 1565 3286 Ich
1603 3228 1703 3288 kenne

1862 3223 2029 3283 Arthur
2066 3227 2332 3287 Schnitzlers
2369 3232 2483 3292 letzte
2519 3236 2749 3296 Stunden.

579 3258 682 3318 keinen
717 3261 931 3321 Schauspieler
961 3262 1012 3322 und
1042 3263 1128 3323 keine
1158 3270 1423 3330 Schauspielerin,
1442 3272 1487 3332 die
1511 3273 1696 3333 Schnitzlers

1834 3275 1956 3335 Arthur
1981 3282 2226 3342 Schnitzler
2252 3286 2300 3346 hat
2325 3288 2429 3348 gestern
2460 3291 2527 3351 nach
2553 3291 2601 3351 der
2626 3295 2785 3355 Rückkehr
2804 3297 2852 3357 von

582 3307 739 3367 Figuren,
763 3309 926 3369 wahrhaft
955 3311 1089 3371 Figuren
1124 3312 1174 3372 von
1214 3318 1485 3378 Ewigkeitswert,
1514 3318 1592 3378 nicht
1621 3322 1694 3382 über

1747 3322 1836 3382 seinem
1879 3327 2103 3387 gewöhnlichen
2134 3335 2539 3395 Vormittagsspaziergang
2570 3338 2655 3398 einen
2686 3345 2842 3405 Schlag

575 3352 636 3412 alle
664 3356 775 3416 Maßen
809 3357 875 3417 gern
909 3357 1036 3417 gespielt
1065 3359 1187 3419 hätten.
1210 3363 1326 3423 Ebenso
1355 3364 1410 3424 wie
1438 3365 1487 3425 der
1516 3368 1699 3428 Spielleiter

1741 3369 1902 3429 anfall
1926 3372 2064 3432 erlitten.
2088 3375 2127 3435 Er
2151 3378 2255 3438 wurde
2279 3381 2365 3441 gegen
2401 3382 2516 3442 Mittag
2545 3383 2597 3443 von
2626 3385 2718 3445 seiner
2742 3389 2862 3449 Sekre¬

572 3399 679 3459 waren
723 3402 793 3462 auch
836 3402 884 3462 die
917 3403 1095 3463 Darsteller
1128 3407 1241 3467 immer
1279 3411 1365 3471 froh,
1398 3411 1484 3471 wenn
1528 3414 1695 3474 Schnitzler

1738 3417 1819 3477 tärin
1849 3417 1871 3477 in
1895 3417 1982 3477 tiefer
2006 3423 2279 3483 Bewußtlosigkeit
2303 3426 2355 3486 auf
2379 3427 2425 3487 dem
2466 3429 2565 3489 Boden
2601 3433 2763 3493 gefunden.
2782 3436 2857 3496 Man

575 3447 658 3507 einer
686 3449 785 3509 Probe
813 3450 1001 3510 beiwohnte.
1024 3451 1068 3511 Er
1096 3454 1178 3514 hatte
1207 3456 1250 3516 die
1279 3458 1500 3518 Gewohnheit,
1523 3461 1572 3521 sich
1606 3460 1688 3520 einen

1745 3461 1796 3521 hob
1824 3462 1863 3522 ihn
1892 3461 1942 3521 ins
1971 3464 2044 3524 Bett
2067 3467 2124 3527 und
2152 3470 2248 3530 berief
2265 3472 2349 3532 einen
2378 3476 2468 3536 Arzt,
2492 3475 2536 3535 der
2559 3475 2610 3535 den
2644 3479 2858 3539 Schlaganfall

579 3493 688 3553 ganzen
728 3495 793 3555 Akt
827 3495 1003 3555 schweigend
1043 3497 1224 3557 anzusehen.
1253 3501 1335 3561 Eine
1363 3505 1451 3565 Kette
1485 3506 1539 3566 von
1578 3508 1694 3568 Unter¬

1742 3509 1956 3569 konstatierte.
1975 3512 2091 3572 Arthur
2117 3515 2282 3575 Schnitzler
2307 3521 2423 3581 blieb
2455 3524 2737 3584 bewußtlos,
2756 3525 2798 3585 bis
2824 3527 2854 3587 er

578 3542 778 3602 brechungen,
806 3542 849 3602 die
882 3542 908 3602 so
936 3543 1027 3603 leicht
1055 3547 1228 3607 irritierend
1261 3551 1374 3611 wirken
1407 3551 1510 3611 kann,
1538 3554 1602 3614 war
1635 3554 1683 3614 von

1733 3557 1997 3617 umviertel
2017 3560 2170 3620 sieben
2196 3566 2479 3626 Uhrabends
2504 3568 2640 3628 starb.
2659 3569 2745 3629 Der
2764 3574 2849 3634 Tod

573 3588 740 3648 Schnitzler
770 3590 821 3650 nie
851 3590 885 3650 zu
915 3590 1105 3650 befürchten.
1135 3593 1215 3653 Nach
1245 3595 1412 3655 Aktschluß
1453 3598 1563 3658 machte
1598 3599 1626 3659 er
1656 3600 1684 3660 in

1730 3602 1836 3662 trat
1862 3604 2050 3664 infolge
2082 3609 2446 3669 Atemlähmung
2478 3614 2571 3674 ein.
2604 3618 2766 3678 Schnitzler
2798 3618 2854 3678 litt

568 3635 689 3695 größter
719 3638 824 3698 Ruhe,
853 3637 1028 3697 gleichwohl
1057 3638 1115 3698 mit
1140 3641 1214 3701 aller
1244 3644 1547 3704 Eindringlichkeit,
1571 3648 1692 3708 eiwaige

1741 3647 1775 3707 an
1810 3651 2186 3711 Herzmuskelentartung
2221 3656 2279 3716 und
2314 3657 2400 3717 stand
2435 3659 2464 3719 in
2506 3662 2707 3722 Behandlung
2760 3665 2852 3725 seines

580 3679 727 3739 Wünsche
759 3682 894 3742 geltend.
919 3682 1029 3742 Nichts
1061 3685 1109 3745 lag
1147 3685 1189 3745 ihm
1240 3690 1356 3750 ferner,
1382 3691 1430 3751 als
1468 3691 1541 3751 seine
1573 3693 1683 3753 Person

1737 3694 1858 3754 Neffen,
1890 3694 1934 3754 des
1967 3700 2223 3760 Herzspezialisten
2263 3703 2326 3763 Dr.
2352 3706 2525 3766 Ferdinand
2557 3709 2761 3769 Donath.

570 3729 814 3789 vorzuschieben.
837 3729 905 3789 Das
934 3729 1053 3789 Werk,
1077 3731 1121 3791 die
1150 3735 1349 3795 gemeinsame
1379 3736 1491 3796 Arbeit
1514 3738 1548 3798 an
1583 3740 1673 3800 diesem

1825 3737 1890 3797 Der
1921 3742 2046 3802 Dichter
2077 3745 2179 3805 klagte
2210 3748 2288 3808 schon
2325 3749 2378 3809 seit
2403 3752 2474 3812 etwa
2512 3754 2583 3814 zwei
2614 3755 2728 3815 Jahren
2777 3758 2848 3818 über

570 3772 688 3832 Werke
723 3777 824 3837 waren
870 3776 914 3836 ihm
971 3778 1050 3838 alles
1090 3778 1146 3838 und
1191 3781 1247 3841 sein
1287 3784 1507 3844 brennendster
1541 3785 1693 3845 Wunsch,

1736 3787 2183 3847 Herzbeschwerden,
2209 3793 2257 3853 die
2289 3794 2332 3854 ihn
2375 3798 2442 3858 aber
2474 3796 2504 3856 in
2541 3799 2639 3859 seiner
2670 3800 2842 3860 gewohnten

573 3820 682 3880 immer
712 3823 867 3883 lebendige
896 3823 1045 3883 Menschen
1087 3824 1138 3884 auf
1162 3826 1213 3886 der
1243 3829 1352 3889 Bühne
1376 3832 1496 3892 agieren
1526 3832 1554 3892 zu
1589 3833 1692 3893 sehen.

1738 3832 1944 3892 Lebensweise
1980 3833 2009 3893 in
2051 3836 2150 3896 keiner
2186 3838 2286 3898 Weise
2322 3844 2533 3904 behinderten.
2563 3843 2610 3903 In
2646 3844 2698 3904 den
2746 3848 2839 3908 letzten

658 3869 729 3929 Das
772 3870 990 3930 Deutsche
1027 3873 1390 3933 Volkstheater
1427 3876 1481 3936 hat
1519 3877 1572 3937 vor
1615 3878 1687 3938 zwei

1736 3879 1837 3939 Tagen
1874 3881 2048 3941 verschärfte
2079 3882 2126 3942 sich
2157 3884 2210 3944 das
2247 3888 2373 3948 Leiden.
2397 3890 2439 3950 Es
2476 3890 2565 3950 traten
2602 3892 2740 3952 zeitweise
2770 3893 2842 3953 Be¬

554 3915 688 3975 Jahren
725 3915 909 3975 Schnitzlers
946 3920 1102 3980 „Spiel
1131 3923 1209 3983 der
1238 3927 1601 3987 Sommerlüfte"
1630 3928 1679 3988 zur
1717 3929 2051 3989 klemmungen
2088 3932 2144 3992 und
2173 3936 2522 3996 Ueblichkeiten
2551 3939 2607 3999 auf
2637 3939 2693 3999 und
2722 3940 2842 4000 Arthur
