3392 4352
130 279 253 339 12.
320 280 907 340 Schnitzler's
981 282 1208 342 Death

235 1480 505 1540 DOBS

625 1483 865 1543 ERVE

948 1482 967 1542 R

328 1539 348 1599 I.
361 1536 482 1596 österr.
491 1539 640 1599 behördl.
653 1542 953 1602 konzessioniertes

278 1577 515 1637 Unternehmen
541 1578 592 1638 für
618 1583 1006 1643 Zeltungs-Ausschnitte

334 1631 476 1691 WIEN,
503 1637 548 1697 I.,
575 1643 861 1703 WOLLZEILE
907 1646 952 1706 11

428 1691 641 1751 TELEPHON
678 1694 854 1754 R-23-0-43

225 1830 442 1890 Ausschnitt
469 1831 556 1891 aus:

550 1893 607 1953 Der
625 1881 767 1941 Morgen,
785 1865 859 1925 Wion

642 1978 697 2038 7.
707 1984 809 2044 NOV
857 1989 969 2049 1931

214 2055 330 2115 vom:

486 2160 691 2220 Aneldote

180 2204 316 2264 Arthur
347 2208 519 2268 Schnitzler
551 2208 591 2268 ist
621 2213 809 2273 bekanntlich
845 2216 926 2276 schon
967 2219 1017 2279 als

151 2243 296 2303 Student
316 2246 362 2306 ver
382 2247 522 2307 Medizin
551 2252 607 2312 mit
627 2252 725 2312 seinen
754 2257 1007 2317 Bühnenwerken

149 2287 416 2347 hervorgetreten.
452 2288 496 2348 Am
555 2291 692 2351 Morgen
738 2294 809 2354 nach
854 2297 907 2357 der
938 2299 1018 2359 Auf¬

151 2324 287 2384 führung
320 2327 419 2387 seiner
443 2329 534 2389 ersten
566 2330 735 2390 Komödie,
759 2333 804 2393 kam
850 2336 1014 2396 Schnitzler

150 2360 207 2420 wie
234 2365 384 2425 gewohnt
407 2366 433 2426 in
465 2366 517 2426 das
549 2370 766 2430 Anatomische
788 2375 930 2435 Institut
957 2379 1010 2439 und

153 2403 246 2463 begab
279 2407 325 2467 sich
359 2407 391 2467 an
429 2407 508 2467 seine
536 2409 667 2469 Arbeit.
700 2409 742 2469 Er
780 2416 864 2476 hatte
902 2419 1013 2479 gerade

151 2442 233 2502 einem
277 2446 383 2506 Frosch
417 2448 470 2508 den
504 2449 630 2509 größten
664 2451 741 2511 Teil
776 2453 828 2513 des
872 2456 1012 2516 Gehirns

151 2485 371 2545 wegoperiert,
400 2488 447 2548 als
481 2488 524 2548 ein
563 2491 706 2551 Assistent
736 2494 792 2554 auf
822 2495 869 2555 ihn
908 2500 994 2560 zukam

153 2522 210 2582 und
234 2524 282 2584 ihm
326 2527 483 2587 mitteilte,
504 2530 532 2590 er
552 2531 628 2591 habe
652 2532 695 2592 sich
720 2534 767 2594 bei
792 2535 839 2595 der
864 2538 1002 2598 gestrigen

153 2562 311 2622 Premiere
354 2567 545 2627 Schnitzlers
594 2572 752 2632 surchtbar
795 2577 1001 2637 gelangweilt

150 2604 291 2664 Dagegen
322 2607 419 2667 sprach
446 2610 477 2670 er
499 2612 662 2672 begeistert
681 2612 733 2672 von
765 2615 848 2675 einer
875 2619 1003 2679 anderen

144 2643 316 2703 Komödie,
340 2646 389 2706 bei
417 2647 467 2707 der
495 2649 526 2709 er
558 2651 745 2711 tagsvorher
777 2657 931 2717 furchtbar
964 2659 1009 2719 ge¬

143 2684 220 2744 lacht
243 2686 344 2746 hatte.
363 2688 403 2748 In
436 2688 531 2748 diesem
573 2692 723 2752 Moment
747 2694 856 2754 machte
884 2699 929 2759 sich
962 2700 1011 2760 der

149 2724 272 2784 Frosch,
297 2727 331 2787 an
366 2727 415 2787 dem
460 2729 632 2789 Schnitzler
662 2732 834 2792 gearbeitet
859 2738 928 2798 hat,
953 2740 1011 2800 frei

140 2763 198 2823 und
230 2765 343 2825 sprang
380 2770 462 2830 einem
512 2771 771 2831 nebenstehenden
817 2776 993 2836 Studenten

140 2809 189 2869 ins
233 2808 369 2868 Gesicht.
399 2814 470 2874 Das
514 2812 672 2872 Entleten
716 2819 766 2879 des
810 2811 996 2871 Studenten

138 2953 237 3013 wirkte
262 2959 292 3019 so
318 2963 462 3023 komisch,
482 2968 531 3028 daß
566 2974 616 3034 der
636 2979 785 3039 Assistent
806 2983 835 3043 in
865 2989 1004 3049 schallen¬

136 2992 181 3052 des
222 2997 336 3057 Lachen
378 3007 552 3067 ausbrach.
598 3015 767 3075 Schnitzler
809 3025 904 3085 packte
942 3028 996 3088 den

139 3034 257 3094 Frosch,
278 3039 351 3099 wies
381 3045 431 3105 dem
471 3052 648 3112 Assistenten
683 3060 772 3120 dessen
802 3064 881 3124 leere
906 3070 999 3130 Hirn¬

138 3075 223 3135 schale
253 3076 310 3136 und
340 3083 435 3143 sprach
465 3093 623 3153 gelassen:
643 3099 705 3159 „Da
734 3102 815 3162 sehen
849 3107 921 3167 Sie,
941 3112 998 3172 wie

130 3114 229 3174 wenig
266 3121 383 3181 Gehirn
425 3126 492 3186 man
542 3133 682 3193 braucht,
719 3140 759 3200 um
819 3143 877 3203 Sie
923 3150 977 3210 zum

131 3153 237 3213 Lachen
276 3160 305 3220 zu
339 3165 513 3225 bringen!“

1431 279 1556 339 box
1631 285 1807 345 44/2

1851 936 1893 996 No
1913 937 1950 997 DE
1980 942 2113 1002 DEBIT.

2031 1043 2492 1103 L'EUROPÉEN

1635 1046 1779 1106 Extrail
1802 1049 1834 1109 de

1957 1100 2044 1160 Av.
2062 1105 2105 1165 de
2139 1115 2436 1175 Messine,23,
2448 1124 2563 1184 VIIIe

1638 1142 1769 1202 Adress

1635 1243 1742 1303 Oate:

1976 1233 1994 1293 6
2033 1249 2318 1309 NOVEMBRE
2358 1263 2443 1323 193

1634 1339 1795 1399 Signature

1634 1437 1854 1497 Exposition:

1751 1517 1840 1577 96

2040 1534 2085 1594 Le
2115 1539 2218 1599 fléau

1749 1604 1863 1664 Avant
1894 1611 1929 1671 de
1961 1613 1991 1673 se
2027 1619 2128 1679 vouer
2159 1621 2220 1681 aux
2256 1629 2384 1689 lettres,
2415 1637 2538 1697 Arthui

1708 1646 1908 1706 Schnitzler,
1932 1656 1959 1716 le
1988 1661 2085 1721 grand
2118 1665 2258 1725 écrivain
2296 1673 2328 1733 et
2352 1679 2542 1739 dramatur-

1704 1690 1737 1750 ge
1771 1694 1949 1754 autrichien
1988 1702 2050 1762 qui
2080 1706 2171 1766 vient
2205 1712 2238 1772 de
2277 1718 2422 1778 mourir,
2451 1725 2542 1785 avait

1704 1733 1761 1793 fait
1784 1736 1840 1796 des
1863 1739 1978 1799 études
2004 1744 2040 1804 de
2067 1750 2234 1810 médecine
2261 1757 2291 1817 et
2314 1760 2407 1820 avait
2429 1767 2534 1827 même

1705 1777 1767 1837 pris
1791 1777 1843 1837 ses
1868 1784 2077 1844 inscriptions
2106 1794 2115 1854 à
2145 1795 2173 1855 la
2207 1799 2341 1859 Faculté
2370 1806 2408 1866 de
2437 1810 2537 1870 Vien¬

1699 1819 1756 1879 ne.
1783 1819 1827 1879 De
1863 1826 1942 1886 cette
1974 1833 2102 1893 époque
2138 1840 2208 1900 date
2244 1843 2270 1903 la
2306 1849 2403 1909 petite
2439 1854 2536 1914 anec¬

1700 1864 1774 1924 dote
1800 1870 1975 1930 suivante:

1739 1907 1788 1967 Un
1820 1912 1879 1972 des
1907 1920 2129 1980 professeurs,
2152 1927 2256 1987 connu
2293 1933 2375 1993 pour
2402 1938 2538 1998 l’ennui

1664 1950 1881 2010 —irrésistible
1904 1958 1968 2018 que
1991 1964 2163 2024 dégageait
2182 1970 2236 2030 son
2264 1975 2377 2035 cours,
2396 1981 2536 2041 deman¬

1696 1992 1730 2052 da
1760 1995 1769 2055 à
1799 1997 1848 2057 ses
1868 2001 1995 2061 élèves,
2015 2006 2049 2066 au
2079 2010 2182 2070 début
2202 2014 2305 2074 d'une
2330 2019 2418 2079 leçon
2448 2026 2535 2086 qu’il

1693 2040 1856 2100 comptait
1892 2046 2060 2106 consacrer
2096 2051 2109 2111 à
2145 2055 2171 2115 la
2211 2061 2441 2121 tuberculose:

1798 2086 1912 2146 Quelle
1942 2089 1989 2149 est
2014 2093 2037 2153 la
2066 2097 2204 2157 maladie
2234 2102 2295 2162 qui
2315 2106 2396 2166 nous
2425 2111 2525 2171 affec¬

1691 2121 1718 2181 te
1746 2124 1768 2184 le
1796 2129 1868 2189 plus
1896 2132 1927 2192 et
1946 2136 2005 2196 qui
2028 2137 2109 2197 nous
2133 2144 2269 2204 menace
2297 2147 2319 2207 le
2347 2150 2442 2210 plus?

1732 2168 1793 2228 Sur
1828 2174 1923 2234 quoi,
1952 2177 1990 2237 du
2028 2181 2104 2241 fond
2143 2186 2181 2246 de
2215 2192 2430 2252 l'auditoire,
2459 2200 2521 2260 une

1694 2210 1763 2270 voix
1798 2216 1896 2276 (celle
1926 2220 1965 2280 de
1996 2225 2217 2285 Schnitzler):

1726 2255 1739 2315 —
1797 2257 1836 2317 La
1876 2264 2017 2324 maladie
2057 2268 2092 2328 du
2137 2273 2309 2333 sommeil,
2340 2280 2525 2340 monsieur!

1727 2300 1758 2360 Il
1782 2304 1890 2364 paraît
1918 2309 1976 2369 que
2009 2310 2031 2370 le
2059 2315 2250 2375 professeur
2278 2320 2314 2380 ne
2342 2325 2518 2385 pardonna

1688 2344 1825 2404 jamais.
1847 2347 1889 2407 Et
1915 2352 2077 2412 peut-être
2104 2358 2202 2418 est-ce
2232 2362 2262 2422 sa
2292 2365 2438 2425 rancune
2468 2371 2527 2431 qui

1684 2389 1798 2449 décida
1828 2392 2014 2452 Schnitzler
2038 2398 2048 2458 à
2077 2398 2105 2458 se
2134 2403 2312 2463 détourner
2341 2410 2374 2470 de
2403 2413 2427 2473 la
2456 2415 2527 2475 mé-

1685 2431 1816 2491 decine.
1847 2437 1968 2497 Sait-on
2009 2443 2146 2503 jamais?

1676 2577 1896 2637 Ausschnitt
1919 2578 2009 2638 aus:

1797 2798 1941 2858 Wyeinek
1964 2796 1974 2856 t
1998 2789 2231 2849 hiatunetua

1812 2903 1943 2963 NOWY
1992 2893 2220 2953 DNIK

1798 2964 2064 3024 SENA

2159 3025 2208 3085 193
2263 3026 2295 3086 r.

1657 3106 1927 3166 STANOWESKO
1970 3104 2132 3164 ARTURA
2176 3103 2457 3163 SCHNITZLERA
2501 3100 2587 3160 WO-

1611 3156 1684 3216 BEC
1719 3153 1881 3213 WOJNY.
1901 3153 1964 3213 Gdy
1994 3150 2161 3210 wybuchla
2186 3148 2289 3208 wojna
2314 3147 2500 3207 światowa,
2516 3146 2588 3206 pra-

1613 3201 1647 3261 sa
1677 3198 1899 3258 petersburska
1934 3195 2109 3255 pnzyniosła
2144 3194 2323 3254 enuncjacje
2349 3192 2511 3252 zmarlego
2542 3189 2588 3249 pi-

1613 3246 1705 3306 sarza
1741 3243 1988 3303 austrjackiego,
2015 3240 2125 3300 Artura
2156 3239 2350 3299 Schnitzlera
2386 3237 2398 3297 o
2434 3237 2592 3297 Tolstoju,

1624 3288 1857 3348 Macterlincku,
1880 3285 2006 3345 Anatolu
2039 3283 2155 3343 France
2184 3284 2197 3344 i
2216 3283 2244 3343 t.
2263 3282 2300 3342 d.
2319 3281 2337 3341 W
2389 3279 2458 3339 tych
2492 3279 2584 3339 enun¬

1621 3332 1749 3392 cjacjach
1780 3332 1859 3392 miał
1882 3330 1921 3390 się
1952 3329 2128 3389 Schnitzler
2155 3325 2402 3385 wypowiedzieć
2433 3323 2503 3383 jako
2535 3322 2587 3382 za-

1617 3377 1744 3437 gorzały
1771 3374 1974 3434 nacjonalista
2005 3371 2181 3431 niemiecki.
2204 3371 2380 3431 Schnitzler
2407 3368 2583 3428 przeciwko

1623 3422 1699 3482 temu
1732 3417 1991 3477 zaprotestował,
2016 3417 2194 3477 ogłaszając
2227 3416 2243 3476 w
2284 3414 2385 3474 prasie
2418 3413 2591 3473 szwajcar-

1624 3466 1705 3526 skiej
1728 3463 1868 3523 artykuł,
1910 3463 1923 3523 w
1964 3464 2072 3524 którym
2132 3461 2304 3521 czytamy:
2345 3458 2436 3518 „Jest
2482 3457 2590 3517 rzecza

1620 3508 1743 3568 wprost
1792 3507 2048 3567 zawstydzającą
2084 3506 2133 3566 dla
2168 3506 2287 3566 kogoś,
2336 3503 2424 3563 który
2464 3501 2587 3561 zawsze

1614 3551 1753 3611 trzymał
1777 3551 1817 3611 się
1841 3553 1926 3613 zdala
1954 3553 1986 3613 od
2013 3550 2122 3610 patosu
2150 3549 2349 3609 banalności,
2363 3550 2399 3610 że
2422 3547 2504 3607 musi
2527 3545 2590 3605 wy-

1614 3593 1720 3653 raźnie
1754 3596 1953 3656 zaznaczyć,
1973 3598 2000 3658 iż
2033 3596 2140 3656 piękno
2173 3595 2298 3655 zawsze
2332 3592 2378 3652 dla
2411 3592 2499 3652 niego
2532 3591 2587 3651 po-

1613 3640 1758 3700 zostanie
1794 3643 1953 3703 pięknem,
1984 3641 2134 3701 wielkość
2170 3640 2298 3700 zawsze
2333 3638 2532 3698 wielkościa.

1621 3685 1742 3745 chociaż
1779 3688 1938 3748 pochodzi
1967 3688 1999 3748 od
2032 3687 2205 3747 narodów,
2228 3686 2242 3746 z
2275 3685 2415 3745 któremi
2444 3685 2513 3745 jego
2546 3680 2592 3740 oi-

1619 3729 1735 3789 czyzna
1768 3732 1935 3792 prowadzi
1964 3732 2079 3792 wojnę.
2103 3730 2238 3790 Później
2266 3729 2359 3789 atoli,
2382 3732 2438 3792 gdy
2476 3726 2587 3786 znowu

1618 3775 1714 3835 rokój
1737 3777 1904 3837 zapanuje,
1922 3777 2089 3837 zechcemy
2116 3774 2204 3834 sobie
2231 3774 2243 3834 z
2270 3774 2416 3834 bolesnem
2456 3769 2592 3829 zdumie-

1621 3816 1683 3876 niem
1725 3822 1970 3882 przypomnieć,
1988 3825 2025 3885 że
2053 3822 2111 3882 był
2134 3820 2225 3880 czas,
2248 3818 2261 3878 w
2303 3816 2416 3876 którym
2457 3814 2588 3874 byliśmy

1621 3864 1783 3924 zmuszeni
1811 3867 1911 3927 wołać
1938 3867 2015 3927 poza
2043 3867 2169 3927 granice
2197 3864 2301 3924 swego
2334 3863 2437 3923 kraju,
2456 3861 2492 3921 że
2520 3858 2592 3918 cho-

1619 3909 1679 3969 czż
1708 3909 1806 3969 każdy
1839 3912 1853 3972 z
1877 3912 1932 3972 nas
1961 3912 2058 3972 kocha
2082 3909 2147 3969 swą
2176 3909 2344 3969 viczyzne,
2363 3909 2456 3969 nigdy
2485 3903 2587 3963 jednak

1617 3952 1665 4012 ze
1697 3954 1824 4014 wyprze
1851 3956 1895 4016 się
1922 3956 2049 4016 uozucia
2076 3954 2313 4014 wdzięczności
2332 3952 2344 4012 i
2367 3950 2411 4010 nie
2438 3947 2596 4007 sprzenie-

1627 3998 1739 4058 wierzy
1771 3999 1808 4059 się
1840 4000 2160 4060 sprawiedliwości".
