3436 4352
156 270 278 330 12.

338 270 920 330 Schnitzlers
992 267 1221 327 beath

496 619 577 679 DIE
624 616 818 676 BOIINE

504 1049 569 1109 bare
604 1049 700 1109 Stirn,
736 1049 783 1109 die
818 1046 923 1106 weißen
963 1046 1058 1106 Haare
1103 1043 1154 1103 des
1182 1043 1281 1103 Kinn¬

504 1088 601 1148 bartes
634 1089 761 1149 zittern.
794 1088 850 1148 Mit
883 1085 965 1145 einem
1023 1082 1267 1142 verzweifelnden

507 1128 729 1188 Achselzucken
767 1127 834 1187 sehe
868 1124 910 1184 ich
948 1124 998 1184 ihn
1036 1124 1195 1184 dastehen,
1225 1121 1254 1181 am

508 1167 588 1227 Ende
615 1166 707 1226 seiner
730 1165 916 1225 glorreichen
948 1162 1050 1222 siebzig
1077 1162 1182 1222 Jahre,
1201 1159 1267 1219 nach

504 1207 616 1267 solchem
664 1207 820 1267 Schaffen,
846 1204 963 1264 solchen
1002 1201 1210 1261 Triumphen.
1236 1198 1275 1258 Er

511 1246 569 1306 war
601 1246 675 1306 doch
715 1246 769 1306 vor
801 1243 871 1303 allem
918 1243 957 1303 ein
997 1243 1086 1303 Arzt,
1114 1240 1188 1300 stets
1220 1240 1274 1300 mit

512 1288 562 1348 dem
600 1287 704 1347 Finger
730 1285 758 1345 am
796 1285 909 1345 eigenen
939 1282 1018 1342 Puls,
1039 1282 1089 1342 und
1118 1279 1147 1339 er
1169 1279 1281 1339 wußte,

508 1327 562 1387 daß
595 1327 645 1387 der
678 1325 738 1385 Tod
776 1324 858 1384 kam.

883 1362 1022 1422 (Berliner
1053 1359 1244 1419 Tageblatt.)

509 1431 859 1491 ANSICHSTKARTE
890 1428 964 1488 VOM
1005 1428 1269 1488 SEMMERING.

737 1473 847 1533 (Schluß
870 1473 914 1533 von
937 1470 1007 1530 Kette
1026 1470 1052 1530 5,

507 1524 641 1584 schwung
676 1524 732 1584 aus
763 1521 810 1581 der
845 1521 932 1581 tiefen
971 1518 1275 1578 Niedergeschlagen-

513 1563 573 1623 heit
599 1562 699 1622 trüber
730 1561 825 1621 Tage.
851 1559 911 1619 Und
946 1557 1024 1617 dann
1055 1556 1128 1616 sitet
1155 1556 1215 1616 man
1254 1556 1275 1616 in

517 1601 604 1661 diesem
654 1601 796 1661 schnellen
834 1598 909 1658 Zug.
947 1598 996 1658 der
1030 1598 1059 1658 am
1110 1595 1276 1655 Vormittay

513 1642 543 1702 da
578 1640 787 1700 herauffährt,
809 1637 957 1697 dämmert
988 1637 1048 1697 eine
1075 1637 1188 1697 Stunde
1219 1634 1283 1694 lang

517 1682 585 1742 ohne
612 1682 671 1742 viel
689 1679 861 1739 Hoffnung.
879 1676 955 1736 Aber
977 1676 1059 1736 schon
1089 1676 1132 1736 bei
1150 1674 1278 1734 Wiener¬

516 1719 666 1779 Neustadt
689 1718 795 1778 grüßen
827 1718 870 1778 die
898 1718 982 1778 Berge
1009 1715 1150 1775 herüber,
1168 1715 1274 1775 grüßen

513 1761 563 1821 und
597 1759 723 1819 trösten.
749 1759 812 1819 Und
846 1756 913 1816 nach
943 1756 993 1816 der
1019 1756 1141 1816 zweiten
1171 1753 1280 1813 Stunde

513 1800 597 1860 steigt
631 1798 694 1858 man
729 1798 792 1858 hier
826 1798 893 1858 aus:
932 1795 1118 1855 Entwischt!
1157 1793 1283 1853 Beinahe

509 1840 620 1900 möchte
653 1839 713 1899 man
745 1839 850 1899 sagen:
874 1834 1010 1894 Gerettet

554 1880 614 1940 Das
654 1879 692 1939 ist
736 1879 810 1939 dann
858 1876 905 1936 die
949 1874 1157 1934 wundervolle
1201 1872 1283 1932 Gabe

513 1918 600 1978 dieses
630 1919 748 1979 Berges,
773 1918 827 1978 daß
866 1915 925 1975 man
963 1912 1017 1972 sich
1051 1915 1114 1975 hier
1144 1912 1273 1972 einreden

509 1958 601 2018 kann,
623 1957 665 2017 die
691 1956 780 2016 Stadt
806 1956 835 2016 zu
865 1953 1030 2013 vergessen,
1048 1953 1102 2013 das
1133 1953 1196 2013 man
1226 1950 1280 2010 sich

513 1997 560 2057 dem
608 1996 703 2056 Traum
752 1995 881 2055 hingibt,
908 1992 986 2052 ihrem
1035 1992 1108 2052 Bann
1147 1992 1286 2052 entrückt

509 2037 540 2097 zu
572 2037 648 2097 sein,
671 2037 743 2097 aller
770 2034 910 2094 Pflichten
946 2034 1036 2094 ledig,
1063 2031 1117 2091 und
1149 2031 1203 2091 von
1240 2030 1288 2090 der

520 2077 729 2137 All-agsarbeit
757 2076 881 2136 befreit.
904 2072 965 2132 Daß
1002 2073 1063 2133 man
1100 2071 1166 2131 aber
1198 2070 1286 2130 dabei

512 2115 585 2175 doch
616 2117 637 2177 im
680 2115 784 2175 Innern
815 2115 857 2175 die
884 2112 1069 2172 Beruhigung
1096 2112 1174 2172 ihrer
1200 2109 1281 2169 Nähe

522 2155 611 2215 spürt,
633 2153 682 2213 die
710 2153 793 2213 Nähe
826 2153 874 2213 der
897 2153 986 2213 Stadt
1017 2150 1066 2210 wie
1097 2150 1146 2210 der
1173 2147 1280 2207 Arbeit

525 2195 584 2255 Man
615 2195 650 2255 ist
676 2193 758 2253 nicht
780 2192 943 2252 entflonen.
966 2192 1000 2252 ist
1022 2189 1112 2249 seinen
1147 2189 1285 2249 Pflichten

516 2234 595 2294 nicht
630 2234 807 2294 desertiert.
837 2231 891 2291 Die
926 2231 1035 2291 Leine,
1061 2230 1094 2290 an
1133 2228 1188 2288 der
1222 2228 1285 2288 man

518 2276 569 2336 von
608 2273 702 2333 seinem
755 2273 845 2333 Beruf
884 2272 1044 2332 gegängelt
1087 2268 1174 2328 wird,
1209 2267 1286 2327 diese

522 2315 602 2375 Leine
629 2315 722 2375 reicht
749 2314 850 2374 gerade
877 2312 948 2372 noch
980 2312 1024 2372 bis
1046 2309 1148 2369 hieher
1171 2309 1290 2369 herauf,

517 2356 571 2416 und
605 2353 654 2413 das
680 2353 817 2413 bewahrt
843 2353 880 2413 sie
905 2350 1018 2410 davor,
1039 2350 1122 2410 lästig
1152 2349 1181 2409 zu
1214 2347 1289 2407 wer-

513 2392 584 2452 den.
605 2392 706 2452 Dieser
736 2392 903 2452 anmutige,
925 2389 1080 2449 tröstliche
1110 2389 1176 2449 Berg
1206 2389 1265 2449 steh

518 2434 673 2494 eigentlich
713 2434 762 2494 gar
798 2431 882 2491 nicht
918 2431 1002 2491 mehr
1038 2428 1197 2488 außerhalb
1238 2428 1286 2488 der

521 2473 614 2533 Stact,
643 2473 675 2533 er
704 2471 757 2531 ist.
786 2470 908 2530 möchte
941 2470 1005 2530 man
1042 2470 1205 2530 sprechen,
1234 2467 1286 2527 nur

517 2515 594 2575 einer
621 2514 672 2574 der
698 2512 840 2572 höchsten
871 2512 988 2572 Punkte
1014 2509 1065 2569 von
1100 2509 1199 2569 Wien.
1221 2509 1285 2569 Und

525 2553 579 2613 wer
612 2553 666 2613 auf
700 2553 750 2613 dem
805 2550 984 2610 Semmering
1022 2550 1076 2610 ist,
1114 2550 1189 2610 kann
1240 2549 1289 2609 gar

525 2595 606 2655 nicht
637 2595 680 2655 als
711 2595 836 2655 verreist
863 2592 979 2652 gelten.

525 2675 595 2735 DER
638 2671 873 2731 SEMMERING
922 2670 992 2730 ALS
1028 2669 1263 2729 IIOHENKUR

859 2711 935 2771 ORT

741 2754 853 2814 (Schluß
877 2753 919 2813 von
947 2751 1012 2811 Selte
1036 2750 1074 2810 10)

531 2804 614 2864 durch
655 2803 699 2863 die
731 2801 881 2861 davernde
908 2801 1117 2861 Schneedecke
1157 2798 1192 2858 ist
1224 2798 1290 2858 auch

531 2843 592 2903 eine
646 2843 904 2903 Verunreinigung
967 2840 1019 2900 der
1069 2840 1180 2900 Luft,
1207 2837 1295 2897 durch

529 2884 610 2944 Staub
644 2882 722 2942 usw.
744 2882 818 2942 ganz
847 2879 1102 2939 ausgeschlossen.

566 2927 661 2987 Diesen
701 2924 904 2984 klimatischen
948 2921 1100 2981 Vorzügen
1144 2918 1295 2978 verdankt

531 2967 579 3027 das
606 2965 814 3025 Hochgebirge
854 2962 902 3022 und
939 2959 987 3019 der
1014 2959 1191 3019 Semmering
1222 2956 1293 3016 ganz

521 3007 676 3067 besonders
710 3004 773 3064 eine
799 3001 887 3061 Reihe
913 3001 963 3061 von
998 2998 1103 3058 höchst
1128 2997 1271 3057 wohltuen

525 3046 575 3106 den
621 3045 801 3105 Wirkungen
848 3043 902 3103 auf
940 3041 994 3101 den
1041 3039 1183 3099 gesunden
1234 3036 1263 3096 un

529 3085 652 3145 kranken
689 3082 862 3142 Menschen.
890 3079 949 3139 Wie
981 3077 1210 3137 tausendfältige
1242 3075 1278 3135 Er

526 3125 655 3185 fahrung
694 3124 806 3184 bereits
841 3121 974 3181 erwiesen
1013 3121 1069 3181 hat
1104 3118 1159 3178 und
1203 3116 1289 3176 durch

527 3164 626 3224 emsige
657 3162 934 3222 wissenschaftliche
965 3159 1129 3219 Forschung
1160 3157 1298 3217 bestätigt

531 3204 580 3264 ist,
635 3203 758 3263 wirkt,
790 3201 844 3261 das
890 3201 1225 3261 Hochgebirgsklima,
1253 3195 1280 3255 im

525 3244 659 3304 höchsten
700 3243 789 3303 Maße
825 3240 1027 3300 erfrischend,
1055 3239 1198 3299 anregend
1243 3234 1296 3294 und

527 3287 715 3347 kraftigend,
749 3282 824 3342 hebt
857 3282 984 3342 Appetit
1018 3279 1070 3339 und
1113 3276 1306 3336 Ernährung.

534 3323 635 3383 erhöht
685 3323 733 3383 die
782 3321 1052 3381 Muskeltatigkeit,
1097 3318 1199 3378 ebenso
1253 3312 1301 3372 die

532 3364 681 3424 Tatigkeit
709 3362 759 3422 der
791 3362 900 3422 lungen
937 3359 991 3419 und
1028 3359 1073 3419 des
1105 3357 1300 3417 Kreislaufes,

531 3404 623 3464 härtet
655 3401 699 3461 die
731 3401 819 3461 Haut
846 3401 898 3461 ab,
921 3401 1049 3461 kräftigt
1081 3398 1129 3458 das
1161 3395 1298 3455 Nerven-

527 3443 647 3503 ryttem,
661 3443 759 3503 belebt
782 3440 902 3500 Energie
925 3437 974 3497 und
1006 3437 1184 3497 Stimmung.
1203 3437 1292 3497 Hiezu

531 3485 643 3545 kommt
685 3482 777 3542 noch,
815 3479 869 3539 dah
915 3479 1195 3539 erfahrungsgemäß
1246 3473 1295 3533 das

535 3523 754 3583 Hochgebirge,
776 3520 827 3580 und
858 3519 1017 3579 besonders
1039 3518 1090 3578 der
1112 3515 1305 3575 Semmering.

538 3562 564 3622 zu
592 3562 671 3622 jeder
694 3562 760 3622 Zeit
787 3559 840 3619 mit
858 3559 960 3619 Erfolg
987 3556 1160 3616 aufgesucht
1187 3553 1298 3613 werden

536 3604 627 3664 kann,
646 3602 700 3662 daß
728 3601 754 3661 es
778 3598 846 3658 dort
869 3598 946 3658 keine
974 3595 1105 3655 „Saison"
1133 3595 1210 3655 gibt,
1229 3592 1292 3652 nach

527 3641 609 3701 deren
640 3642 757 3702 Ablauf
788 3640 835 3700 der
866 3638 1000 3698 Kranke,
1036 3634 1087 3694 wie
1118 3634 1161 3694 ein
1192 3637 1301 3697 ewiger

531 3682 689 3742 Ahasver,
710 3679 820 3739 wieder
861 3676 1102 3736 weiterwandern
1152 3676 1233 3736 muß,
1270 3673 1302 3733 ob

534 3720 641 3780 geheilt
664 3720 733 3780 oder
764 3718 858 3778 nicht,
876 3718 1010 3778 nachdem
1050 3715 1123 3775 diese
1150 3715 1296 3775 günstigen

538 3759 736 3819 klimatischen
787 3756 1001 3816 Verhältnine,
1040 3754 1205 3814 zusammen
1256 3753 1310 3813 mit

536 3803 584 3863 den
625 3800 852 3860 vorzüglichen,
879 3797 1079 3857 kurörtlichen
1115 3792 1306 3852 Einrichtun-

534 3843 577 3903 gen
616 3840 668 3900 auf
699 3840 751 3900 dem
795 3837 994 3897 Semmering,
1029 3837 1081 3897 wie
1116 3834 1307 3894 jahrzehnte-

538 3882 618 3942 lange
663 3879 871 3939 Beobachtung
916 3879 1009 3939 zeigt,
1045 3876 1076 3936 zu
1121 3873 1200 3933 jeder
1241 3873 1307 3933 Zeit

538 3919 617 3979 einen
649 3920 860 3980 erfolgreichen
892 3913 1072 3973 Aufenthalt
1099 3913 1311 3973 ermöglichen.

572 3959 653 4019 Allen
690 3958 786 4018 diesen
822 3956 972 4016 Vorzügen
1010 3956 1128 4016 zufolge
1160 3953 1214 4013 hat
1242 3950 1296 4010 sich

536 4000 584 4060 auf
623 3999 675 4059 dem
729 3998 911 4058 Semmering
950 3995 1190 4055 gewisermassen
1239 3992 1301 4052 eine

1449 264 1571 324 box
1641 264 1825 324 44/2

1606 883 1626 943 1

1326 1040 1399 1100 neue
1436 1040 1665 1100 Heilmethode,
1702 1040 1751 1100 die
1797 1037 1850 1097 der
1895 1036 2091 1096 sogenannten

1335 1079 1531 1139 Höhenkuren
1577 1079 1766 1139 entwickelt,
1804 1076 1910 1136 welche
1956 1074 2103 1134 durchaus

1332 1120 1415 1180 nicht
1453 1119 1552 1179 allein,
1578 1118 1632 1178 wie
1665 1118 1866 1178 anderwärts,
1887 1115 1936 1175 für
1962 1115 2099 1175 Lungen-

1337 1156 1520 1216 tuberkulose
1553 1156 1610 1216 (die
1643 1156 1667 1216 in
1700 1156 1777 1216 ihrer
1806 1156 1949 1216 schweren
1987 1153 2096 1213 offenen

1335 1196 1400 1256 Form
1440 1195 1487 1255 für
1514 1195 1566 1255 den
1597 1195 1776 1255 Semmering
1807 1195 1902 1255 direkt
1929 1194 2103 1254 ungeeignet

1333 1237 1393 1297 ist),
1431 1237 1553 1297 sondern
1591 1236 1639 1296 für
1668 1236 1730 1296 eine
1763 1234 1865 1294 immer
1898 1234 2098 1294 zunehmende

1331 1276 1404 1336 Zahl
1437 1276 1490 1336 von
1528 1276 1651 1336 anderen
1692 1275 1992 1335 Krankheitsformen
2042 1270 2095 1330 von

1337 1317 1476 1377 geradezu
1508 1315 1700 1375 spezifischer
1733 1315 1943 1375 Wirksamkeit
1971 1311 2024 1371 ist.
2047 1309 2109 1369 Wir

1335 1355 1444 1415 nennen
1492 1354 1554 1414 hier
1594 1353 1649 1413 nur
1684 1353 1994 1413 Schwächezustände
2038 1349 2100 1409 ver-

1333 1395 1525 1455 schiedenster
1554 1392 1702 1452 Ursache,
1724 1393 1752 1453 so
1781 1392 1805 1452 in
1842 1392 2101 1452 Rekonvaleszenz

1337 1437 1401 1497 nach
1451 1434 1671 1494 verschiedenen
1716 1432 1822 1492 akuten
1860 1431 2108 1491 Erkrankungen,

1403 1474 1452 1534 den
1524 1473 1733 1533 sogenannten
1796 1470 2103 1530 Prophylaktikern,

1341 1512 1549 1572 Aithenikern,
1570 1512 1667 1572 jungen
1700 1511 1806 1571 Leuten
1839 1512 1892 1572 mit
1917 1511 2100 1571 exsudativer

1340 1553 1490 1613 Diathese,
1512 1550 1713 1610 Skrophulose
1743 1550 1818 1610 usw.
1840 1548 1919 1608 usw.

1378 1592 1482 1652 Ferner
1517 1592 1567 1652 bei
1592 1589 1823 1649 Erkrankungen
1866 1589 1916 1649 der
1946 1589 2105 1649 Atmungi-

1337 1634 1458 1694 organe,
1488 1631 1606 1691 Asthma
1644 1631 1833 1691 bronchiale,
1859 1631 1930 1691 dann
1969 1629 2019 1689 bei
2049 1627 2099 1687 den

1340 1673 1587 1733 verschiedensten
1635 1670 1775 1730 nervösen
1827 1670 2011 1730 Zuständen,
2050 1667 2101 1727 wie

1342 1712 1571 1772 Neurasthenie,
1593 1711 1753 1771 Hysterie,
1775 1710 1848 1770 dann
1883 1709 1935 1769 bei
1961 1709 2030 1769 den,
2057 1706 2108 1766 be¬

1340 1753 1458 1813 sonders
1483 1751 1527 1811 bei
1548 1750 1601 1810 uns
1626 1750 1646 1810 in
1679 1750 1728 1810 den
1757 1750 1863 1810 letrten
1892 1747 1998 1807 Jahren
2027 1747 2108 1807 recht

1342 1792 1433 1852 häufig
1485 1789 1733 1849 vorkommenden
1788 1789 1913 1849 Morbus
1956 1787 2115 1847 Baiedow,

1588 1933 2014 1993 ORIGINAI

1586 2008 2061 2068 HEITZMAMN

1578 2055 1790 2115 KLAVILRE
1821 2050 1836 2110 -
1877 2054 2100 2114 PIAMINOS

1764 2088 1902 2148 Tallrahlun

1578 2126 1666 2186 Wien,
1677 2127 1729 2187 vi.,
1745 2127 1839 2187 Wedg.
1850 2127 1875 2187 3,
1892 2125 1954 2185 Tel.
1965 2124 1975 2184 B
1997 2122 2095 2182 27-4-2

1355 2234 1456 2294 ndlich
1514 2237 1562 2297 bei
1611 2234 1832 2294 verschiedenen
1890 2234 2111 2294 Stoffwechsel¬

1346 2276 1566 2336 cckrankungen
1609 2276 1773 2336 (Diabetes,
1802 2276 1909 2336 Gicht,
1938 2273 2111 2333 Fettleibig-

1346 2313 1404 2373 keit
1430 2315 1530 2375 usw.).
1568 2315 1681 2375 weiters
1707 2315 1757 2375 bei
1782 2315 1908 2375 Malaria
1942 2312 1992 2372 und
2026 2312 2105 2372 ihren

1353 2354 1594 2414 Folgezuständen
1625 2354 1677 2414 und
1707 2353 1819 2413 endlich
1845 2353 1893 2413 bei
1915 2353 1962 2413 dem
2001 2351 2104 2411 großen

1350 2391 1437 2451 Heere
1471 2392 1543 2452 aller
1577 2392 1626 2452 der
1656 2392 1836 2452 Erholungs-
1874 2391 1929 2451 und
1975 2392 2113 2452 Ruhebe¬

1350 2432 1510 2492 dürftigen,
1528 2431 1617 2491 sowie
1640 2431 1688 2491 bei
1706 2431 1884 2491 Nachkuren
1916 2431 1982 2491 nach
2009 2431 2111 2491 Karls¬

1349 2474 1415 2534 bad,
1445 2473 1608 2533 Nauheim,
1634 2471 1739 2531 Davos
1764 2470 1839 2530 usw.
1869 2470 1919 2530 und
1957 2470 2116 2530 besonders

1352 2515 1416 2575 auch
1464 2512 1532 2572 noch
1580 2512 1627 2572 bei
1666 2510 1898 2570 Erkrankungen
1946 2509 1997 2569 des
2036 2509 2113 2569 blui-

1369 2550 1501 2610 ildenden
1527 2550 1680 2610 Systemet,
1693 2550 1872 2610 angefangen
1903 2550 1949 2610 von
1971 2550 2111 2610 Chlorose

1350 2592 1391 2652 bis
1413 2592 1466 2652 zur
1493 2592 1668 2652 perniziosen
1702 2589 1840 2649 Anámie,
1862 2589 2017 2649 Leukämie
2047 2589 2121 2649 usw.

1386 2640 1422 2700 Es
1450 2640 1481 2700 ist
1509 2640 1817 2700 selbstverständlich,
1841 2637 1890 2697 daß
1928 2637 1978 2697 das
2006 2637 2120 2697 Klima,

1349 2680 1399 2740 das
1422 2679 1449 2739 so
1482 2679 1629 2739 deutliche
1657 2677 1799 2737 Einflüsse
1832 2678 1881 2738 auf
1910 2676 1951 2736 die
1983 2677 2116 2737 wichtig¬

1352 2721 1404 2781 sten
1441 2720 1619 2780 Fanktionen
1652 2718 1700 2778 des
1729 2718 1939 2778 menschlichen
1972 2719 2114 2779 Organis-

1346 2759 1402 2819 mus
1436 2758 1542 2818 ausübt
1576 2757 1629 2817 und
1670 2756 1761 2816 daher
1794 2756 1864 2816 auch
1901 2756 2020 2816 gewitse
2057 2755 2118 2815 An-

1355 2798 1546 2858 forderungen
1571 2798 1600 2858 an
1630 2798 1776 2858 denselben
1805 2795 1892 2855 atellt,
1909 2795 1955 2855 bei
1976 2795 2109 2855 manchen

1352 2837 1490 2897 ernsteren
1525 2837 1870 2897 Krankheitezuständen
1904 2837 1954 2897 mit
1984 2837 2123 2897 Vorsicht

1355 2878 1545 2938 angewendet
1586 2876 1695 2936 werden
1740 2876 1829 2936 muß.
1862 2876 1898 2936 Es
1939 2876 2003 2936 muß
2048 2876 2117 2936 aber

1355 2918 1454 2978 betont
1490 2918 1616 2978 werden,
1642 2918 1694 2978 das
1725 2918 1890 2978 zahlreiche
1926 2916 2017 2976 dieser
2044 2915 2121 2975 Fälle

1352 2956 1398 3016 bei
1419 2956 1667 3016 entsprechender
1702 2956 1841 3016 Vorsicht
1875 2956 1929 3016 und
1972 2954 1997 3014 in
2039 2956 2119 3016 einer

1359 2998 1474 3058 Anstalt
1497 2998 1580 3058 unter
1607 2998 1762 3058 ärztlicher
1789 2995 1925 3055 Aufsicht
1957 2995 1996 3055 die
2028 2995 2111 3055 Höhe

1384 3132 1717 3192 Kochschule
1759 3132 2076 3192 Kofranek

1381 3232 1524 3292 WIEN,
1535 3234 1579 3294 I.,
1590 3234 2069 3294 SCHOTTENGASSE

1377 3309 1575 3369 Tages-
1596 3306 1675 3366 und
1708 3306 2079 3366 Abendkurse

1562 3344 1725 3404 Telephon
1750 3343 1901 3403 U25-708

1381 3386 1578 3446 AUSIII.DUNO
1603 3381 1664 3441 VON
1685 3383 1816 3443 EINFACH
1841 3383 2083 3443 BOROERLICHEN

1553 3413 1599 3473 MIS
1621 3413 1778 3473 PEINNTER
1800 3413 1906 3473 KOCHE

1352 3507 1423 3567 doch
1459 3506 1670 3566 überraschend
1706 3507 1760 3567 gut
1791 3506 1939 3566 vertragen
1980 3506 2033 3566 und
2069 3503 2127 3563 mit

1837 3544 1895 3604 Vor
1941 3544 2013 3604 allem
2076 3544 2107 3604 am

1361 3547 1458 3607 Ertulg
1506 3547 1634 3607 benützt
1677 3544 1792 3604 haven.

1355 3588 1546 3648 Sewmering.
1585 3586 1637 3646 bei
1681 3586 1807 3646 welchem
1868 3586 1985 3646 zufolge
2029 3583 2124 3643 seiner

1358 3629 1486 3689 geringen
1537 3626 1628 3686 Höhe
1670 3625 1729 3685 sich
1776 3625 1821 3685 die
1868 3625 2028 3685 Nachteile
2074 3622 2124 3682 des

1365 3667 1579 3727 Hohe'limas
1615 3665 1686 3725 doch
1740 3664 1798 3724 viel
1838 3664 1967 3724 weniger
2008 3664 2119 3724 geltend

1358 3708 1492 3768 machen,
1517 3706 1570 3766 und
1615 3705 1668 3765 auf
1706 3703 1832 3763 welchem
1886 3703 2123 3763 hervorragende

1358 3746 1536 3806 kurörtliche
1568 3744 1795 3804 Einrichtungen
1841 3741 1893 3801 von
1930 3741 2046 3801 Anfang
2091 3741 2121 3801 an

1365 3786 1418 3846 eine
1445 3785 1636 3845 sachgemäße
1659 3783 1712 3843 und
1739 3783 1859 3843 richtige
1886 3783 2024 3843 ärztliche
2051 3781 2126 3841 Auf-

1362 3825 1429 3885 sicht
1461 3825 1515 3885 und
1546 3822 1739 3882 Behandlung
1771 3821 1985 3881 ermöglichen.

1397 3864 1475 3924 Allen
1510 3863 1601 3923 diesen
1637 3861 1785 3921 Vorteilen
1824 3861 1972 3921 verdankt
2008 3861 2038 3921 es
2073 3861 2125 3921 der

1364 3903 1556 3963 Semmering,
1579 3903 1629 3963 daß
1661 3900 1688 3960 er
1721 3900 1771 3960 sich
1803 3900 1857 3960 teit
1885 3900 2027 3960 ungefähr
2055 3900 2132 3960 zwei

1362 3944 1523 4004 Derennien
1552 3942 1600 4002 von
1625 3939 1701 3999 einer
1718 3938 1964 3998 Sommerfrische
1985 3938 2009 3998 zu
2034 3938 2110 3998 einem

1370 3983 1583 4043 Hohenkurort
1611 3982 1697 4042 eriten
1733 3980 1847 4040 Ranges
1874 3980 2042 4040 entwickelt
2070 3980 2133 4040 hat.

1690 4092 1775 4152 54

2140 709 2188 769 der
2210 709 2342 769 jahraus,
2360 706 2470 766 jahrein
2501 706 2549 766 von
2576 706 2760 766 zahlreichen
2783 703 2910 763 Heilang

2145 746 2197 806 und
2235 748 2381 808 Erholung
2414 746 2578 806 suchenden
2615 745 2721 805 Gästen
2758 745 2811 805 aus
2840 742 2909 802 aller

2145 786 2250 846 Herren
2292 786 2406 846 Länder
2440 783 2618 843 aufgesucht
2652 786 2740 846 wird,
2766 783 2820 843 und
2863 780 2909 840 der

2149 825 2275 885 dadurch
2323 825 2410 885 nicht
2458 825 2541 885 allein
2593 822 2641 882 für
2685 822 2733 882 die
2781 822 2915 882 leidende

2154 864 2348 924 Menschheit,
2372 864 2493 924 sondern
2535 864 2603 924 auch
2644 861 2911 921 volkswirtschaft-

2149 903 2196 963 lich
2231 904 2283 964 für
2315 903 2357 963 die
2393 903 2514 963 Hlebung
2550 903 2601 963 des
2629 900 2920 960 Fremdenverkehrs

2153 945 2185 1005 ein
2218 945 2325 1005 höchst
2354 945 2522 1005 wertvoller
2548 944 2658 1004 Faktor
2688 942 2843 1002 geworden
2877 942 2925 1002 ist.

2181 3431 2336 3491 ichaltlich
2371 3431 2427 3491 nur
2453 3432 2584 3492 weniges
2610 3431 2699 3491 nach,
2725 3431 2782 3491 und
2816 3428 2872 3488 was
2898 3428 2938 3488 die

2177 3473 2273 3533 Straße
2315 3473 2425 3533 bietet.
2463 3470 2508 3530 die
2550 3470 2642 3530 durch
2688 3467 2743 3527 das
2785 3467 2946 3527 Höllental

2176 3509 2315 3569 zwischen
2360 3511 2547 3571 Schneeberg
2597 3509 2650 3569 und
2695 3508 2829 3568 Raralpe
2874 3505 2945 3565 hin-

2182 3547 2377 3607 durchführt,
2408 3548 2540 3608 braucht
2577 3547 2629 3607 bei
2661 3546 2713 3606 dem
2767 3544 2846 3604 Ruse
2891 3544 2944 3604 des

2185 3589 2262 3649 Tales
2292 3589 2335 3649 als
2366 3588 2417 3648 des
2443 3587 2602 3647 schönsten
2642 3583 2692 3643 von
2732 3583 2942 3643 Niederöster-

2175 3626 2246 3686 reich
2281 3626 2365 3686 nicht
2395 3625 2497 3685 eigens
2523 3626 2772 3686 hervorgehoben
2807 3622 2836 3682 zu
2875 3622 2946 3682 wer-

2178 3667 2246 3727 den.
2294 3666 2350 3726 Die
2385 3667 2669 3727 Autorundfahrten
2722 3663 2812 3723 haben
2860 3661 2933 3721 denn

2175 3704 2241 3764 auch
2278 3706 2299 3766 in
2336 3706 2389 3766 den
2425 3706 2531 3766 letzten
2568 3703 2670 3763 Jahren
2711 3702 2733 3762 in
2765 3700 2934 3760 Reichenau

2175 3744 2257 3804 einen
2293 3744 2481 3804 ungeahnten
2513 3741 2717 3801 Aufschwung
2749 3739 2945 3799 genommen.

2175 3783 2216 3843 Sic
2253 3783 2313 3843 sind
2355 3783 2396 3843 ein
2447 3780 2613 3840 herrliches
2659 3781 2852 3841 Vergnügen,
2894 3776 2945 3836 das

2178 3822 2245 3882 auch
2286 3822 2416 3882 weniger
2452 3819 2645 3879 Bemittelten
2686 3818 2860 3878 zugänglich
2901 3816 2954 3876 ist,

2180 3861 2233 3921 und
2269 3861 2361 3921 helfen
2402 3861 2468 3921 mit,
2495 3859 2543 3919 den
2584 3858 2645 3918 Ruf
2672 3855 2863 3915 Reichenaus
2899 3852 2943 3912 als

2180 3900 2257 3960 eines
2285 3900 2335 3960 der
2363 3900 2647 3960 schonstgelegenen
2680 3897 2812 3957 Kurorte
2840 3893 2950 3953 Oster-

2178 3941 2277 4001 reichs
2305 3939 2337 3999 zu
2377 3938 2563 3998 verbreiten.

2570 3974 2628 4034 Dr.
2650 3974 2729 4034 Fritz
2762 3971 2906 4031 Benesch.
