3392 4352
792 254 866 314 72
910 255 1037 315 OKT.
1049 246 1155 306 1921

367 510 577 570 Letztes
629 509 921 569 Gespräch
983 510 1092 570 mit
1134 508 1224 568 dem
1306 504 1537 564 Dichter

1164 677 1366 737 hier
1424 682 1672 742 über
1741 681 1877 741 die
1924 679 2988 739 Burglyeuler=Krise

392 688 852 748 Arthare

1270 771 1324 831 das
1350 773 1429 833 jeden
1455 771 1550 831 neuen
1580 769 1735 829 Gedanken
1766 771 1821 831 und
1846 771 1906 831 jede
1927 771 2001 831 neue
2027 771 2106 831 Form
2172 768 2287 828 theater
2318 767 2362 827 die
2383 765 2473 825 guten
2508 766 2733 826 Möglichkeiten
2769 765 2819 825 der
2844 767 3024 827 Gestaltung

434 771 497 831 Der
524 772 587 832 Tod
620 774 734 834 Arthur
761 773 946 833 Schaitzlers
979 771 1036 831 löst
1056 771 1113 831 das
1139 769 1222 829 Ver¬

2174 813 2231 873 und
2269 813 2389 873 werden
2428 810 2508 870 diese
2542 813 2767 873 Möglichkeiten
2810 813 2877 873 auch
2911 813 2939 873 in
2978 812 3030 872 der

361 816 513 876 sprechen,
538 816 571 876 um
614 816 671 876 das
701 816 733 876 er
758 816 824 876 bat,
849 815 891 875 als
925 813 953 873 er
983 813 1006 873 in
1045 816 1092 876 den
1126 816 1212 876 ersten

1268 816 1330 876 mit
1373 816 1459 876 einer
1489 816 1810 876 Liebenswürdigkeit
1839 816 2040 876 verarbeitet,
2084 816 2126 876 die

2174 858 2317 918 Zukunft
2342 855 2464 915 finden.

351 858 455 918 Tagen
515 858 569 918 der
604 861 891 921 Burgtheaterkrise
946 858 1025 918 seine
1065 858 1218 918 Meinung

1271 861 1512 921 wahrscheinlich
1566 861 1645 921 nicht
1675 863 1787 923 immer
1827 861 2014 921 zeitgemäß,
2059 861 2131 921 aber

2249 900 2318 960 Das
2348 903 2426 963 sind,
2452 903 2506 963 wie
2536 903 2595 963 Sie
2620 903 2728 963 sehen,
2749 902 2906 962 eigentlich
2937 900 3030 960 nichts

358 901 432 961 über
462 902 564 962 Wesen
604 903 664 963 und
699 903 841 963 Zukunft
886 900 934 960 des
990 903 1220 963 Burgtheaters

1273 906 1384 966 immer
1414 906 1486 966 schön
1525 908 1568 968 ist.

351 945 474 1005 abgab;
499 945 533 1005 er
563 946 666 1006 wollte
701 946 779 1006 nicht
810 945 834 1005 in
874 945 923 1005 der
953 946 1130 1006 Diskussion
1170 946 1218 1006 für

2171 948 2302 1008 anderes
2349 946 2399 1006 als
2428 947 2610 1007 persöniiche
2639 945 2830 1005 Meinungen
2886 945 2942 1005 und
2975 944 3035 1004 Be¬

1339 950 1393 1010 Ist
1418 950 1487 1010 aber
1512 950 1611 1010 Kunst
1631 950 1745 1010 immer
1770 950 1962 1010 zeitgemäß?
1993 950 2037 1010 In
2072 950 2121 1010 den

356 987 429 1047 oder
454 991 547 1051 gegen
583 989 631 1049 den
666 989 799 1049 Bestand
829 989 882 1049 des
912 989 1143 1049 Burgtheaters
1178 986 1221 1046 ge¬

2174 992 2401 1052 gründungen.
2439 991 2546 1051 Gewiß
2583 992 2672 1052 innig
2705 990 2807 1050 damit
2840 990 3035 1050 zusammen¬

1269 995 1408 1055 Jahren,
1437 994 1483 1054 als
1516 994 1553 1054 ich
1587 995 1661 1055 jung
1699 995 1764 1055 war
1793 995 1848 1055 und
1886 995 2045 1055 deswegen
2083 990 2129 1050 be¬

358 1031 461 1091 nannt
486 1034 564 1094 sein,
585 1034 663 1094 nicht
693 1034 746 1094 nur
776 1031 835 1091 aus
870 1031 918 1091 der
944 1034 1066 1094 Sorge,
1091 1035 1135 1095 sich
1170 1031 1223 1091 mit

2171 1037 2330 1097 hängend,
2355 1037 2409 1097 daß
2450 1037 2489 1097 ein
2530 1037 2644 1097 großer
2674 1035 2748 1095 Teil
2779 1036 2872 1096 seines
2913 1034 3031 1094 Werkes

1269 1041 1383 1101 kämpft
1417 1040 1542 1100 wurde,
1571 1040 1648 1100 weil
1682 1040 1739 1100 ich,
1769 1040 1821 1100 wie
1860 1040 1908 1100 die
1942 1040 2134 1100 Unverstän¬

359 1076 454 1136 seinem
495 1076 586 1136 Wort
607 1076 657 1136 der
678 1078 768 1138 Liebe
795 1076 855 1136 und
881 1076 1063 1136 Verehrung
1094 1077 1144 1137 für
1170 1076 1220 1136 das

2176 1082 2204 1142 im
2253 1082 2464 1142 Burgtheater
2498 1081 2556 1141 aus
2595 1079 2647 1139 der
2681 1079 2801 1139 Schrift
2835 1079 2883 1139 ins
2922 1079 3032 1139 Atmen

1271 1088 1354 1148 digen
1394 1088 1516 1148 sagten,
1541 1086 1586 1146 die
1621 1085 1807 1145 „Krankheit
1832 1085 1881 1145 als
1916 1085 1979 1145 eine
2014 1082 2131 1142 Bedin¬

358 1118 570 1178 Burgtheater
600 1120 628 1180 zu
664 1121 866 1181 exponieren,
886 1118 1014 1178 sondern
1049 1118 1108 1178 aus
1138 1118 1225 1178 jener

2179 1126 2321 1186 übersetzt
2346 1127 2469 1187 wurde.
2499 1125 2666 1185 Deswegen
2701 1125 2774 1185 bitte
2799 1124 2838 1184 ich
2863 1124 2941 1184 Sie,
2961 1124 3035 1184 diese

1267 1133 1372 1193 gung"
1403 1130 1432 1190 in
1468 1130 1568 1190 meine
1599 1133 1796 1193 dramatische
1826 1130 1937 1190 Arbeit
1962 1130 2133 1190 einführte,

353 1162 559 1222 bescheidenen
599 1165 829 1225 Behutsamkeit
859 1162 995 1222 heraus,
1021 1162 1079 1222 mit
1109 1162 1157 1222 der
1192 1160 1221 1220 er

2176 1170 2368 1230 Meinungen
2412 1171 2470 1231 und
2509 1171 2764 1231 Begründungen
2808 1168 2884 1228 nicht
2919 1166 2952 1226 an
2991 1168 3039 1228 die

1273 1174 1320 1234 die
1349 1174 1517 1234 „wirkliche
1552 1174 1608 1234 und
1642 1176 1767 1236 härtere
1796 1176 1940 1236 Klarheit
1969 1174 2017 1234 der
2051 1173 2132 1233 deut¬

354 1204 403 1264 sich
434 1207 549 1267 immer
580 1207 655 1267 weit
681 1207 786 1267 hinter
816 1210 876 1270 sein
917 1204 1002 1264 Werk
1033 1204 1123 1264 stellte
1158 1204 1213 1264 und

2177 1216 2425 1276 Oeffentlichkeit
2451 1216 2476 1276 zu
2513 1214 2621 1274 geben,
2648 1213 2678 1273 da
2710 1214 2741 1274 es
2772 1214 2886 1274 klingen
2923 1213 3046 1273 könnte,

1269 1219 1343 1279 schen
1378 1219 1535 1279 Literatur
1565 1222 1801 1282 verseuchend".
1816 1221 1845 1281 in
1880 1222 1973 1282 diesen
2009 1219 2126 1279 Jahren

345 1246 405 1306 vor
451 1248 507 1308 der
553 1252 802 1312 Oeffentlichkeit
849 1253 909 1313 mit
956 1249 1057 1309 keiner
1088 1249 1220 1309 anderen

2179 1259 2226 1319 als
2279 1261 2384 1321 wollte
2414 1261 2451 1321 ich
2505 1260 2572 1320 eine
2601 1260 2812 1320 Dankbarkeit
2841 1258 3047 1318 ausdrücken,

1273 1264 1341 1324 war
1366 1264 1405 1324 ich
1435 1264 1561 1324 vielleich
1596 1266 1683 1326 auch
1714 1267 1762 1327 der
1792 1267 1963 1327 Meinung,
1983 1267 2036 1327 daß
2076 1264 2129 1324 nur

352 1291 510 1351 Meinung
548 1294 696 1354 vertreten
739 1296 796 1356 sein
839 1297 955 1357 wollte,
988 1294 1040 1354 als
1078 1292 1135 1352 mit
1173 1293 1220 1353 der

2180 1304 2226 1364 die
2252 1306 2334 1366 ihren
2365 1306 2556 1366 zukünftigen
2592 1306 2670 1366 Lohn
2701 1306 2793 1366 sucht.
2814 1303 2907 1363 Wenn
2939 1302 3015 1362 diese

1274 1306 1338 1366 jene
1369 1309 1469 1369 Kunst
1495 1309 1600 1369 wahre
1631 1312 1731 1372 Kunst
1751 1312 1801 1372 ist,
1827 1312 1872 1372 die
1897 1312 1947 1372 sich
1978 1311 2038 1371 mit
2068 1309 2113 1369 dem

352 1336 553 1396 dichterischen
594 1336 689 1396 seiner
715 1339 840 1399 Arbeit.

2186 1350 2355 1410 Hindernis
2390 1350 2469 1410 nicht
2492 1350 2593 1410 wäre,
2617 1349 2718 1409 wollte
2747 1347 2786 1407 ich
2815 1348 2843 1408 es
2878 1347 2939 1407 mit
2963 1347 3035 1407 alle?

1269 1353 1406 1413 Problem
1471 1353 1524 1413 des
1559 1354 1662 1414 Tages
1702 1356 1996 1416 auseinandersetzt.
2051 1356 2133 1416 Jetzt

422 1380 604 1440 „Vielleicht
650 1380 706 1440 hat
735 1382 837 1442 meine
867 1383 958 1443 Liebe
1010 1381 1072 1441 zum
1118 1380 1226 1440 Burg¬

2175 1395 2268 1455 Krast
2295 1395 2383 1455 sagen
2436 1395 2498 1455 und
2530 1395 2597 1455 laut
2639 1395 2754 1455 sagen:
2807 1392 2889 1452 Die
2916 1393 3046 1453 Kunst

1272 1401 1341 1461 aber
1372 1400 1448 1460 weiß
1479 1400 1534 1460 ich,
1560 1401 1609 1461 daß
1646 1399 1675 1459 es
1706 1400 1782 1460 nicht
1807 1401 1857 1461 die
1883 1401 2055 1461 Probleme
2085 1400 2130 1460 des

345 1422 465 1482 theater
496 1423 606 1483 innere
637 1425 788 1485 Gründe,
820 1425 867 1485 die
898 1428 965 1488 eine
1003 1425 1206 1485 Einzigartig

2171 1440 2462 1500 Oesterreichs
2516 1440 2676 1500 könnte
2730 1438 2801 1498 den
2861 1439 3038 1499 Verlust

1269 1446 1369 1506 Tages
1408 1446 1532 1506 waren,
1575 1446 1705 1506 sondern
1758 1448 1805 1508 die
1839 1448 2002 1508 meines
2041 1446 2136 1506 Her¬

345 1462 403 1522 keit
430 1466 595 1526 bedeuten,
616 1467 654 1527 um
697 1470 882 1530 deretwillen
915 1470 952 1530 ich
990 1470 1042 1530 das
1074 1467 1223 1527 Mißver¬

2179 1487 2250 1547 des
2290 1489 2623 1549 Burgtheaters
2657 1485 2768 1545 nicht
2795 1485 3036 1545 erißagen."

1267 1491 1392 1551 zens,
1412 1491 1447 1551 um
1499 1491 1543 1551 die
1569 1491 1609 1551 ich
1639 1491 1765 1551 damals
1796 1492 1942 1552 kämpfte.
1963 1491 2022 1551 Die
2053 1491 2133 1551 Pro¬

353 1509 492 1569 ständnis
531 1512 704 1572 vermeiden
753 1512 877 1572 möchte,
910 1515 963 1575 das
1007 1515 1055 1575 bei
1094 1513 1228 1573 Väclen,

1270 1537 1368 1597 bleme
1413 1536 1467 1596 des
1496 1538 1633 1598 Herzens
1683 1536 1755 1596 aber
1799 1539 1909 1599 fanden
1959 1536 1986 1596 im
2031 1536 2135 1596 Burg¬

2631 1540 2869 1600 Johannes
2904 1542 3003 1602 Ilg.

346 1550 394 1610 die
443 1553 519 1613 mich
574 1553 731 1613 grundlos
787 1558 987 1618 bekämpfen,
1031 1559 1215 1619 auftauchen

345 1595 472 1655 könnte,
499 1598 584 1658 wenn
622 1598 658 1658 ich
696 1598 796 1658 meine
829 1602 988 1662 Meinung
1025 1604 1078 1664 zur
1111 1604 1200 1664 Burg

354 1640 543 1700 theaterkrise
574 1643 851 1703 zusammenfasse:

386 1703 433 1763 die
463 1703 563 1763 Kunst
587 1706 787 1766 Oesterreichs
823 1706 929 1766 könnte
959 1709 1012 1769 den
1048 1711 1177 1771 Verlust

480 1747 536 1807 des
565 1750 792 1810 Burgtheaters
821 1750 900 1810 nicht
923 1753 1081 1813 ertragen.

1940 1765 2547 1825 Fauptonann

2750 1768 2827 1828 dat

1409 1774 1809 1834 berhart

346 1807 403 1867 Die
438 1810 710 1870 Einzigartigkeit,
740 1810 791 1870 von
832 1812 878 1872 der
908 1813 948 1873 ich
983 1816 1116 1876 spreche,
1140 1818 1214 1878 liegt

344 1852 454 1912 darin,
481 1855 533 1915 daß
571 1855 618 1915 ich
650 1855 740 1915 mich
772 1855 851 1915 mit
878 1858 994 1918 Haus
1032 1858 1111 1918 und
1148 1857 1216 1917 Be¬

339 1897 460 1957 griff
499 1899 843 1959 „Burgtheater"
882 1902 959 1962 auf
993 1903 1070 1963 das
1109 1900 1214 1960 Per¬

1470 1941 1660 2001 ode
1738 1943 2145 2003 Arthar
2236 1942 2783 2002 Ccnihler

341 1938 563 1998 sönlichste
616 1941 875 2001 verbunden
934 1945 1065 2005 weiß.

1136 1945 1197 2005 Von

338 1983 459 2043 meinem
508 1983 603 2043 Vater
636 1985 704 2045 her,
731 1986 779 2046 der
811 1986 874 2046 hier
906 1989 1065 2049 ärztlichen
1103 1989 1214 2049 Dienst

336 2025 405 2085 tat;
432 2025 485 2085 von
528 2028 644 2088 meinen
682 2031 905 2091 künstlerischen
943 2033 1113 2093 Anfängen
1151 2034 1214 2094 her,

1276 2061 1756 2121 Telephongespräch
1811 2054 1906 2114 mit
1950 2055 2034 2115 der
2099 2052 2333 2112 „Wiener
2388 2055 2729 2115 Allgemeinen
2773 2051 2975 2111 Zeilung

338 2070 389 2130 die
436 2070 502 2130 hier
534 2073 616 2133 ihren
659 2073 740 2133 ersten
782 2073 895 2133 breiten
933 2076 1040 2136 Boden
1077 2079 1211 2139 fanden;

338 2112 396 2172 von
433 2113 485 2173 den
518 2118 902 2178 Enttäuschungen
940 2121 1008 2181 her,
1046 2121 1098 2181 die
1146 2124 1209 2184 mir

1389 2138 1538 2198 Gerhart
1565 2137 1779 2197 Hauptmann
1812 2136 1948 2196 äußerte
1975 2134 2027 2194 sich
2054 2133 2151 2193 heute
2184 2132 2242 2192 auf
2268 2130 2405 2190 unseren
2464 2130 2718 2190 telephonischen
2758 2128 2867 2188 Anruf
2901 2126 2978 2186 über

340 2159 632 2219 Schlenthers
659 2161 761 2221 Zeit
784 2161 924 2221 brachte;
946 2162 1000 2222 von
1038 2164 1086 2224 dem
1135 2164 1210 2224 nicht

1296 2192 1351 2252 den
1390 2188 1461 2248 Tod
1495 2183 1699 2243 Schnitzlers

336 2200 428 2260 leicht
475 2204 506 2264 zu
543 2204 697 2264 fassenden
760 2204 816 2264 und
859 2204 904 2264 oft
931 2208 1204 2268 problematischen

1385 2240 1450 2300 „Es
1481 2236 1523 2296 ist
1541 2235 1728 2295 furchtbar,
1747 2234 1800 2294 daß
1831 2234 1885 2294 der
1916 2233 2000 2293 arme
2031 2230 2157 2290 Arthur
2182 2230 2362 2290 Schnitzler
2387 2228 2416 2288 so
2441 2228 2556 2288 schnell
2574 2226 2737 2286 gestorben
2767 2228 2821 2288 ist.
2840 2227 2881 2287 Er
2906 2224 2978 2284 war

342 2245 432 2305 Glück
461 2246 528 2306 her,
552 2246 608 2306 das
642 2246 704 2306 hier
733 2248 857 2308 Beifall
886 2249 942 2309 und
977 2251 1089 2311 Erfolg
1124 2255 1208 2315 hieß;

1301 2288 1372 2348 eine
1406 2288 1471 2348 mir
1494 2286 1526 2346 so
1555 2282 1892 2342 wesensverwandte
1920 2282 2047 2342 Natur,
2069 2281 2113 2341 ein
2147 2281 2279 2341 Dichter
2329 2278 2395 2338 und
2445 2278 2610 2338 Kämpfer
2639 2278 2699 2338 wie
2727 2277 2793 2337 ich,
2838 2276 2898 2336 und
2932 2277 2981 2337 die

337 2287 401 2347 und
439 2288 498 2348 von
542 2291 595 2351 der
633 2293 767 2353 geistigen
811 2294 1111 2354 Zusammenarbeit
1150 2297 1208 2357 mit

1309 2337 1480 2397 Nachricht
1507 2335 1563 2395 von
1596 2335 1704 2395 seinem
1743 2335 1857 2395 Tode,
1877 2333 1927 2393 die
1954 2332 2030 2392 mich
2056 2330 2152 2390 heute
2185 2330 2343 2390 morgens
2376 2327 2446 2387 hier
2472 2327 2644 2387 erreichte,
2683 2327 2739 2387 hat
2791 2326 2867 2386 mich
2919 2325 2982 2385 tief

338 2331 390 2391 den
444 2334 686 2394 Schauspielern
745 2335 797 2395 des
850 2337 1103 2397 Burgtheaters,
1151 2341 1209 2401 mit

336 2374 430 2434 denen
466 2377 536 2437 mich
567 2377 632 2437 eine
658 2377 824 2437 besondere
849 2381 1116 2441 Gemeinsamkeit
1141 2383 1206 2443 ver¬

1309 2386 1468 2446 berührt.

338 2419 465 2479 bindet:
493 2421 553 2481 wir
588 2422 715 2482 wollen,
738 2423 781 2483 sie
809 2422 870 2482 und
904 2424 959 2484 ich,
988 2425 1037 2485 die
1065 2427 1209 2487 geschrie¬

1389 2439 1452 2499 Ich
1482 2434 1743 2494 telegraphierte
1766 2433 1800 2493 an
1836 2431 1888 2491 die
1912 2430 2085 2490 Familie:

337 2461 431 2521 benen
463 2464 573 2524 Bilder
606 2465 663 2525 mit
685 2465 922 2525 Körperlichkeit
949 2469 1107 2529 ausfüllen
1139 2470 1196 2530 und

1438 2487 1535 2547 „Tief
1562 2485 1758 2545 schmerzlich
1791 2482 1947 2542 ergriffen
1980 2479 2038 2539 vom
2092 2476 2280 2536 Verlöschen
2320 2476 2418 2536 dieses
2451 2473 2516 2533 mir
2542 2473 2574 2533 so
2608 2473 2705 2533 nahen
2745 2470 2888 2530 Dichter-
2915 2468 2979 2528 und

337 2507 406 2567 statt
434 2508 487 2568 der
515 2509 644 2569 Vision,
672 2509 720 2569 die
747 2509 871 2569 Gestalt
899 2512 1001 2572 setzen.
1028 2512 1093 2572 Das
1131 2514 1201 2574 aber

1351 2532 1650 2592 Kämpferdaseins
1685 2532 1788 2592 drücke
1812 2532 1852 2592 ich
1881 2532 1997 2592 Ihnen
2026 2530 2164 2590 zugleich
2194 2528 2222 2588 im
2269 2527 2395 2587 Namen
2430 2522 2551 2582 meiner
2581 2521 2667 2581 Frau
2719 2521 2817 2581 innig
2864 2517 2978 2577 wahre

333 2548 407 2608 muß
439 2550 475 2610 ich
502 2550 587 2610 sagen
624 2553 682 2613 und
709 2550 820 2610 könnte
841 2552 872 2612 es
905 2553 957 2613 vor
984 2553 1037 2613 der
1058 2557 1206 2617 Oeffent¬

2514 2571 2664 2631 Gerhart
2683 2571 2933 2631 Hauptmann."

1346 2583 1577 2643 Teinlnahme
1611 2583 1693 2643 aus.

337 2592 450 2652 lichkeit
472 2595 536 2655 doch
564 2595 623 2655 nur
650 2596 715 2656 sehr
737 2595 845 2655 schwer
867 2595 947 2655 tu:
964 2597 1012 2657 die
1035 2598 1201 2658 besondere

329 2633 411 2693 Luft
437 2634 489 2694 des
525 2636 752 2696 Burgtheaters
789 2637 825 2697 ist
856 2637 902 2697 dem
950 2640 1047 2700 Leben
1084 2643 1202 2703 meiner

333 2676 487 2736 Gestalten
524 2677 668 2737 günstig;
710 2679 812 2739 damit
839 2682 910 2742 gebe
963 2682 998 2742 ich
1035 2684 1101 2744 noch
1138 2685 1194 2745 kein

329 2718 437 2778 Urteil
463 2718 499 2778 ab
531 2721 608 2781 über
634 2721 681 2781 die
713 2724 851 2784 Leistung
884 2724 935 2784 des
971 2729 1199 2789 Burgtheaters

336 2759 361 2819 im
403 2762 547 2822 Ganzen.
563 2764 614 2824 Ich
646 2765 713 2825 will
729 2765 832 2825 damit
853 2767 910 2827 nur
936 2770 1044 2830 sagen,
1060 2772 1111 2832 daß
1148 2772 1199 2832 das

326 2807 548 2867 Burgtheater
576 2807 655 2867 nicht
676 2807 761 2867 eines
793 2811 883 2871 unter
910 2813 1005 2873 allen,
1027 2814 1096 2874 auch
1128 2816 1207 2876 nicht

330 2849 374 2909 ein
409 2851 526 2911 primus
556 2852 634 2912 inter
664 2853 756 2913 pares
787 2855 835 2915 ist,
855 2855 982 2915 sondern
1022 2858 1080 2918 aus
1115 2860 1198 2920 einer

330 2894 573 2954 eigenartigeren
617 2897 780 2957 Geschichte
818 2898 894 2958 lebt,
938 2902 1090 2962 Zuflüsse
1139 2903 1203 2963 gei¬

326 2935 418 2995 stiger
450 2938 512 2998 Art
564 2938 625 2998 aus
683 2939 765 2999 einer
801 2943 1080 3003 merkwürdigeren
1122 2944 1204 3004 Ver¬

326 2980 522 3040 gangenheit
549 2983 708 3043 empfängt
735 2986 814 3046 und,
836 2987 1000 3047 abgesehen
1032 2989 1085 3049 von
1118 2990 1202 3050 jeder

324 3022 508 3082 derzeitigen
549 3028 629 3088 Lage
664 3028 724 3088 und
760 3029 919 3089 Leistung,
945 3031 1085 3091 geheime
1116 3032 1195 3092 Ent¬

329 3070 725 3130 wicklungsmöglichkeiten
764 3073 810 3133 für
837 3075 905 3135 jetzt
932 3076 1006 3136 oder
1033 3076 1133 3136 später
1165 3076 1191 3136 in

326 3109 373 3169 sich
405 3114 505 3174 birgt,
527 3113 568 3173 die
601 3115 684 3175 heute
712 3115 785 3175 oder
812 3118 933 3178 morgen
970 3118 1054 3178 frohe
1081 3121 1197 3181 Ueber¬

323 3153 509 3213 raschungen
544 3156 662 3216 werden
701 3159 834 3219 können.
859 3162 942 3222 Oder
972 3165 1202 3225 übermorgen.

398 3196 453 3256 Um
503 3199 652 3259 dieser
687 3204 986 3264 Entwicklung
1025 3210 1202 3270 willen,

325 3241 391 3301 die
447 3242 485 3302 in
553 3246 1030 3306 Wellenbewegungen
1097 3255 1196 3315 geht

319 3285 420 3345 und,
461 3288 540 3348 wie
587 3289 712 3349 alles
764 3293 1061 3353 Menschliche,
1102 3297 1198 3357 mit¬

320 3326 452 3386 unter
486 3329 669 3389 seichter
697 3332 858 3392 fließt,
881 3335 985 3395 darf
1019 3335 1091 3395 der
1125 3338 1196 3398 Be¬

320 3371 433 3431 stand
462 3373 534 3433 des
563 3377 885 3437 Burgtheaters
913 3379 1026 3439 nicht
1043 3383 1195 3443 unter¬

312 3416 490 3476 brochen
527 3419 716 3479 werden.

400 3461 488 3521 Denn
543 3464 592 3524 die
626 3467 1011 3527 Zusammengehörigkeit
1045 3472 1182 3532 zwischen

317 3506 412 3566 dieser
440 3508 556 3568 Bühne
578 3509 636 3569 und
668 3511 764 3571 dieser
786 3512 902 3572 Stadt,
919 3514 944 3574 in
977 3515 1025 3575 der
1052 3515 1088 3575 sie
1110 3517 1200 3577 steht,

321 3550 356 3610 ist
404 3553 470 3613 eine
518 3553 673 3613 durchaus
726 3556 922 3616 organische.
974 3559 1083 3619 Eine
1115 3559 1197 3619 Art

320 3597 851 3657 Blutsverwandtschaft
886 3601 936 3661 ist
971 3607 1174 3667 zwischen

319 3643 437 3703 Wien
492 3643 572 3703 und
605 3645 681 3705 dem
725 3649 1054 3709 Burgtheater.
1103 3649 1184 3709 Man

319 3686 388 3746 kann
429 3688 525 3748 dieses
556 3688 636 3748 nicht
662 3691 763 3751 töten,
788 3691 864 3751 ohne
895 3692 944 3752 dem
991 3695 1107 3755 andern
1142 3695 1187 3755 ein

315 3731 410 3791 Stück
442 3732 542 3792 seiner
569 3735 774 3795 Lebenskraft
807 3738 1065 3798 wegzunehmen.
1102 3741 1181 3801 Man

315 3777 387 3837 kann
429 3777 495 3837 auch
527 3780 625 3840 nicht,
651 3780 707 3840 wie
739 3780 770 3840 es
801 3781 832 3841 in
869 3781 920 3841 den
956 3784 1183 3844 Diskussionen

310 3822 411 3882 dieser
438 3824 523 3884 Tage
556 3825 710 3885 mitunter
742 3828 800 3888 und
833 3828 864 3888 zu
897 3830 944 3890 oft
972 3831 1136 3891 geschieht,
1158 3831 1184 3891 in

308 3868 536 3928 krampfhafter
587 3870 861 3930 Beschleunigung
913 3873 963 3933 die
1015 3876 1182 3936 Gedanken

310 3912 436 3972 unserer
482 3912 548 3972 viel
589 3915 787 3975 belasteteren
823 3917 894 3977 Zeit
940 3917 1000 3977 und
1031 3919 1077 3979 die
1108 3919 1188 3979 Pro¬

305 3955 403 4015 bleme
435 3959 560 4019 unserer
592 3959 653 4019 viel
675 3960 820 4020 eiligeren
857 3962 940 4022 Tage
967 3963 992 4023 in
1029 3963 1075 4023 die
1102 3965 1185 4025 Pro¬

317 4002 548 4062 grammwahl,
570 4004 595 4064 in
628 4004 674 4064 die
701 4007 816 4067 Regie,
838 4007 864 4067 in
896 4007 943 4067 die
970 4013 1174 4073 Aufführung

316 4046 373 4106 und
407 4046 435 4106 in
469 4046 516 4106 die
546 4047 704 4107 Menschen
738 4051 838 4111 dieses
868 4052 1021 4112 Theaters
1050 4056 1189 4116 preffen.

312 4093 493 4153 Vielmehr:
537 4094 593 4154 das
633 4096 749 4156 Eigene
802 4097 862 4157 und
897 4100 1074 4160 Besondere
1127 4100 1178 4160 des

309 4138 536 4198 Burgtheaters
590 4139 628 4199 ist
653 4141 720 4201 eben
760 4144 841 4204 jenes
876 4147 1185 4207 Wienerische,
