3344 4384
143 393 259 453 12.

1423 393 1556 453 box
1635 395 1870 455 43/20

336 397 909 457 Schnitzler's
979 398 1206 458 Deatl

136 1784 208 1844 her-
242 1783 294 1843 den
328 1784 427 1844 sidste
455 1786 487 1846 en
521 1788 613 1848 Bog,
641 1790 693 1850 der
720 1790 832 1850 syntes
860 1787 978 1847 samlet

1021 1789 1056 1849 de
1084 1789 1129 1849 til
1157 1787 1328 1847 Danmark
1366 1790 1510 1850 (vistnok
1549 1788 1602 1848 for
1631 1788 1648 1848 7
1685 1787 1748 1847 Aar
1785 1787 1929 1847 saadan,
1949 1787 1993 1847 som
2032 1787 2103 1847 man
2131 1787 2176 1847 ser
2195 1787 2258 1847 paa
2286 1788 2312 1848 en
2340 1790 2530 1850 Fremmed,

133 1844 180 1904 om

237 1842 305 1902 Ord
340 1844 395 1904 for
423 1844 491 1904 Ord
527 1847 650 1907 gennem
699 1847 967 1907 Aarhundreder

1785 1847 1846 1907 men
1889 1847 2006 1907 gjorde
2044 1845 2118 1905 ikke
2156 1845 2210 1905 den
2249 1847 2396 1907 ringeste
2434 1847 2526 1907 Mine

1012 1847 1128 1907 siden)
1146 1847 1180 1907 og
1209 1847 1307 1907 gerne
1338 1847 1424 1907 vilde
1448 1847 1552 1907 træffe
1576 1847 1657 1907 mig.
1692 1848 1749 1908 Jeg

249 1904 325 1964 „das
355 1901 438 1961 Buch
482 1904 537 1964 der
567 1904 721 1964 Sprüche
757 1904 820 1964 und
856 1904 962 1964 Beden

1789 1906 1826 1966 til
1852 1904 2097 1964 Genkendelse.
2141 1904 2261 1964 Længe
2293 1904 2381 1964 efter
2413 1907 2425 1967 —
2476 1907 2531 1967 pr.

1014 1904 1107 1964 turde
1135 1907 1268 1967 simpelt
1291 1907 1346 1967 hen
1374 1904 1467 1964 ikke.
1507 1904 1601 1964 Tænk
1629 1904 1662 1964 om
1701 1907 1745 1967 jeg

243 1960 315 2020 ken"
349 1961 368 2021 —
416 1960 475 2020 kan
508 1963 581 2023 man
615 1963 720 2023 tænke
747 1963 852 2023 storre
886 1963 958 2023 Mod

1791 1961 1866 2021 Brev
1892 1960 1903 2020 —
1948 1961 2143 2021 opklaredes
2169 1963 2413 2023 Fejltagelsen.
2446 1964 2520 2024 Han

1013 1963 1154 2023 skuffede
1192 1963 1284 2023 ham,
1317 1966 1354 2026 om
1404 1963 1463 2023 han
1507 1963 1609 2023 havde
1648 1963 1750 2023 tænkt

241 2019 437 2079 satninger,
453 2020 493 2080 og
517 2020 555 2080 er
580 2020 634 2080 der
659 2023 776 2083 noget,
801 2023 855 2083 der
880 2022 973 2082 bedre

1789 2020 1886 2080 havde
1912 2020 2010 2080 været
2029 2020 2108 2080 bedt
2134 2020 2171 2080 ud
2196 2020 2232 2080 og
2263 2021 2318 2081 var
2343 2020 2417 2080 ikke
2442 2023 2534 2083 kom-

1015 2023 1052 2083 sig
1090 2023 1146 2083 den
1178 2021 1366 2081 ubekendte
1392 2020 1668 2080 Brevskriverske
1693 2020 1749 2080 saa

1785 2081 1847 2141 met
1873 2080 1941 2140 hjem
1986 2080 2030 2140 til
2049 2079 2200 2139 Hotellet
2226 2080 2319 2140 inden
2352 2080 2521 2140 Teatertid

241 2078 367 2138 maaler
400 2080 533 2140 Arthur
574 2080 787 2140 Schnitzlers
835 2081 977 2141 vældige

1010 2081 1135 2141 ganske
1167 2080 1386 2140 anderledes,
1412 2081 1537 2141 yngre,
1563 2080 1738 2140 smukkere

138 2137 200 2197 paa
241 2137 486 2197 vidtfavnende
511 2137 629 2197 Aand!

1009 2139 1091 2199 mere
1123 2139 1331 2199 indtagende
1357 2138 1387 2198 og
1424 2140 1471 2200 alt
1497 2140 1564 2200 det,
1586 2137 1658 2197 man
1690 2137 1741 2197 som

1784 2143 1813 2203 og
1848 2137 1952 2197 havde
1982 2139 2086 2199 altsaa
2116 2140 2191 2200 ikke
2221 2140 2313 2200 faaet
2343 2139 2406 2199 mit
2431 2140 2534 2200 Brev.

123 2193 208 2253 Live.

1012 2196 1142 2256 Kvinde
1172 2196 1224 2256 saa
1260 2196 1419 2256 uendelig
1449 2196 1549 2256 gerne
1579 2196 1632 2256 vil
1656 2195 1756 2255 være,

1788 2196 1868 2256 Kort
1898 2196 1978 2256 efter
2008 2196 2105 2256 rejste
2135 2196 2215 2256 han.
2262 2196 2331 2256 Men
2366 2196 2516 2256 forinden

295 2194 367 2254 Min
405 2196 705 2256 Korrespondance
743 2196 809 2256 med
846 2199 970 2259 Arthur

1014 2256 1073 2316 men
1115 2254 1191 2314 ikke
1222 2255 1281 2315 kan
1317 2255 1394 2315 give
1430 2256 1476 2316 sig
1507 2254 1571 2314 selv
1608 2253 1619 2313 i
1649 2253 1755 2313 Gave.

237 2253 419 2313 Schnitzler
447 2256 501 2316 var
529 2256 575 2316 fra
604 2256 664 2316 min
692 2256 773 2316 Side
794 2256 888 2316 halvt
909 2256 962 2316 son

1784 2257 1883 2317 havde
1912 2256 1961 2316 jeg
1990 2256 2112 2316 skaffet
2135 2256 2196 2316 mig
2230 2258 2368 2318 Adgang
2397 2256 2441 2316 til
2469 2256 2518 2316 den

1013 2315 1065 2375 Jeg
1098 2313 1219 2373 undlod
1257 2313 1373 2373 derfor
1400 2313 1436 2373 at
1464 2313 1564 2373 melde
1597 2313 1654 2373 mig
1686 2314 1749 2374 paa

238 2313 273 2373 en
310 2313 469 2373 Dagbog,
492 2313 592 2373 halvt
623 2315 680 2375 var
717 2315 775 2375 det
804 2316 854 2376 som
906 2316 956 2376 hen

1789 2314 1875 2374 Fest,
1903 2314 2292 2374 Studentersamfundet
2320 2315 2444 2375 gjorde
2471 2316 2525 2376 for

129 2370 186 2430 de

1013 2372 1092 2432 hans
1123 2372 1251 2432 Hotel;
1277 2372 1344 2432 men
1382 2372 1436 2432 den
1474 2372 1565 2432 Dag,
1591 2372 1652 2432 Det
1684 2372 1756 2432 kgl.
1782 2372 1879 2432 ham.
1917 2372 1978 2432 Dèr
2004 2372 2052 2432 tog
2083 2374 2126 2434 jeg
2157 2372 2230 2432 Mod
2262 2373 2305 2433 til
2324 2375 2384 2435 mig
2410 2375 2446 2435 og
2471 2373 2519 2433 gik

238 2370 353 2430 vendte
379 2372 423 2432 jeg
456 2374 513 2434 mig
546 2372 590 2432 til
610 2372 641 2432 en
667 2372 922 2432 Skriftefader,
936 2377 974 2437 og

1011 2429 1127 2489 Teater
1160 2429 1292 2489 fejrede
1324 2429 1409 2489 hans
1442 2429 1642 2489 Fodseisdag
1681 2429 1749 2489 med

1784 2429 1837 2489 hen
1867 2429 1897 2489 og
1927 2429 2027 2489 hilste
2052 2432 2111 2492 paa
2135 2432 2193 2492 ham
2230 2432 2265 2492 og
2289 2432 2431 2492 takkode
2456 2432 2514 2492 ham

127 2432 206 2492 ette,
233 2429 366 2489 hrilken
393 2429 653 2489 Skriftofader!
687 2432 786 2492 Han,
800 2432 847 2492 som
888 2434 960 2494 jong

1013 2489 1202 2549 Opforelsen
1241 2489 1279 2549 af
1306 2489 1387 2549 hans
1420 2489 1593 2549 ypperlige
1626 2487 1750 2547 Drama

123 2486 206 2546 likke
237 2489 344 2549 lerede
383 2489 452 2549 med
491 2489 621 2549 Ordet,
652 2489 789 2549 legende
828 2492 889 2552 let,
921 2491 981 2551 til¬

1839 2489 1890 2549 som
1932 2489 1962 2549 en
1994 2489 2029 2549 af
2050 2489 2132 2549 hans
2158 2491 2292 2551 mange,
2313 2491 2447 2551 mange,
2463 2490 2529 2550 me¬

240 2549 456 2609 syneladende
506 2549 744 2609 overfladisk;
780 2549 871 2609 han,
907 2549 962 2609 som
1012 2549 1102 2609 „Den
1131 2549 1222 2609 store
1251 2547 1440 2607 Scene“"),
1462 2547 1574 2607 sendte
1602 2548 1651 2608 jeg
1680 2546 1735 2606 ham

1788 2549 1858 2609 nige
1889 2549 2013 2609 Læsere
2044 2547 2061 2607 —
2109 2549 2162 2609 for
2198 2549 2251 2609 den
2287 2549 2423 2609 Værdi,
2448 2549 2530 2609 hans

123 2549 206 2609 Jage.

1015 2605 1175 2665 Blomster
1206 2605 1237 2665 og
1275 2608 1515 2668 Lykonskning
1548 2607 1584 2667 og
1615 2604 1745 2664 meddel

130 2605 205 2665 vat

1791 2606 1888 2666 Boger
1920 2605 2030 2665 havde
2055 2605 2196 2665 betydet
2227 2605 2276 2665 for
2313 2608 2398 2668 mig.
2442 2608 2515 2668 Han

237 2605 386 2665 spottede
421 2605 474 2665 det
503 2606 624 2666 hellige
652 2608 692 2668 og
727 2606 877 2666 blottede
904 2608 978 2668 hver

237 2664 307 2724 lille
334 2665 607 2725 Næste-Svaghed
640 2665 704 2725 med
739 2665 770 2725 en
804 2666 979 2726 Kynisme,
1006 2665 1037 2725 te
1064 2665 1129 2725 ham
1168 2665 1226 2725 pr.
1254 2665 1357 2725 Brev,
1378 2665 1409 2725 at
1436 2665 1487 2725 jeg
1514 2665 1566 2725 sad
1599 2664 1663 2724 paa
1690 2663 1748 2723 den

1789 2665 1920 2725 svarede
1945 2665 2012 2725 mig
2043 2666 2108 2726 med
2145 2665 2175 2725 et
2200 2665 2272 2725 Par
2297 2667 2429 2727 venlige
2454 2665 2520 2725 Ord

1014 2727 1041 2787 og
1074 2723 1129 2783 den
1163 2722 1262 2782 Plads
1290 2722 1301 2782 i
1329 2722 1523 2782 Parkettet,
1546 2722 1601 2782 var
1623 2722 1745 2782 saadan

238 2724 267 2784 en
304 2723 510 2783 Frivolitet,
533 2725 583 2785 som
636 2724 664 2784 er
695 2724 804 2784 blevet
834 2725 959 2785 Dogme

1790 2726 1864 2786 uden
1905 2725 1939 2785 at
1975 2725 2055 2785 ane,
2084 2725 2153 2785 med
2195 2725 2275 2785 hvem
2327 2725 2384 2785 han
2426 2725 2529 2785 talte.

248 2784 294 2844 var
344 2782 366 2842 i
399 2783 651 2843 Virkeligheden
700 2782 850 2842 Verdens
899 2782 969 2842 1es

1008 2787 1042 2847 og
1072 2782 1199 2842 saadan
1235 2782 1356 2842 klædt,
1374 2782 1414 2842 o.
1432 2782 1466 2842 s.
1490 2782 1524 2842 v.
1542 2782 1553 2842 .
1577 2782 1594 2842 .
1612 2782 1628 2842 .
1670 2781 1750 2841 Lige

1791 2784 2021 2844 Umiddelbart
2051 2782 2190 2842 derefter
2219 2785 2324 2845 forlod
2353 2785 2409 2845 han
2437 2784 2528 2844 Dan¬

1008 2840 1105 2900 inden
1137 2840 1278 2900 Tæppet
1303 2841 1351 2901 gik
1383 2840 1444 2900 op,
1463 2838 1579 2898 listede
1604 2838 1634 2898 en
1666 2839 1757 2899 lille,
1782 2841 1899 2901 mark.

244 2838 436 2898 nensomme
464 2841 505 2901 og
548 2841 781 2901 forstaaende,
816 2838 898 2898 mest
934 2841 967 2901 al

1004 2900 1085 2960 graa
1129 2898 1231 2958 Herre
1259 2899 1307 2959 sig
1340 2898 1469 2958 hastigt
1497 2896 1616 2956 gennem
1660 2895 1756 2955 Ræk¬

130 2901 195 2961 ken
236 2901 342 2961 sidigt
369 2899 522 2959 vidende,
542 2899 628 2959 mest
649 2899 795 2959 dedsens
816 2898 974 2958 alvorlige

1902 2898 1971 2958 Det
1993 2901 2147 2961 folgende
2162 2901 2225 2961 Aar
2253 2901 2343 2961 forte
2365 2901 2519 2961 Skæbnen

242 2958 429 3018 Menneske.
480 2958 581 3018 Han»
613 2958 706 3018 Spot
738 2958 800 3018 var
839 2958 869 3018 jo
908 2958 970 3018 kun
1008 2958 1107 3018 kerne
1147 2955 1334 3015 aabenbart
1353 2957 1403 3017 sky
1435 2955 1485 3015 for
1511 2955 1541 3015 at
1561 2955 1667 3015 vække
1692 2955 1735 3015 Op

121 2958 189 3018 hter

1782 2962 1843 3022 mig
1878 2958 1928 3018 til
1957 2958 2070 3018 Wien,
2093 2961 2132 3021 og
2168 2959 2297 3019 Arthur
2332 2961 2524 3021 Schnitzler

1014 3017 1089 3077 sigt,
1112 3016 1152 3076 og
1182 3015 1268 3075 satte
1298 3016 1343 3076 sig
1378 3015 1429 3075 (oh
1466 3014 1661 3074 Tilfælde!)
1685 3015 1748 3075 lige
1783 3017 1881 3077 holdt
1905 3017 1939 3077 nu
1969 3018 2054 3078 paa,
2072 3018 2107 3078 at
2131 3020 2176 3080 jeg
2206 3018 2320 3078 skulde
2345 3019 2529 3079 overvinde

123 3018 197 3078 iden
238 3017 400 3077 maskeret
428 3018 577 3078 Smerte,
598 3018 686 3078 hans
714 3018 978 3078 tilsyneladende

1014 3073 1064 3133 ved
1098 3073 1199 3133 Siden
1239 3073 1279 3133 af
1308 3073 1392 3133 mig.
1443 3071 1510 3131 Mit
1540 3071 1658 3131 Hjerte
1692 3071 1742 3131 sad
1783 3076 1850 3136 alle
1885 3076 2094 3136 Hemninger
2128 3077 2167 3137 og
2202 3077 2348 3137 aflægge
2383 3077 2444 3137 ham
2496 3077 2529 3137 et

125 3076 205 3136 em,
235 3074 368 3134 Kulde,
397 3077 484 3137 hans
519 3075 658 3135 kyniske
700 3076 786 3136 Form
839 3074 897 3134 kun
944 3072 972 3132 en

1009 3132 1072 3192 mig
1096 3134 1113 3194 i
1131 3131 1275 3191 Halsen.
1317 3131 1368 3191 Nu
1398 3131 1455 3191 var
1479 3130 1670 3190 Ojeblikket
1694 3128 1740 3188 alt

237 3134 320 3194 Skal
341 3134 386 3194 som
426 3135 458 3195 et
478 3134 556 3194 ydre
583 3137 667 3197 Værn
701 3137 733 3197 om
773 3134 798 3194 et
818 3134 968 3194 emfindt

1788 3134 1903 3194 Beseg.
1937 3134 2014 3194 Han
2042 3134 2146 3194 havde
2169 3137 2257 3197 givet
2285 3137 2346 3197 mig
2374 3137 2417 3197 sit
2440 3137 2528 3197 hem¬

131 3136 193 3196 illa

1009 3193 1059 3253 saa
1099 3191 1256 3251 kommet.
1302 3189 1364 3249 Jeg
1399 3188 1556 3248 ventede,
1579 3188 1704 3248 stivnet
1738 3192 1754 3252 i
1783 3194 1901 3254 melige
1925 3194 2065 3254 Numer,
2083 3196 2116 3256 og
2145 3197 2190 3257 jeg
2218 3195 2354 3255 ringede
2377 3197 2433 3257 ham
2473 3198 2529 3258 op.

130 3199 145 3259 g
171 3194 204 3254 al
238 3192 304 3252 ligt
329 3193 436 3253 Sind.

1011 3248 1213 3308 Spænding,
1233 3248 1304 3308 men
1334 3248 1473 3308 ventede
1498 3245 1676 3305 forguves.
1696 3248 1753 3308 Dr.

1781 3253 1847 3313 Ak,
1863 3252 1919 3312 var
1946 3250 1997 3310 det
2018 3252 2074 3312 dog
2101 3252 2209 3312 blevet
2230 3253 2281 3313 ved
2313 3253 2364 3313 det
2380 3253 2389 3313 !
2426 3253 2524 3313 Dette

293 3251 358 3311 For
377 3252 461 3312 mig,
480 3253 527 3313 som
570 3252 756 3312 mærkeligt
781 3253 835 3313 nok
866 3253 974 3313 aldrig

1008 3307 1171 3367 Schitzler
1198 3307 1245 3367 saa
1277 3307 1340 3367 paa
1372 3307 1435 3367 mig
1468 3307 1499 3367 et
1526 3307 1588 3367 Par
1615 3307 1752 3367 Gange,
1780 3310 1885 3370 forste
1923 3310 2038 3370 Mode,
2065 3310 2144 3370 hvor
2197 3310 2260 3370 kun
2303 3313 2530 3373 Stemmerne,

237 3310 341 3370 havde
370 3310 413 3370 set
442 3311 591 3371 Billeder
625 3310 658 3370 af
686 3313 780 3373 ham,
803 3310 886 3370 intet
914 3309 963 3369 vid

122 3368 197 3428 obel

242 3369 278 3429 ste
310 3369 346 3429 om
390 3370 470 3430 hans
501 3370 673 3430 Udseende
706 3370 742 3430 og
780 3370 897 3430 Alder,
922 3369 983 3429 var

1777 3370 2010 3430 ubetvungne,
2027 3370 2188 3430 frigjorte
2217 3370 2249 3430 af
2272 3372 2461 3432 Afstanden
2484 3376 2522 3436 og

235 3430 298 3490 han
340 3430 583 3490 efterhaanden
624 3427 733 3487 blevet
774 3428 803 3488 et
844 3427 983 3487 Symbol

1790 3429 2051 3489 Usynligheden,
2101 3430 2201 3490 hilste
2251 3430 2424 3490 hinanden
2480 3433 2518 3493 og

1018 3442 1044 3502 *)
1060 3439 1239 3499 Schnitzler
1266 3437 1324 3497 har
1351 3436 1457 3496 senere
1489 3439 1562 3499 bedt
1589 3437 1647 3497 mig
1679 3436 1753 3496 hilse

1059 3492 1088 3552 og
1113 3489 1172 3549 sige
1197 3489 1319 3549 August
1339 3486 1501 3546 Liebman,
1517 3486 1550 3546 at
1566 3486 1614 3546 som
1650 3484 1752 3544 Frem-
1778 3487 1929 3547 spændte
1965 3486 2234 3546 Forventningen
2275 3488 2338 3548 paa
2378 3487 2436 3547 den
2476 3486 2529 3546 ro¬

123 3486 205 3546 kelse
227 3488 274 3548 og
302 3489 377 3549 vort
406 3486 508 3546 fjerne
544 3489 688 3549 Forhold
717 3486 819 3546 noget
841 3486 978 3546 luftigt,

1063 3537 1161 3597 stiller
1186 3537 1215 3597 af
1240 3534 1501 3594 Hovedpersonen
1526 3534 1540 3594 i
1555 3535 1644 3595 detto
1664 3535 1756 3595 Styk-

119 3545 207 3605 ndt.
231 3546 556 3606 uhaandgribeligt,
580 3546 633 3606 som
675 3546 721 3606 jeg
757 3546 863 3606 mente
893 3545 975 3605 vilde

1784 3544 1943 3604 mantiske
1977 3543 2208 3603 „Übekendte“
2247 3546 2357 3606 endnu
2391 3546 2423 3606 et
2452 3549 2517 3609 Par

1061 3585 1095 3645 ke
1134 3585 1190 3645 har
1216 3585 1267 3645 han
1297 3585 1365 3645 ikke
1392 3585 1438 3645 set
1460 3585 1554 3645 nogeu
1585 3585 1670 3645 bedre
1696 3585 1747 3645 end

1782 3603 1914 3663 Streger
1949 3603 1965 3663 i
1993 3603 2121 3663 Vejret.
2166 3603 2283 3663 Modet
2317 3606 2383 3666 selv
2412 3606 2528 3666 foltes,

141 3606 196 3666 den
233 3605 337 3665 briste
362 3605 411 3665 som
461 3606 491 3666 en
522 3606 644 3666 Boble,
664 3603 737 3663 hvis
768 3605 817 3665 det
842 3603 915 3663 blev
940 3605 970 3665 en

1057 3636 1150 3696 ham,
1169 3636 1206 3696 til
1225 3636 1323 3696 Trods
1342 3636 1389 3696 for
1413 3634 1449 3694 at
1469 3634 1524 3694 han
1553 3633 1609 3693 har
1633 3633 1754 3693 oplevet

1781 3662 1828 3722 som
1872 3660 1956 3720 naar
1989 3661 2115 3721 Masken
2153 3663 2264 3723 falder
2286 3663 2349 3723 paa
2382 3664 2413 3724 et
2440 3666 2530 3726 Kar-

238 3663 394 3723 Realitet.
426 3663 495 3723 Det
515 3663 570 3723 kom
615 3663 721 3723 derfor
747 3663 797 3723 som
829 3663 860 3723 en
892 3663 979 3723 Bom¬

137 3666 207 3726 kre-

1055 3685 1159 3745 denne
1181 3684 1375 3744 Forestilling
1397 3684 1452 3744 paa
1475 3684 1612 3744 Evropas
1630 3684 1755 3744 forende

246 3725 293 3785 he,
311 3724 350 3784 da
376 3722 432 3782 ban
458 3722 629 3782 meddelte
646 3724 735 3784 mig,
752 3722 784 3782 at
809 3722 866 3782 han
891 3720 947 3780 sku

1780 3721 1893 3781 neval.
1936 3719 1995 3779 Jeg
2029 3721 2088 3781 var
2116 3722 2250 3782 genert,
2278 3724 2337 3784 han
2376 3725 2521 3785 forceret

132 3726 185 3786 rag

1051 3735 1176 3795 (Scener
1202 3734 1247 3794 vel
1268 3734 1303 3794 de
1329 3734 1516 3794 Hundreder
1542 3731 1571 3791 af
1592 3733 1718 3793 Gange.

2640 1799 2797 1859 munter;
2822 1799 2968 1859 foroeret
2992 1802 3173 1862 naturlig,
3185 1805 3297 1865 fristes

2639 1856 2684 1916 til
2714 1857 2743 1917 at
2774 1859 2863 1919 sige.
2909 1859 2968 1919 Jeg
3007 1861 3088 1921 felte
3119 1862 3186 1922 mig
3224 1864 3238 1924 i
3269 1865 3283 1925 S

2638 1916 2823 1976 iagttaget,
2851 1916 2944 1976 segte
2977 1917 3010 1977 at
3045 1919 3143 1979 gætte
3178 1922 3257 1982 hans

2637 1972 2713 2032 ker,
2739 1975 2905 2035 mærkede
2938 1978 3156 2038 Overgangen
3215 1978 3291 2038 urin

2641 2029 2716 2089 sver
2747 2032 2798 2092 fra
2830 2032 2897 2092 Aar
2921 2032 3002 2092 efter
3034 2035 3101 2095 Aar
3125 2038 3161 2098 at
3185 2038 3267 2098 have

2641 2089 2706 2149 delt
2729 2090 2796 2150 mig
2826 2092 2944 2152 gennem
2989 2094 3136 2154 Blakket
3159 2095 3225 2155 pas
3248 2094 3284 2154 et

2637 2148 2829 2208 Brevpapir
2863 2149 2909 2209 til
2943 2152 2983 2212 nu
3017 2154 3188 2214 pludsolig
3229 2154 3261 2214 at

2642 2205 2824 2265 Skikkelse,
2855 2208 2946 2268 blive
2978 2209 3053 2269 Kod
3084 2211 3121 2271 og
3161 2213 3244 2273 Blod

2633 2264 2768 2324 brutalt
2791 2265 2818 2325 at
2841 2266 3006 2326 forstyrre
3028 2268 3078 2328 den
3107 2271 3278 2331 gensidige

2633 2322 2786 2382 stilling.
2823 2325 2895 2385 Lad
2925 2325 2990 2385 mig
3020 2327 3085 2387 lige
3115 2328 3166 2388 saa
3196 2328 3282 2388 godt

2632 2379 2686 2439 det
2708 2381 2838 2441 straks:
2859 2382 2913 2442 det
2935 2384 3160 2444 mislykkedes
3182 2387 3298 2447 totalt.

2630 2438 2718 2498 forst
2739 2441 2807 2501 lidt
2828 2441 2916 2501 efter
2944 2441 3026 2501 lidt,
3047 2443 3080 2503 da
3116 2444 3272 2504 Besegene

2636 2498 2741 2558 toges,
2759 2498 2856 2558 fandt
2881 2498 2913 2558 vi
2930 2500 2988 2560 den
3013 2501 3159 2561 befriede
3185 2504 3282 2564 Tone,

2630 2557 2862 2617 midlertidigt
2894 2556 2953 2616 var
2984 2561 3118 2621 mistet.

2690 2614 2736 2674 Og
2761 2614 2799 2674 nu
2832 2614 2997 2674 oplevede
3022 2619 3076 2679 jeg
3108 2619 3163 2679 den
3196 2620 3281 2680 Lykk

2626 2671 2708 2731 lare
2730 2673 2763 2733 en
2799 2674 2832 2734 af
2861 2674 2985 2734 Tidens
3013 2677 3226 2737 betydeligste
3254 2677 3274 2737 M

2629 2731 2787 2791 narmere
2815 2731 2856 2791 at
2884 2734 3007 2794 kende.
3050 2734 3111 2794 Som
3160 2735 3228 2795 alle
3256 2735 3297 2795 vi

2631 2789 2692 2849 lige
2716 2791 2893 2851 Storheder
2917 2791 2970 2851 var
2994 2793 3048 2853 han
3079 2794 3187 2854 yderst
3211 2793 3295 2853 beske

2629 2844 2642 2904 i
2664 2846 2712 2906 ain
2749 2847 2995 2907 Fremtræden,
3017 2850 3087 2910 men
3123 2850 3150 2910 en
3186 2852 3291 2912 Beske

2629 2905 2706 2965 hed,
2729 2907 2785 2967 der
2815 2907 2965 2967 dakkede
2995 2907 3072 2967 over
3095 2907 3130 2967 en
3159 2910 3294 2970 stilleS

2629 2964 2762 3024 felelse.
2798 2964 2875 3024 Han
2912 2966 2967 3026 var
2996 2966 3073 3026 ikke
3095 2967 3216 3027 tynget
3244 2967 3279 3027 af

2628 3023 2723 3083 stelig
2764 3024 3098 3084 Ydmyghedstrang,
3133 3027 3201 3087 men
3243 3027 3296 3087 ker

2628 3080 2701 3140 noje
2736 3080 2783 3140 sit
2811 3080 2884 3140 eget
2919 3083 3041 3143 Vord.
3082 3086 3183 3146 Hans
3218 3086 3291 3146 Alsi

2626 3140 2680 3200 hed
2723 3139 2777 3199 var
2813 3140 2999 3200 ufattelig,
3020 3143 3061 3203 og
3096 3143 3158 3203 han
3193 3144 3289 3204 herte

2625 3199 2709 3259 disse
2749 3200 3142 3260 Universalbegavelser,
3170 3201 3221 3261 som

2621 3257 2699 3317 have
2735 3256 2836 3316 naaet
2871 3256 2922 3316 det
2957 3259 3213 3319 fremragende,
3242 3259 3280 3319 na

2623 3316 2828 3376 ligegyldigt
2855 3316 2912 3376 paa
2939 3316 3073 3376 hvilken
3100 3316 3183 3376 Post
3216 3318 3280 3378 han

2620 3373 2726 3433 blevet
2752 3373 2902 3433 placeret
2935 3373 2946 3433 i
2972 3376 3085 3436 Livet.
3124 3376 3173 3436 At
3199 3376 3261 3436 han

2627 3432 2716 3492 Læge
2743 3433 2793 3493 var
2826 3433 2877 3493 den
2910 3433 3032 3493 fineste
3058 3433 3283 3493 Diagnostike

2624 3489 2834 3549 velbekendr,
2865 3491 2901 3551 og
2938 3492 3009 3552 selv
3046 3490 3269 3550 Videnskaben

2621 3548 2761 3608 kender,
2787 3546 2825 3606 at
2851 3548 2914 3608 han
2953 3549 3004 3609 som
3049 3549 3285 3609 Psykoanalyt

2624 3607 2680 3667 har
2709 3606 2779 3666 ydet
2809 3606 2859 3666 det
2881 3606 3116 3666 enestaaepde.
3152 3608 3251 3668 Dette
3273 3610 3279 3670 k

2622 3663 2689 3723 mer
2715 3664 2751 3724 af
2770 3663 2851 3723 hans
2876 3663 3037 3723 eminente
3062 3666 3155 3726 Evne
3180 3666 3223 3726 til
3242 3668 3279 3728 at

2618 3722 2743 3782 sckere,
2765 3723 2951 3783 rubricere,
2974 3725 3109 3785 vurdere
3138 3727 3170 3787 og
3203 3728 3279 3788 simp
