3392 4352
358 148 422 208 Ma,
444 151 723 211 Innegabilmente,
745 157 788 217 fra
819 157 844 217 1l
866 154 930 214 1900
956 156 969 216 e
999 157 1020 217 1l

324 181 391 241 915,
413 189 603 249 Schmitzler
633 192 726 252 tenne
756 194 781 254 il
807 195 938 255 primato
972 194 1026 254 nel

321 221 428 281 campo
467 225 520 285 del
551 228 650 288 teatro
690 231 701 291 e
739 231 792 291 del
824 232 969 292 romanzo
1008 232 1019 292 a

327 262 456 322 Vienna,
477 265 599 325 dominò
628 269 656 329 su
689 270 778 330 tutti,
795 273 851 333 per
876 273 900 333 la
929 271 1018 331 finis¬

317 300 392 360 sima
429 303 596 363 psicologia
640 306 652 366 e
688 309 744 369 per
780 309 807 369 la
844 312 1019 372 suggestiva

323 341 505 401 deserizione
533 345 738 405 d'ambiente.
755 348 884 408 Ininizlo
913 351 936 411 la
964 352 1015 412 sua

321 377 420 437 ascesa
454 379 538 439 verso
568 381 594 441 la
628 384 716 444 gloria
750 386 801 446 con
835 386 846 446 «
864 387 1001 447 Slebelel
1013 389 1020 449 »

324 417 551 477 (Amoruccio),
577 425 816 485 rappresentato
850 425 926 485 sulle
956 427 1022 487 sce¬

319 455 355 515 ne
384 455 436 515 del
461 460 671 520 Burgtheater
696 464 753 524 nel
777 464 858 524 1895,
879 464 1012 524 cuimino

314 491 333 551 in
372 496 465 556 senso
496 500 681 560 scandaloso
716 500 766 560 con
801 500 816 560 1
848 503 986 563 «Reigen
1006 503 1017 563 »

319 533 370 593 nel
391 533 466 593 ’900,
490 535 501 595 e
530 538 553 598 in
589 539 676 599 senso
704 539 771 599 arte
799 542 850 602 con
882 543 894 603 «
910 545 942 605 Il
962 545 1025 605 glo¬

321 571 395 631 vane
423 573 569 633 Medardo
589 574 601 634 »
629 574 684 634 nel
704 577 778 637 ’910.

351 607 363 667 E
392 610 420 670 se
445 613 498 673 nel
519 613 531 673 «
548 614 658 674 Reigen
679 616 691 676 »
720 616 928 676 (Girotondo)
954 619 1019 679 toc¬

314 646 346 706 cò
383 651 407 711 il
436 652 529 712 fondo
566 652 619 712 del
648 655 696 715 plû
734 658 917 718 arrischiato
954 658 1022 718 rea¬

311 687 417 747 lismo,
441 690 645 750 affrontendo
677 694 850 754 situazioni
877 697 1019 757 impossi¬

314 727 370 787 bili
395 727 410 787 e
443 730 626 790 salvandosi
654 732 731 792 dalla
768 735 914 795 volgarità
951 736 1011 796 sol¬

313 763 397 823 tanto
426 763 454 823 in
488 768 584 828 grazia
617 768 674 828 alla
703 771 755 831 sua
788 774 906 834 grande
935 775 1015 835 arte,

298 801 365 861 non
397 804 519 864 ricadde
547 809 594 869 più
626 807 681 867 nel
697 810 811 870 genere
839 813 1016 873 licenziose,

310 843 523 903 sollevandost
551 846 586 906 al
610 846 752 906 dramma
788 849 1021 909 storico-filoso.

312 879 381 939 fico,
402 882 589 942 ritornando
614 885 672 945 pol
693 885 725 945 al
750 887 803 947 sub
832 887 909 947 tema
938 891 1011 951 pre¬

309 918 414 978 ferito,
435 921 459 981 la
484 921 597 981 società
626 924 789 984 viennese,
810 927 944 987 trattato
973 930 1005 990 da

308 957 421 1017 grande
451 959 606 1019 maestro.
627 962 638 1022 E
676 962 700 1022 le
729 965 896 1025 commedle
926 968 1011 1028 finis¬

309 995 399 1055 sime,
424 998 502 1058 tutte
530 1000 636 1060 spuma
668 1001 680 1061 e
704 1001 822 1061 satira,
842 1005 896 1065 pur
921 1005 1015 1065 aven¬

308 1034 343 1094 do
371 1034 485 1094 spunto
516 1037 528 1097 e
556 1040 752 1100 conclusione
784 1045 1012 1105 sentimentali,

305 1070 337 1130 si
357 1074 503 1134 aggirano
531 1077 657 1137 intorno
685 1079 717 1139 ad
754 1080 810 1140 una
843 1085 1005 1145 aggrazla¬

303 1112 328 1172 ta
359 1112 454 1172 ironia
490 1115 546 1175 che
577 1115 603 1175 le
629 1121 768 1181 suggella
804 1122 838 1182 di
860 1124 1008 1184 persona¬

306 1150 418 1210 lissimu
455 1153 652 1213 originalita.

343 1186 381 1246 La
421 1190 511 1250 sorda
555 1194 745 1254 malinconia
784 1195 818 1255 di
853 1200 999 1260 esistenze

305 1227 426 1287 chiuse,
447 1231 471 1291 la
504 1231 645 1291 sensuale
675 1234 812 1294 dolcezza
845 1238 877 1298 di
902 1240 1003 1300 donne

301 1267 501 1327 innamorate
529 1270 614 1330 come
642 1273 779 1333 soltanto
811 1276 834 1336 le
862 1279 1002 1339 viennes!

301 1300 351 1360 del
376 1305 431 1365 ’900
452 1309 612 1369 sapevano
642 1311 768 1371 esserlo,
785 1316 920 1376 l'orpello
950 1317 1012 1377 del¬

302 1344 328 1404 la
350 1344 465 1404 piccola
492 1347 673 1407 borghesia,
687 1353 908 1413 l’epicureismo
935 1356 1001 1416 del¬

299 1386 320 1446 la
364 1383 446 1443 lasse
473 1386 708 1446 aristocratica,
725 1392 882 1452 l'egoismo
913 1392 999 1452 senza

299 1419 368 1479 flele
394 1421 406 1481 e
433 1422 458 1482 la
489 1425 678 1485 maldicenza
708 1428 794 1488 priva
820 1431 854 1491 di
876 1433 996 1493 arguzla

297 1461 336 1521 di
358 1461 456 1521 donne
487 1461 499 1521 e
530 1463 564 1523 di
586 1467 711 1527 uomini
733 1467 784 1527 del
806 1470 870 1530 ceto
901 1473 999 1533 medio

296 1500 368 1560 sono
396 1500 418 1560 le
446 1500 536 1560 corde
564 1506 677 1566 ch'egli
696 1507 759 1567 fece
787 1511 909 1571 vibrare
937 1512 1000 1572 me¬

297 1539 594 1599 ravigliosamente.

324 1577 339 1637 I
369 1577 478 1637 cinque
503 1580 567 1640 atti
588 1583 627 1643 di
647 1583 781 1643 Anatol,
801 1589 915 1649 quadri
940 1589 994 1649 che

297 1616 405 1676 stanno
435 1618 447 1678 a
477 1619 522 1679 se,
540 1619 719 1679 pennellati
741 1623 790 1683 con
820 1627 882 1687 brio
912 1628 996 1688 ama¬

292 1652 341 1712 ro,
359 1655 412 1715 con
443 1657 643 1717 brillantezza
672 1661 806 1721 ironica,
827 1666 856 1726 lo
886 1667 994 1727 ridan¬

294 1693 329 1753 no
353 1693 434 1753 forse
457 1697 567 1757 meglio
590 1701 694 1761 d'ogni
713 1703 790 1763 altra
813 1705 904 1765 opera
927 1707 999 1767 sua,

323 1731 387 1791 Egh
418 1734 456 1794 ha
487 1739 723 1799 compendiato,
741 1741 766 1801 in
801 1741 903 1801 queste
934 1742 998 1802 sce¬

293 1771 327 1831 ne
354 1773 496 1833 staccate
522 1775 535 1835 e
561 1777 616 1837 che
643 1778 699 1838 pur
725 1777 755 1837 si
777 1783 932 1843 collegano
963 1785 988 1845 in

290 1810 463 1870 continuttà
499 1813 534 1873 di
556 1816 698 1876 pensiero
730 1819 760 1879 se
792 1822 849 1882 non
885 1822 1000 1882 d'azlo¬

290 1850 342 1910 ne,
360 1852 441 1912 tutto
468 1852 493 1912 lo
520 1855 628 1915 spirito
659 1856 688 1916 di
711 1858 875 1918 superficie
906 1861 992 1921 vien¬

291 1886 374 1946 nesc,
400 1891 526 1951 sempre
561 1894 691 1954 bonario
730 1897 830 1957 anche
869 1900 991 1960 quando

286 1927 412 1987 ferisce,
430 1930 556 1990 sempre
587 1931 696 1991 prento
727 1937 739 1997 a
775 1938 919 1998 sperare,
941 1940 997 2000 an¬

292 1966 340 2026 che
371 1968 492 2028 quando
523 1968 536 2028 è
567 1971 679 2031 ferito.

319 2004 377 2064 Nel
404 2007 551 2067 romanzo
583 2012 774 2072 d'amblente
806 2016 890 2076 «Der
922 2019 984 2079 weg

282 2040 331 2100 zur
367 2043 515 2103 Freiheit
524 2046 537 2106 »
600 2049 707 2109 (Verso
766 2055 792 2115 la
851 2055 984 2115 libertà)

288 2082 471 2142 Schmitzler
507 2085 592 2145 tocco
642 2088 754 2148 l'apice
803 2095 995 2155 dell'analisi

287 2123 485 2183 psicologica.
517 2124 554 2184 In
596 2129 831 2189 un'atmosfera
877 2136 997 2196 gretta.

287 2159 368 2219 priva
416 2162 615 2222 d'orizzonti,
654 2167 736 2227 nella
788 2171 982 2231 tormentosa

284 2195 359 2255 lotta
387 2199 422 2259 di
440 2201 583 2261 passioni
601 2207 694 2267 senza
721 2210 890 2270 grandezza
922 2213 935 2273 e
958 2211 993 2271 di

290 2240 457 2300 pregludizi
484 2240 573 2300 senza
604 2244 707 2304 pietà,
729 2249 789 2309 una
824 2250 918 2310 figura
953 2251 991 2311 di

282 2275 382 2335 donna
415 2277 561 2337 viennese
586 2283 670 2343 cerca
699 2285 723 2345 lo
756 2288 873 2348 spazio,
894 2291 979 2351 cerca

285 2315 305 2375 la
335 2315 539 2375 liberazione,
561 2321 590 2381 si
611 2323 761 2383 consuma
791 2327 824 2387 di
849 2329 970 2389 debolez

282 2353 329 2413 xa,
351 2353 381 2413 si
408 2356 533 2416 strugge
568 2359 602 2419 di
629 2362 737 2422 ansia:
768 2365 802 2425 ed
837 2365 850 2425 è
881 2368 980 2428 figura

286 2390 361 2450 colta
391 2392 445 2452 dal
471 2395 555 2455 vero,
576 2398 639 2458 ch'e
669 2399 782 2459 vissuta
813 2404 896 2464 mille
927 2406 989 2466 vol¬

281 2431 303 2491 te
330 2431 491 2491 all'ombra
519 2436 554 2496 di
572 2437 670 2497 Santo
697 2441 831 2501 Stefano
859 2444 871 2504 e
899 2446 984 2506 mille

285 2468 360 2528 volte
385 2472 397 2532 è
427 2473 552 2533 accorsa
582 2476 640 2536 alle
670 2478 732 2538 rive
762 2479 812 2539 del
837 2483 979 2543 Danubio

281 2506 363 2566 come
391 2510 428 2570 al
451 2515 510 2575 solo
544 2517 653 2577 rifugio
686 2518 741 2578 dal
769 2521 925 2581 tormento
953 2526 989 2586 di

283 2546 408 2606 vivere.

319 2584 380 2644 Non
426 2589 675 2649 assolutamente
711 2597 906 2657 pessimista,
938 2599 986 2659 co-

279 2625 319 2685 me
342 2625 355 2685 1
373 2625 444 2685 suol
467 2631 727 2691 contemporanei
750 2637 901 2697 francesi,
920 2640 973 2700 non

274 2664 490 2724 prettamente
536 2672 723 2732 naturalista
769 2676 856 2736 come
907 2679 981 2739 Mir¬

275 2703 342 2763 beau
384 2705 401 2765 e
435 2706 532 2766 Zola,
562 2710 676 2770 Arturo
710 2715 901 2775 Schmitzler
939 2720 977 2780 ne

275 2739 344 2799 ebbe
379 2741 405 2801 le
440 2747 609 2807 specificho
644 2751 779 2811 qualità,
805 2756 983 2816 moderate.

273 2780 432 2840 addolcite
461 2784 516 2844 dal
545 2787 605 2847 solo
639 2791 718 2851 fatto
752 2792 864 2852 d'esser
893 2798 977 2858 figlio

280 2818 308 2878 di
332 2820 475 2880 Vienna.

311 2856 368 2916 Per
395 2863 510 2923 quanto
538 2864 564 2924 la
595 2866 648 2926 sua
680 2867 839 2927 amarezza
866 2871 901 2931 di
924 2873 977 2933 os¬

281 2899 441 2959 servatore
481 2905 703 2965 gl'insegnasse
743 2909 769 2969 la
813 2912 861 2972 plù
901 2913 983 2973 pun¬

272 2936 362 2996 gente
393 2940 646 3000 drammaticità,
664 2944 810 3004 l'istinto,
832 2950 978 3010 derivan¬

276 2974 301 3034 te
341 2974 422 3034 dalla
456 2980 602 3040 mollezza
637 2984 799 3044 viennese,
826 2989 872 3049 gli
899 2990 976 3050 sug¬

276 3016 376 3076 geriva
410 3018 611 3078 conclusiont
641 3022 703 3082 atte
737 3025 749 3085 a
788 3028 900 3088 lasciar
934 3028 984 3088 in¬

276 3052 438 3112 travedere
467 3058 502 3118 un
536 3061 674 3121 pertugio
702 3064 738 3124 di
760 3064 844 3124 luce,
865 3066 877 3126 a
910 3067 982 3127 con¬

274 3093 377 3153 cillare
403 3094 428 3154 lo
450 3097 558 3157 spirito
584 3101 635 3161 del
653 3103 794 3163 pubblico
821 3109 872 3169 con
902 3109 975 3169 que¬

272 3132 319 3192 sta
350 3135 513 3195 buffonata
544 3138 608 3198 ch'e
634 3138 659 3198 la
690 3141 771 3201 vita.

312 3172 379 3232 Egli
407 3173 466 3233 non
508 3176 557 3236 era
594 3178 644 3238 piu
681 3180 717 3240 di
745 3182 854 3242 moda.
882 3186 977 3246 Altri,

271 3212 314 3272 piû
341 3210 484 3270 glovani,
502 3215 549 3275 più
576 3218 702 3278 robusti
720 3222 759 3282 di
781 3225 981 3285 concezione,

272 3251 296 3311 lo
333 3251 472 3311 avevano
506 3255 674 3315 superato.

307 3288 355 3348 Ma
391 3292 547 3352 nessuno,
578 3295 663 3355 come
699 3300 761 3360 lui,
788 3302 819 3362 fu
859 3305 970 3365 capace

272 3326 302 3386 di
332 3329 461 3389 rendere
496 3329 543 3389 con
586 3335 646 3395 tale
681 3338 840 3398 efflcacia,
866 3341 896 3401 Il
922 3341 973 3401 ca¬

264 3365 381 3425 rattere
408 3370 591 3430 d'un'epoca
618 3376 630 3436 e
657 3377 683 3437 le
709 3378 858 3438 passiont
880 3383 971 3443 d'una

267 3404 373 3464 razza.
394 3407 433 3467 La
465 3410 516 3470 sua
548 3413 643 3473 opera
671 3416 801 3476 rimarrà
837 3419 860 3479 il
885 3422 979 3482 docu¬

272 3445 372 3505 mento
402 3447 456 3507 del
478 3452 621 3512 pensiero
655 3453 667 3513 e
697 3455 773 3515 della
807 3458 912 3518 psiche
946 3461 979 3521 di

276 3484 384 3544 Vienna
418 3488 472 3548 nel
497 3491 593 3551 primt
619 3493 698 3553 anni
723 3497 756 3557 di
782 3497 886 3557 questo
920 3497 965 3557 se¬

268 3522 351 3582 colo.
377 3523 439 3583 Non
478 3529 587 3589 poteva
621 3532 671 3592 plù
705 3535 855 3595 produrre
890 3537 977 3597 un'o¬

265 3562 333 3622 pera
371 3565 525 3625 adeguata
562 3568 594 3628 al
628 3571 741 3631 tempi;
774 3574 831 3634 non
872 3577 965 3637 aveva

264 3598 286 3658 la
321 3601 399 3661 gloia
434 3605 513 3665 della
548 3610 726 3670 creazione,
753 3613 792 3673 né
827 3619 849 3679 la
888 3619 966 3679 giosa

264 3637 302 3697 di
329 3640 450 3700 vivere.

302 3676 316 3736 E
350 3682 450 3742 forse,
475 3685 522 3745 più
557 3686 647 3746 d'una
681 3688 782 3748 volta,
806 3694 882 3754 nella
917 3694 969 3754 de¬

269 3717 415 3777 solazione
445 3721 520 3781 della
554 3726 608 3786 sua
638 3726 705 3786 villa
739 3729 881 3789 decerta,
903 3733 969 3793 cost

266 3756 340 3816 bella
376 3759 389 3819 e
425 3759 495 3819 cosl
522 3764 628 3824 triste,
660 3767 721 3827 egli
748 3768 858 3828 invocò
894 3771 964 3831 quel

261 3795 345 3855 colpo
375 3795 413 3855 di
435 3798 523 3858 scure
558 3804 634 3864 della
668 3807 799 3867 Grande
829 3810 977 3870 Nemica.

269 3834 317 3894 che
342 3836 365 3896 lo
391 3837 516 3897 abbatté
545 3841 663 3901 mentre
687 3843 715 3903 si
737 3846 866 3906 stavano
891 3847 963 3907 pre¬

268 3873 397 3933 parando
425 3876 504 3936 sulle
528 3882 685 3942 maggiori
705 3885 795 3945 scene
823 3888 968 3948 viennest

258 3910 327 3970 cieli
349 3914 383 3974 di
405 3917 496 3977 opere
523 3918 591 3978 sue,
613 3920 626 3980 a
653 3923 865 3983 solennizzare
891 3926 904 3986 1
926 3926 960 3986 70

262 3950 336 4010 anni
354 3953 417 4013 che
440 3955 555 4015 Arturo
585 3959 774 4019 Schmitzler
804 3965 860 4025 non
896 3967 970 4027 rag¬

267 3989 396 4049 glinso.

580 4031 710 4091 MARIO
746 4037 910 4097 TIPALDO

1218 689 1927 749 OBSERVER

1305 764 1332 824 I.
1346 762 1466 822 österr.
1476 755 1628 815 behördl.
1642 746 1942 806 konzessioniertes

1261 804 1498 864 Unternehmen
1530 795 1574 855 für
1601 786 1990 846 Zeitungs-Ausschnitte

1321 860 1467 920 WIEN,
1494 858 1540 918 I.,
1568 851 1854 911 WOLLZEILE
1895 843 1914 903 1

1419 910 1635 970 TELEPHON
1669 899 1841 959 R-23-0-43

1712 964 1748 1024 Va
1780 971 1793 1031 M

1231 1060 1447 1120 Ausschnitt
1470 1056 1561 1116 aus:

1584 1107 1655 1167 5.
1674 1112 1798 1172 0KT.
1817 1108 1914 1168 1937

1273 2343 1386 2403 Arturo
1414 2347 1613 2407 Schmitzler,
1630 2350 1657 2410 il
1677 2350 1790 2410 oclebre
1814 2354 1958 2414 scrittore

1354 2377 1453 2437 morto
1483 2382 1495 2442 a
1533 2385 1670 2445 Vienna,
1691 2389 1703 2449 a
1737 2389 1766 2449 69
1796 2389 1874 2449 anni

2185 2080 2894 2140 OBSERVER

2269 2133 2292 2193 I.
2306 2136 2429 2196 österr.
2439 2138 2591 2198 behördl.
2606 2143 2904 2203 konzessioniertes

2222 2174 2448 2234 Unternehmen
2478 2180 2525 2240 für
2550 2184 2940 2244 Zeitungs-Ausschnitte

2275 2237 2419 2297 WIEN,
2447 2238 2495 2298 I.,
2523 2243 2804 2303 WOLLZEILE
2854 2247 2894 2307 11

2368 2291 2580 2351 TELEPHON
2619 2297 2792 2357 R-23-0-43

2130 2413 2266 2473 Extrait
2289 2418 2329 2478 du
2364 2425 2535 2485 Journal:

2608 2467 2797 2527 ISRAEI

2122 2518 2311 2578 Adresse:

2374 2564 2558 2624 ironze

2130 2622 2250 2682 Date:

2878 2642 3001 2702 -21

2050 2858 2148 2918 La
2186 2864 2315 2924 morte
2359 2867 2402 2927 di
2446 2868 2594 2928 Arthur
2632 2873 2860 2933 Schnitzler

2052 2928 2230 2988 VIENNA.
2256 2929 2273 2989 —
2334 2934 2376 2994 Lo
2411 2938 2556 2998 scrittore
2591 2941 2718 3001 Arffür
2754 2941 2924 3001 Schnitzler
2950 2940 2966 3000 à

2008 2977 2112 3037 morto
2149 2977 2162 3037 a
2194 2980 2303 3040 Vienna
2344 2985 2662 3045 improvvisamente.
2690 2989 2771 3049 Nata
2808 2992 2862 3052 nel
2899 2990 2976 3050 1862

2008 3025 2039 3085 fu
2080 3025 2116 3085 da
2158 3028 2212 3088 suo
2254 3031 2353 3091 padre
2395 3034 2545 3094 istradato
2586 3038 2655 3098 agli
2687 3040 2778 3100 studi
2811 3040 2846 3100 di
2883 3039 2983 3099 medi¬

2008 3076 2075 3136 cina
2116 3073 2129 3133 e
2157 3079 2265 3139 infatti
2298 3081 2428 3141 csercitò
2474 3084 2528 3144 per
2565 3086 2673 3146 alcuni
2705 3088 2796 3148 anni,
2828 3090 2913 3150 come
2955 3088 2977 3148 il

2015 3125 2105 3185 padre
2133 3126 2146 3186 e
2175 3126 2197 3186 il
2220 3129 2366 3189 fratello,
2389 3131 2411 3191 la
2439 3132 2644 3192 professione
2668 3135 2704 3195 di
2722 3135 2863 3195 medico.
2887 3138 2977 3198 Iniziò

2012 3176 2065 3236 poi
2091 3174 2115 3234 la
2145 3177 2198 3237 sua
2228 3177 2344 3237 attività
2378 3181 2531 3241 letteraria
2560 3183 2614 3243 che
2644 3185 2676 3245 ha
2706 3186 2884 3246 continuato
2918 3187 2967 3247 con

2004 3222 2142 3282 successo
2191 3225 2256 3285 fino
2302 3229 2362 3289 alla
2408 3231 2464 3291 sua
2506 3234 2628 3294 morte.
2665 3234 2722 3294 Per
2764 3237 2881 3297 quanto
2947 3237 2975 3297 lo

2006 3273 2173 3333 Schuitzler
2203 3274 2232 3334 si
2258 3276 2341 3336 fosse
2376 3280 2497 3340 sempre
2527 3282 2635 3342 tenuto
2670 3284 2795 3344 lontano
2829 3285 2866 3345 da
2896 3287 2976 3347 ogni

2004 3321 2119 3381 attività
2150 3323 2292 3383 ebraica,
2315 3328 2390 3388 pure
2422 3330 2550 3390 qualche
2582 3332 2666 3392 volta
2694 3332 2773 3392 ebbe
2801 3333 2813 3393 a
2841 3335 2973 3395 soffrire

2009 3371 2043 3431 di
2065 3371 2184 3431 ostilità
2219 3374 2411 3434 antisemite.
2437 3377 2501 3437 Nel
2532 3378 2612 3438 1922
2643 3380 2672 3440 fu
2707 3383 2856 3443 costretto
2891 3383 2904 3443 a
2930 3381 2976 3441 in¬

2009 3422 2198 3482 terrompere
2235 3422 2267 3482 un
2308 3425 2376 3485 giro
2413 3425 2449 3485 di
2477 3428 2667 3488 conferenze
2700 3431 2728 3491 in
2765 3431 2974 3491 Cecoslovac-

2002 3468 2066 3528 chia
2105 3470 2160 3530 per
2195 3471 2224 3531 le
2259 3474 2503 3534 dimostrazioni
2533 3477 2589 3537 che
2623 3481 2674 3541 gli
2700 3480 2880 3540 antisemiti
2910 3482 2974 3542 rin-

2004 3518 2158 3578 novavano
2199 3520 2282 3580 ogni
2314 3523 2473 3583 qualvolta
2514 3523 2584 3583 egli
2615 3526 2761 3586 parlava.
2792 3529 2854 3589 Nel
2890 3529 2969 3589 1926

2006 3569 2070 3629 eghi
2096 3568 2194 3628 stesso
2233 3570 2263 3630 si
2294 3571 2405 3631 rifiutô
2440 3573 2478 3633 di
2509 3574 2628 3634 recarsi
2655 3575 2680 3635 in
2724 3578 2886 3638 Ungheria
2921 3577 2972 3637 so¬

2004 3616 2149 3676 stenendo
2180 3619 2235 3679 che
2263 3619 2286 3679 il
2310 3620 2430 3680 terrore
2458 3622 2564 3682 bianco
2596 3625 2689 3685 aveva
2717 3625 2842 3685 causato
2874 3625 2971 3685 danni

2005 3667 2146 3727 immensi
2170 3669 2240 3729 agli
2265 3670 2354 3730 ebrei
2378 3670 2390 3730 e
2417 3670 2468 3730 che
2500 3672 2610 3732 ancora
2641 3676 2668 3736 si
2692 3674 2841 3734 facevano
2873 3676 2971 3736 molte

2002 3718 2136 3778 ingiuste
2175 3718 2356 3778 differenze
2399 3720 2508 3780 contro
2551 3720 2589 3780 di
2623 3721 2711 3781 loro.

2038 3765 2073 3825 Lo
2118 3766 2293 3826 Schnitzler
2334 3768 2426 3828 aveva
2470 3768 2611 3828 un'unica
2656 3772 2743 3832 figlia
2784 3774 2858 3834 che,
2889 3774 2964 3834 con-

2000 3813 2039 3873 tro
2076 3815 2100 3875 la
2129 3815 2254 3875 volontà
2286 3818 2436 3878 paterna,
2456 3819 2549 3879 aveva
2578 3822 2731 3882 contratto
2764 3822 2961 3882 matrimonio

1996 3863 2108 3923 misto.
2133 3864 2232 3924 Pochi
2258 3867 2337 3927 mesi
2362 3867 2399 3927 or
2429 3867 2503 3927 sono
2537 3867 2595 3927 ella
2625 3870 2654 3930 si
2679 3870 2779 3930 uccise
2812 3872 2824 3932 e
2850 3873 2891 3933 ciò
2925 3873 2962 3933 ha

1995 3910 2082 3970 senza
2109 3913 2222 3973 dubbio
2254 3915 2440 3975 contribuito
2472 3917 2503 3977 ad
2535 3918 2705 3978 affrettare
2732 3920 2757 3980 la
2784 3920 2846 3980 fine
2872 3921 2980 3981 dello-

1998 3962 2145 4022 scrittore
2187 3962 2354 4022 viennese.
