3392 4352
198 281 287 341 2.
348 282 936 342 Schnitzler's
997 284 1224 344 Death

1463 282 1590 342 box
1663 286 1854 346 43/1

876 1056 1141 1116 VER

765 1135 841 1195 cdi.
853 1115 1154 1175 konzessioniertes

722 1179 794 1239 „für
820 1155 1205 1215 Zeitungs-Ausschnitte

790 1226 1074 1286 WOLLZEILE
1116 1207 1164 1267 11

639 1294 854 1354 TELEPHON
892 1272 1064 1332 R-23-0-43

450 1451 677 1511 Ausschnitt
703 1437 789 1497 aus:

552 1542 739 1602 UTSCEN
764 1548 1213 1608 ALIOEVEINEXRIN

474 1681 589 1741 vom:

930 1695 991 1755 23
1042 1674 1139 1734 0K1

705 1879 1023 1939 Arthur
1083 1870 1532 1930 Schnitzler

1043 1958 1130 2018 kög.
1148 1960 1258 2020 Wien,
1276 1962 1328 2022 22.
1346 1960 1398 2020 18.
1421 1956 1655 2016 (Eigenberichd

896 2025 1051 2085 Arthur
1087 2024 1319 2084 Schnitzler
1360 2019 1399 2079 ist
1451 2018 1521 2078 (wie
1551 2015 1632 2075 schon
1667 2013 1692 2073 in

817 2067 900 2127 einem
947 2067 1022 2127 Teil
1051 2066 1106 2126 der
1140 2063 1284 2123 gestrigen
1327 2059 1476 2119 Ausgabe
1514 2055 1696 2115 mitgeteilt)

818 2109 921 2169 gestern
983 2103 1010 2163 in
1076 2103 1174 2163 seiner
1236 2099 1363 2159 Wiener
1424 2096 1588 2156 Wohnung

821 2145 950 2205 storben.
975 2142 1147 2202 Schnitzler
1173 2141 1253 2201 erlag
1284 2137 1426 2197 offenbar
1458 2136 1537 2196 einer
1569 2133 1698 2193 Gehirn¬

812 2183 940 2243 blutung
976 2181 1029 2241 und
1066 2180 1141 2240 starb
1177 2177 1243 2237 nach
1275 2174 1520 2234 stundenlanger
1551 2170 1702 2230 Bewußzt¬

812 2223 943 2283 losigkeit
966 2220 1043 2280 eines
1076 2217 1189 2277 sauften
1217 2214 1339 2274 Todes.
1359 2213 1399 2273 Am
1431 2210 1608 2270 Vormittag
1636 2207 1699 2267 war

812 2264 838 2324 er
883 2259 949 2319 noch
994 2258 1020 2318 in
1065 2256 1118 2316 der
1163 2255 1340 2315 gewohnten
1390 2249 1487 2309 Weise
1533 2248 1705 2308 spazieren¬

814 2300 986 2360 gegangen,
1018 2296 1079 2356 und
1120 2294 1186 2354 war
1222 2294 1310 2354 gegen
1359 2288 1474 2348 Mittag
1519 2285 1629 2345 wieder
1669 2283 1695 2343 in

822 2338 894 2398 seine
922 2337 1091 2397 Wohnung
1123 2333 1145 2393 im
1178 2330 1300 2390 Wiener
1319 2328 1446 2388 Cottage
1479 2326 1706 2386 zurückgekehrt.

820 2376 913 2436 Gegen
951 2374 1021 2434 ½12
1054 2371 1119 2431 Uhr
1148 2371 1217 2431 fand
1251 2369 1297 2429 ihn
1335 2368 1414 2428 seine
1443 2364 1620 2424 Sekretärin
1654 2356 1700 2416 be¬

813 2413 948 2473 wußtlos
985 2410 1185 2470 hingesunken
1222 2407 1248 2467 in
1285 2405 1385 2465 seinem
1435 2404 1707 2464 Arbeitszimmer.

816 2453 872 2513 Der
901 2452 975 2512 Arzt
999 2449 1055 2509 gab
1089 2449 1155 2509 noch
1188 2446 1254 2506 eine
1282 2444 1399 2504 gewisse
1429 2440 1612 2500 Hoffnung,
1636 2437 1706 2497 weil

812 2491 973 2551 Schnitzler
1000 2488 1081 2548 zwar
1104 2485 1130 2545 in
1157 2485 1206 2545 den
1238 2482 1331 2542 letzten
1359 2482 1474 2542 Jahren
1507 2479 1538 2539 an
1565 2476 1694 2536 manchen

819 2527 1148 2587 Altersbeschwerden,
1166 2521 1391 2581 insbesondere
1418 2521 1448 2581 an
1483 2515 1703 2575 zunehmender

812 2568 1087 2628 Schwerhörigkeit
1115 2562 1179 2622 litt,
1202 2562 1284 2622 sonst
1312 2559 1385 2619 aber
1413 2556 1477 2616 doch
1510 2554 1702 2614 verhältnis¬

819 2607 919 2667 mäßig
965 2605 1074 2665 gesund
1120 2599 1206 2659 war.
1248 2597 1311 2657 Der
1353 2597 1471 2657 einzige
1512 2593 1598 2653 Sohn
1649 2591 1699 2651 des

824 2646 953 2706 Dichters
987 2643 1019 2703 ist
1044 2643 1086 2703 als
1120 2640 1330 2700 Schauspieler
1359 2637 1383 2697 in
1417 2634 1526 2694 Berlin
1555 2631 1646 2691 tätig.

724 2724 763 2784 Um
808 2721 925 2781 Arthur
950 2717 1112 2777 Schnitzler
1137 2715 1176 2775 ist
1196 2712 1225 2772 es
1255 2712 1279 2772 im
1319 2711 1417 2771 letzten
1447 2710 1628 2770 Jahrzehnt
1648 2706 1707 2766 still

644 2768 825 2828 geworden.
858 2763 928 2823 Nur
957 2762 1035 2822 seine
1064 2759 1138 2819 1921
1162 2756 1348 2816 erschienene
1382 2753 1508 2813 Novelle
1536 2750 1699 2810 „Fräulein

643 2811 749 2871 Else",
774 2810 845 2870 eine
875 2807 1111 2867 psychologische
1145 2801 1265 2861 Studie
1300 2798 1328 2858 in
1372 2797 1632 2857 Monologsorm,
1657 2792 1710 2852 be¬

651 2855 798 2915 schäftigte
828 2852 896 2912 noch
926 2849 1048 2909 einmal
1073 2849 1176 2909 stärker
1206 2845 1254 2905 die
1284 2843 1544 2903 Oeffentlichkeit,
1564 2837 1622 2897 und
1657 2838 1701 2898 ihr

655 2901 741 2961 Stoff
765 2897 870 2957 führte
899 2895 927 2955 zu
961 2894 1042 2954 einem
1085 2891 1147 2951 viel
1176 2888 1333 2948 gespielten
1372 2885 1472 2945 Film,
1496 2886 1524 2946 zu
1558 2883 1605 2943 dem
1654 2882 1701 2942 der

648 2943 798 3003 Verfasser
826 2940 906 3000 keine
939 2934 1226 2994 wesensgemäßere
1259 2929 1452 2989 Darstellerin
1490 2927 1574 2987 hätte
1602 2927 1701 2987 finden

651 2987 761 3047 können
809 2983 861 3043 als
910 2980 1068 3040 Elisabeth
1117 2977 1274 3037 Bergner.
1323 2974 1390 3034 Daß
1443 2971 1538 3031 jedoch
1587 2968 1701 3028 Arthur

651 3030 809 3090 Schnitzler
838 3027 862 3087 in
896 3025 944 3085 den
978 3025 1097 3085 Jahren
1127 3021 1179 3081 von
1213 3019 1280 3079 1995
1309 3017 1357 3077 bis
1391 3016 1458 3076 1914
1482 3015 1510 3075 zu
1545 3013 1592 3073 den
1626 3013 1707 3073 meist

649 3073 906 3133 aufgeführtesten
945 3070 1007 3130 und
1041 3067 1165 3127 heftigst
1194 3063 1389 3123 diskutierten
1433 3058 1700 3118 Persönlichkeiten

645 3118 699 3178 der
727 3118 886 3178 Literatur
918 3112 1054 3172 gehörte,
1078 3112 1173 3172 davon
1205 3109 1264 3169 hat
1288 3109 1332 3169 die
1360 3106 1492 3166 Jugend
1524 3103 1601 3163 nicht
1629 3102 1710 3162 mehr

648 3162 706 3222 viel
736 3164 765 3224 zu
800 3160 913 3220 spüren
948 3153 1143 3213 bekommen.

734 3231 788 3291 Der
823 3231 950 3291 Wiener
980 3228 1073 3288 Arzt,
1098 3225 1147 3285 der
1182 3223 1226 3283 sich
1266 3224 1290 3284 in
1329 3221 1427 3281 seinen
1467 3216 1703 3276 Theaterstücken

648 3279 694 3339 eng
723 3280 764 3340 an
793 3276 891 3336 Ibsen
924 3273 1088 3333 anlehnte,
1107 3269 1177 3329 fand
1210 3267 1261 3327 den
1294 3265 1378 3325 ersten
1416 3264 1523 3324 großen
1557 3259 1706 3319 Bühnen¬

651 3323 749 3383 erfolz
775 3321 833 3381 mit
859 3316 907 3376 der
933 3315 1091 3375 Tragödie
1121 3311 1372 3371 „Liebelei“.
1398 3307 1462 3367 Sie
1487 3306 1580 3366 spielt
1601 3303 1625 3363 in
1655 3303 1704 3363 den

653 3368 769 3428 Kreisen
803 3364 853 3424 der
887 3359 1103 3419 sorgenlosen,
1127 3355 1234 3415 reichen
1272 3351 1398 3411 Wiener
1427 3347 1576 3407 Jugend,
1600 3347 1642 3407 wo
1675 3347 1707 3407 es

648 3410 727 3470 keine
760 3410 877 3470 großen
915 3404 1060 3464 Szenen,
1088 3401 1167 3461 keine
1200 3398 1378 3458 Gefahren,
1416 3394 1500 3454 keine
1542 3392 1701 3452 tragischen

656 3452 895 3512 Verwicklungen
929 3449 1011 3509 gibt.
1040 3446 1106 3506 Das
1136 3445 1202 3505 füße
1236 3441 1346 3501 Mädel
1371 3440 1442 3500 steht
1467 3437 1601 3497 zwischen
1635 3435 1711 3495 zwei

650 3499 809 3559 Freunden
862 3496 890 3556 im
942 3491 1163 3551 Mittelpunkt.
1224 3486 1289 3546 Das
1342 3485 1436 3545 Leben
1483 3479 1596 3539 scheint
1639 3476 1718 3536 nicht

650 3542 771 3602 schwer,
796 3540 851 3600 und
885 3537 950 3597 doch
978 3533 1048 3593 fällt
1072 3532 1156 3592 einer
1185 3530 1212 3590 im
1255 3529 1362 3589 Duell,
1386 3526 1442 3586 und
1475 3524 1531 3584 das
1564 3523 1704 3583 Mädchen

651 3590 718 3650 geht
743 3585 915 3645 zugrunde.
945 3580 1012 3640 Das
1036 3577 1219 3637 Geschehnis
1248 3574 1281 3634 ist
1302 3574 1378 3634 nicht
1398 3569 1551 3629 eigentlich
1581 3568 1719 3628 tragisch,

653 3629 776 3689 sondern
804 3627 945 3687 traurig,
964 3623 1023 3683 und
1051 3622 1215 3682 Schnitzler
1243 3617 1316 3677 steht
1339 3616 1398 3676 mit
1417 3613 1512 3673 seiner
1540 3610 1714 3670 Menschen¬

650 3673 791 3733 kenninis
832 3669 1036 3729 resignierend
1076 3664 1102 3724 im
1156 3662 1369 3722 Hintergrund
1414 3658 1471 3718 und
1512 3655 1644 3715 versucht
1680 3653 1706 3713 zu

648 3719 766 3779 zeigen,
790 3718 844 3778 daß
877 3713 936 3773 auf
959 3709 1009 3769 dem
1055 3706 1165 3766 Grund
1198 3706 1270 3766 aller
1298 3703 1403 3763 Dinge
1431 3700 1490 3760 und
1523 3700 1595 3760 aller
1623 3697 1714 3757 flüch¬

652 3762 733 3822 tigen
766 3757 939 3817 Schönheit
962 3754 1012 3814 der
1040 3750 1180 3810 Schmerz
1204 3750 1295 3810 liegt.
1323 3744 1555 3804 Schwermütig
1583 3741 1637 3801 und
1670 3739 1710 3799 ein

659 3803 756 3863 wenig
796 3799 999 3859 sentimental
1035 3795 1092 3855 sind
1136 3791 1202 3851 auch
1242 3789 1290 3849 die
1326 3789 1418 3849 sieben
1463 3785 1701 3845 dramatisierten

655 3848 819 3908 Gespräche
846 3843 908 3903 mit
931 3842 979 3902 dem
1020 3837 1175 3897 ähnlehen
1207 3834 1344 3894 Thema,
1363 3832 1407 3892 die
1434 3830 1491 3890 das
1519 3828 1630 3888 vorher
1652 3825 1719 3885 ent¬

658 3893 799 3953 standene
833 3888 912 3948 Buch
955 3885 1110 3945 „Anatol“
1144 3882 1299 3942 abgeben,
1337 3880 1364 3940 zu
1417 3876 1473 3936 dem
1530 3876 1581 3936 der
1625 3873 1718 3933 junge

1752 1816 2002 1876 Hofmannsthal
2049 1813 2099 1873 die
2135 1810 2346 1870 Prologverse
2392 1807 2573 1867 geschrieben
2629 1804 2698 1864 hat.
2744 1804 2804 1864 Die

1748 1860 1849 1920 weiche
1878 1858 1935 1918 und
1965 1858 2060 1918 etwas
2090 1855 2195 1915 bittere
2224 1855 2339 1915 Anlage
2369 1852 2469 1912 führte
2494 1849 2541 1909 den
2576 1849 2729 1909 Verfasser
2754 1844 2806 1904 mit

1748 1903 1796 1963 den
1839 1903 1964 1963 Stücken
2003 1900 2214 1960 „Freiwild",
2243 1897 2291 1957 dem
2345 1894 2604 1954 „Vermächtnis"
2643 1891 2700 1951 und
2739 1891 2791 1951 dem

1762 1947 1894 2007 „Grünen
1934 1942 2076 2002 Kakadu"
2116 1941 2218 2001 stärker
2258 1939 2326 1999 noch
2371 1938 2425 1998 zur
2469 1936 2602 1996 sozialen
2641 1933 2807 1993 Mitleids¬

1754 1990 1904 2050 tragödie.
1935 1989 2009 2049 Auch
2040 1989 2085 2049 die
2110 1985 2261 2045 Komödie
2287 1983 2462 2043 „Professor
2488 1979 2704 2039 Bernhardl",
2724 1976 2809 2036 wohl

1749 2031 1798 2091 das
1840 2034 1955 2094 einzige
1991 2032 2082 2092 Stück
2113 2030 2168 2090 des
2204 2028 2396 2088 Verfassers,
2422 2025 2482 2085 das
2528 2025 2557 2085 in
2604 2022 2653 2082 den
2700 2020 2800 2080 letzten

1754 2079 1869 2139 Jahren
1899 2076 1924 2136 in
1955 2076 2060 2136 Berlin
2091 2073 2271 2133 aufgeführt
2293 2070 2398 2130 wurde
2423 2067 2478 2127 und
2509 2069 2564 2129 das
2589 2066 2654 2126 eine
2680 2064 2810 2124 mensch¬

1755 2123 1802 2183 lich
1836 2121 2023 2181 vornehme,
2052 2118 2124 2178 aber
2167 2115 2383 2175 sentimentale
2427 2112 2541 2172 Sattre
2585 2111 2637 2171 der
2686 2109 2810 2169 Wiener

1753 2163 1940 2223 Aerztewelt
1965 2162 2014 2222 ist,
2035 2161 2133 2221 bleibt
2163 2159 2187 2219 in
2227 2159 2320 2219 dieser
2350 2156 2478 2216 Sphäre
2508 2153 2676 2213 befangen.
2711 2150 2808 2210 Seine

1754 2207 1882 2267 Dialoge
1913 2205 2090 2265 „Reigen",
2120 2204 2164 2264 ein
2204 2199 2407 2259 Querschnitt
2447 2198 2501 2258 des
2551 2195 2802 2255 Liebesgenusses

1750 2252 1831 2312 durch
1865 2252 1918 2312 alle
1947 2249 2090 2309 Stände,
2110 2248 2182 2308 ging
2216 2245 2282 2305 kurz
2312 2242 2378 2302 nach
2408 2240 2460 2300 dem
2504 2240 2594 2300 Krieg
2629 2238 2700 2298 über
2729 2236 2806 2296 viele

1755 2294 1899 2354 Bühnen,
1929 2293 2102 2353 allerdings
2141 2289 2194 2349 vor
2228 2288 2305 2348 allem
2354 2288 2440 2348 wohl
2474 2285 2624 2345 deshalb,
2653 2282 2730 2342 weil
2764 2282 2812 2342 die

1762 2338 1958 2398 Aufführung
1987 2335 2035 2395 bis
2069 2333 2160 2393 dahin
2199 2333 2338 2393 verboten
2377 2330 2458 2390 war.

1825 2381 1885 2441 Der
1921 2380 2072 2440 Erzähler
2104 2377 2270 2437 Schnitzler
2311 2374 2351 2434 ist
2387 2372 2447 2432 mit
2488 2371 2589 2431 seinem
2635 2367 2812 2427 „Leutnant

1753 2425 1871 2485 Gustl",
1891 2425 1950 2485 mit
1970 2426 2068 2486 „Frau
2098 2422 2197 2482 Beate
2217 2419 2379 2479 Garlan",
2399 2416 2453 2476 mit
2474 2414 2675 2474 „Casanovas
2706 2410 2808 2470 Heim¬

1757 2471 1869 2531 fahrt",
1888 2470 1939 2530 der
1963 2466 2238 2526 „Traumnovelle"
2267 2462 2323 2522 und
2351 2460 2487 2520 manchen
2515 2456 2646 2516 anderen
2675 2455 2805 2515 Büchern

1753 2515 1813 2575 viel
1851 2515 1963 2575 gelesen
2006 2509 2150 2569 worden.
2193 2507 2253 2567 Als
2296 2506 2351 2566 sein
2395 2504 2492 2564 letzter
2530 2502 2642 2562 großer
2685 2498 2801 2558 Roman

1755 2559 1917 2619 „Therese,
1932 2554 2069 2614 Chronik
2094 2552 2178 2612 eines
2208 2549 2464 2609 Frauenlebens"
2489 2545 2557 2605 1928
2582 2543 2724 2603 erschien,
2744 2540 2808 2600 war

1748 2601 1861 2661 bereits
1890 2598 1956 2658 eine
1985 2598 2060 2658 neue
2089 2596 2159 2656 Zeit
2183 2592 2410 2652 angebrochen.
2448 2589 2514 2649 Auf
2543 2587 2585 2647 die
2614 2586 2737 2646 Anmut
2761 2583 2812 2643 des

1753 2644 1831 2704 alten
1866 2643 2086 2703 Oesterreichs,
2111 2640 2154 2700 die
2184 2640 2351 2700 Schnitzler
2381 2635 2483 2695 früher
2513 2634 2537 2694 in
2577 2631 2625 2691 den
2660 2630 2802 2690 Bezirken

1759 2688 1803 2748 des
1838 2688 2039 2748 bürgerlichen
2074 2684 2210 2744 Verfalls
2245 2682 2417 2742 aufspürte,
2437 2679 2490 2739 hat
2516 2679 2544 2739 er
2574 2676 2638 2736 hier
2668 2674 2692 2734 in
2727 2673 2810 2733 einer

1753 2732 1845 2792 echten
1878 2729 2013 2789 Ahnung
2055 2728 2092 2788 um
2144 2727 2199 2787 den
2242 2724 2381 2784 herberen
2419 2721 2507 2781 Wind
2545 2720 2591 2780 der
2624 2717 2814 2777 Gegenwart

1758 2777 1925 2837 verzichtet,
1954 2773 2011 2833 und
2045 2771 2131 2831 schied
2165 2769 2265 2829 damit
2295 2768 2347 2828 von
2386 2766 2472 2826 selbst
2501 2765 2558 2825 aus
2592 2762 2639 2822 dem
2688 2760 2807 2820 Bereich

1762 2822 1850 2882 seiner
1880 2815 2299 2875 Wirkungsmöglichkeiten.
2334 2811 2383 2871 In
2418 2810 2496 2870 einer
2526 2809 2609 2869 Zeit,
2630 2807 2659 2867 in
2689 2805 2738 2865 der
2768 2802 2812 2862 die

1767 2864 1958 2924 Psychologie
1983 2861 2006 2921 in
2035 2860 2087 2920 der
2112 2858 2265 2918 Literatur
2295 2855 2318 2915 in
2347 2855 2438 2915 hohem
2482 2852 2616 2912 Ansehen
2645 2849 2745 2909 stand,
2765 2846 2817 2906 hat

1762 2909 1878 2969 Arthur
1902 2904 2070 2964 Schnitzler
2094 2903 2154 2963 mit
2178 2901 2270 2961 seinem
2313 2897 2425 2957 wachen
2453 2895 2603 2955 Verstand
2631 2894 2691 2954 und
2720 2892 2812 2952 seiner

1765 2952 1924 3012 skeptischen
1952 2946 2256 3006 Menschenkenntnis
2285 2942 2420 3002 manchen
2449 2938 2659 2998 interessanten
2693 2935 2813 2995 Beitrag

1763 2995 1907 3055 geleistet,
1937 2995 1965 3055 so
1995 2992 2046 3052 daß
2082 2992 2128 3052 die
2158 2986 2447 3046 psychoanalytische
2477 2983 2586 3043 Schule
2622 2982 2691 3042 gern
2732 2977 2813 3037 seine

1761 3040 1872 3100 Bücher
1901 3039 1944 3099 als
1974 3037 2176 3097 Kronzeugen
2211 3031 2403 3091 heranzieht.

1838 3082 1889 3142 Die
1936 3079 2060 3139 Freude
2112 3077 2147 3137 am
2210 3076 2396 3136 geistreichen
2453 3070 2566 3130 Spiel,
2603 3070 2654 3130 die
2701 3067 2794 3127 bitiet

1758 3127 1969 3187 Empfindung
1999 3123 2046 3183 für
2076 3122 2157 3182 einen
2191 3118 2359 3178 Zwiespalt
2383 3118 2407 3178 in
2441 3115 2537 3175 seiner
2561 3113 2681 3173 eigenen
2710 3111 2820 3171 Brust,

1763 3171 1887 3231 Wiener
1917 3168 1974 3228 und
2008 3167 2075 3227 doch
2109 3164 2185 3224 nicht
2210 3160 2397 3220 beheimatet
2426 3160 2454 3220 zu
2489 3159 2565 3219 sein,
2590 3158 2637 3218 die
2666 3154 2753 3214 Liebe
2787 3152 2810 3212 zu

1762 3214 1841 3274 einer
1870 3213 2000 3273 beinahe
2028 3209 2182 3269 eleganten
2215 3205 2397 3265 Schönheit,
2421 3202 2467 3262 die
2491 3203 2523 3263 er
2552 3200 2574 3260 in
2608 3198 2691 3258 ihrer
2720 3197 2817 3257 Frag¬

1762 3257 1943 3317 würdigkeit
1963 3254 2088 3314 zugleich
2117 3250 2318 3310 durchschaut,
2333 3248 2400 3308 geht
2420 3243 2505 3303 durch
2530 3243 2582 3303 alle
2606 3242 2683 3302 seine
2707 3241 2822 3301 Werke.

1768 3302 2004 3362 Zurückhaltung
2050 3297 2108 3357 und
2149 3294 2217 3354 eine
2254 3293 2331 3353 seine
2363 3288 2645 3348 Selbsterkenntnis
2681 3285 2731 3345 hat
2758 3284 2808 3344 den

1765 3347 1914 3407 Menschen
1942 3343 2106 3403 Schnitzler
2130 3337 2377 3397 ausgezeichnet,
2392 3335 2438 3395 der
2462 3332 2593 3392 beinahe
2612 3331 2658 3391 als
2687 3327 2812 3387 Kritiker

1762 3390 1857 3450 seiner
1892 3388 1977 3448 selbst
2011 3386 2068 3446 und
2107 3383 2188 3443 einer
2222 3380 2336 3440 Epoche
2370 3378 2417 3438 der
2452 3375 2609 3435 Literatur
2643 3374 2690 3434 die
2720 3374 2810 3434 Verse

1764 3435 1897 3495 schrieb:

1875 3477 1932 3537 „Es
1962 3474 2071 3534 fließen
2106 3470 2288 3530 ineinander
2313 3465 2418 3525 Traum
2462 3463 2519 3523 und
2548 3461 2687 3521 Wachen,

1884 3518 2036 3578 Wahrheit
2066 3515 2119 3575 und
2149 3513 2247 3573 Lüge.
2282 3510 2453 3570 Sicherheit
2478 3508 2512 3568 ist
2537 3505 2703 3565 nirgends.

1873 3562 1936 3622 Wir
1964 3560 2060 3620 wissen
2093 3558 2184 3618 nichts
2216 3555 2267 3615 vom
2308 3553 2445 3613 andern,
2464 3550 2555 3610 nichts
2584 3550 2638 3610 von
2671 3547 2748 3607 uns.

1872 3607 1936 3667 Wir
1962 3606 2065 3666 spielen
2096 3601 2225 3661 immer;
2245 3598 2304 3658 wer
2325 3598 2354 3658 es
2379 3598 2473 3658 weiß,
2494 3597 2528 3657 ist
2549 3595 2642 3655 klug."

1835 3735 1914 3795 Niddy
1944 3735 2107 3795 Impekoven
2133 3732 2221 3792 tanzte
2242 3729 2267 3789 im
2301 3726 2443 3786 Londoner
2464 3726 2666 3786 Arts-Theater
2692 3723 2737 3783 vor
2759 3722 2825 3782 aus¬

1772 3771 1913 3831 verkauftem
1950 3768 2051 3828 Hause.
2064 3768 2112 3828 Ein
2137 3765 2267 3825 erlesenes
2291 3762 2421 3822 Publikum
2458 3759 2584 3819 bereitete
2605 3759 2649 3819 der
2670 3758 2819 3818 Künstlerin

1792 3806 1917 3866 egeisterte
1945 3801 2114 3861 Cvationen.
2154 3798 2221 3858 Nach
2253 3799 2291 3859 dem
2336 3796 2496 3856 Tanzabend
2528 3793 2591 3853 fand
2619 3793 2657 3853 ein
2690 3792 2823 3852 Empfang

1781 3833 1841 3893 tt,
1861 3837 1905 3897 bei
1930 3837 1974 3897 dem
2015 3835 2075 3895 auch
2104 3834 2148 3894 der
2173 3833 2285 3893 deutsche
2315 3831 2492 3891 Botschafter,
2517 3828 2605 3888 Baron
2638 3825 2666 3885 v.
2691 3825 2823 3885 Neurath,

1779 3876 1885 3936 zugegen
1913 3873 1986 3933 war.
