3248 4384
205 368 280 428 2.

353 375 947 435 Schnitzler's
1016 378 1259 438 Death

405 1306 1127 1366 OBSERVER

501 1369 519 1429 I.
529 1369 650 1429 österr.
660 1366 810 1426 behördl.
825 1366 1124 1426 konzessioniertes

454 1408 684 1468 Unternehmen
713 1407 760 1467 für
785 1405 1173 1465 Zeitungs-Ausschnitte

505 1471 650 1531 WIEN,
678 1469 726 1529 I.,
748 1468 1031 1528 WOLLZEILE
1080 1468 1121 1528 11

600 1518 814 1578 TELEPHON
847 1515 1024 1575 R-23-0-43

397 1660 620 1720 Ausschnitt
643 1659 732 1719 aus:

585 1757 737 1817 wycinek
772 1760 788 1820 z
815 1763 1061 1823 wydaunictua

306 1879 616 1939 Deutsche
656 1889 1017 1949 Rundschad
1071 1896 1108 1956 in
1149 1905 1315 1965 Plèd

686 1945 914 2005 (Bydgoszc;

787 2017 862 2077 2S
904 2034 999 2094 PAL
1041 2060 1116 2120 1,
1138 2075 1194 2135 o

671 2283 850 2343 Arthur
890 2286 1165 2346 Schnitzlers
1204 2289 1346 2349 Weg.

536 2358 615 2418 Das
647 2356 745 2416 Werk
776 2358 825 2418 des
857 2359 979 2419 großen
1012 2361 1276 2421 österreichischen
1314 2361 1480 2421 Dichters.

505 2417 578 2477 Mit
601 2417 731 2477 Arthur
760 2417 934 2477 Schnitzler
963 2419 1002 2479 ist
1031 2420 1115 2480 einer
1150 2420 1200 2480 der
1229 2420 1358 2480 größten
1398 2420 1590 2480 österreichi¬

430 2466 503 2526 schen
556 2463 793 2523 Schriftsteller
841 2464 903 2524 und
936 2464 1067 2524 Dichter
1099 2467 1388 2527 dahingegangen.
1431 2465 1504 2525 Wie
1531 2465 1588 2525 für

429 2507 527 2567 Lesser
572 2506 640 2566 Ury
689 2507 797 2567 waren
846 2506 914 2566 auch
964 2507 1017 2567 für
1047 2507 1101 2567 den
1131 2510 1371 2570 Verstorbenen
1406 2510 1434 2570 zu
1469 2508 1572 2568 seinem

425 2549 476 2609 70.
497 2549 707 2609 Geburtstag
739 2552 837 2612 große
863 2552 981 2612 Feiern
1012 2552 1166 2612 geplant,
1187 2552 1233 2612 die
1260 2554 1311 2614 der
1342 2552 1481 2612 Jubilar
1512 2552 1589 2612 nicht

427 2594 516 2654 mehr
547 2593 672 2653 erleben
703 2596 808 2656 sollte.
843 2593 918 2653 Der
944 2594 1014 2654 Tod
1044 2596 1169 2656 Arthur
1195 2596 1390 2656 Schnitzlers
1426 2596 1476 2656 kam
1522 2595 1591 2655 völ¬

426 2638 470 2698 lig
495 2638 705 2698 unerwartet
730 2638 788 2698 und
813 2638 867 2698 hat
892 2638 940 2698 ihn
970 2640 1028 2700 aus
1058 2641 1141 2701 einem
1186 2641 1303 2701 immer
1328 2641 1391 2701 noch
1421 2640 1587 2700 schaffens¬

432 2683 537 2743 frohen
575 2683 669 2743 Leben
706 2685 986 2745 herausgerissen.
1029 2684 1112 2744 Man
1150 2684 1202 2744 hat
1230 2686 1356 2746 einmal
1383 2688 1503 2748 gesagt,
1525 2683 1593 2743 Ar¬

427 2727 503 2787 thur
530 2728 730 2788 Schnitzler,
752 2728 802 2788 das
834 2728 879 2788 sei
906 2726 957 2786 der
984 2728 1106 2788 immer
1133 2730 1230 2790 junge
1262 2728 1406 2788 Dichter.
1442 2730 1493 2790 In
1525 2726 1591 2786 die¬

430 2773 471 2833 ser
504 2771 593 2831 Form
646 2772 683 2832 ist
715 2771 762 2831 die
794 2773 1021 2833 Behauptung
1059 2773 1137 2833 nicht
1170 2773 1296 2833 richtig.
1339 2773 1423 2833 Auch
1460 2773 1586 2833 Arthur

428 2815 599 2875 Schnitzler
625 2814 680 2874 hat
706 2814 756 2874 dem
797 2814 893 2874 Alter
918 2817 1019 2877 seinen
1050 2814 1176 2874 Tribut
1197 2815 1297 2875 zollen
1329 2816 1465 2876 müssen.
1486 2817 1586 2877 Seine

430 2860 527 2920 starke
558 2859 816 2919 Männlichkeit,
843 2859 909 2919 die,
936 2862 1111 2922 vermengt
1143 2860 1204 2920 mit
1235 2862 1338 2922 feinem
1385 2861 1509 2921 Spott,
1530 2859 1586 2919 das

433 2904 726 2964 Charakteristikum
768 2904 870 2964 seiner
897 2904 994 2964 besten
1026 2904 1179 2964 Arbeiten
1212 2905 1298 2965 war,
1320 2904 1386 2964 wich
1412 2904 1437 2964 in
1469 2904 1571 2964 spätem

428 2948 525 3008 Alter
572 2949 752 3009 steigender
799 2949 1026 3009 Schwermut.
1063 2949 1155 3009 Aber
1187 2949 1238 3009 der
1270 2949 1398 3009 Dichter
1430 2949 1486 3009 hat
1512 2949 1594 3009 nicht

430 2994 481 3054 den
517 2991 661 3051 Kontakt
688 2994 749 3054 mit
780 2994 826 3054 der
857 2993 934 3053 Zeit
961 2992 1136 3052 verloren,
1157 2994 1187 3054 er
1219 2994 1290 3054 fand
1321 2994 1352 3054 in
1389 2993 1486 3053 seinen
1523 2991 1594 3051 letz¬

428 3035 477 3095 ten
528 3035 688 3095 Novellen
739 3036 753 3096 —
824 3035 1005 3095 „Fräulein
1040 3034 1130 3094 Else"
1161 3035 1231 3095 war
1261 3037 1306 3097 ein
1342 3037 1457 3097 großer
1487 3035 1592 3095 Buch¬

428 3080 530 3140 erfolg
582 3081 592 3141 —
665 3083 736 3143 eine
783 3080 865 3140 neue
897 3080 1195 3140 Ausdrucksform,
1222 3081 1267 3141 die
1299 3081 1381 3141 seine
1407 3082 1587 3142 Anhänger

429 3125 630 3185 überraschte
660 3124 723 3184 und
753 3124 806 3184 ihm
851 3125 929 3185 neue
959 3125 1116 3185 Freunde
1146 3125 1253 3185 warb.
1293 3125 1425 3185 Arthur
1455 3125 1591 3185 Schnitz¬

433 3170 497 3230 ler,
518 3170 568 3230 der
599 3170 633 3230 am
679 3170 729 3230 15.
749 3170 829 3230 Mai
855 3167 925 3227 1862
951 3170 1091 3230 geboren
1122 3170 1252 3230 worden
1288 3168 1338 3228 ist,
1363 3170 1489 3230 gehörte
1519 3170 1589 3230 auch

432 3217 460 3277 zu
499 3212 551 3272 dem
599 3212 699 3272 Kreis
733 3212 790 3272 der
819 3214 1091 3274 vordrängenden
1130 3215 1249 3275 jungen
1293 3212 1517 3272 Generation,
1542 3214 1589 3274 die

432 3259 490 3319 mit
515 3257 622 3317 Macht
647 3256 745 3316 unter
770 3259 932 3319 Führung
962 3258 1015 3318 von
1050 3259 1260 3319 Hauptmann
1290 3256 1343 3316 das
1374 3257 1515 3317 Theater
1545 3254 1593 3314 er¬

427 3301 579 3361 oberten.
624 3301 712 3361 Aber
747 3301 781 3361 er
811 3301 879 3361 war
914 3301 978 3361 kein
1013 3301 1268 3361 Revolutionär
1298 3301 1327 3361 in
1362 3301 1415 3361 der
1451 3301 1598 3361 Form.

430 3348 537 3408 Seine
584 3347 687 3407 ganze
734 3346 1021 3406 schriftstellerische
1073 3346 1140 3406 Art
1187 3346 1248 3406 und
1284 3346 1366 3406 seine
1398 3346 1587 3406 Denkweise

431 3391 678 3451 widersprachen
739 3391 817 3451 allen
878 3391 966 3451 mehr
1022 3391 1096 3451 oder
1134 3391 1264 3451 minder
1302 3391 1459 3451 gewagten
1502 3390 1590 3450 Neu¬

427 3436 593 3496 erungen.
638 3434 745 3494 Seine
780 3436 921 3496 überaus
956 3436 1117 3496 gepflegte
1147 3436 1294 3496 Sprache
1324 3436 1387 3496 und
1422 3433 1480 3493 sein
1515 3434 1593 3494 Stil

433 3479 592 3539 forderten
644 3478 674 3538 in
726 3478 813 3538 jeder
860 3477 1034 3537 Kunstform
1081 3477 1281 3537 Anlehnung
1312 3480 1348 3540 an
1384 3480 1517 3540 andere,
1544 3479 1589 3539 die

434 3525 509 3585 diese
536 3525 661 3585 bereits
699 3523 753 3583 zur
781 3525 992 3585 Vollendung
1025 3525 1160 3585 geführt
1188 3522 1306 3582 haben.

511 3576 551 3636 Es
583 3576 624 3636 ist
650 3578 774 3638 schwer,
795 3576 1001 3636 jemandem,
1022 3578 1074 3638 der
1106 3579 1177 3639 für,
1188 3577 1234 3637 die
1266 3576 1503 3636 Schnitzlersche
1530 3576 1596 3636 Art

432 3622 495 3682 kein
530 3621 756 3681 Verständnis
787 3621 859 3681 hat,
880 3620 934 3680 den
973 3618 1066 3678 Wert
1096 3623 1199 3683 seiner
1229 3621 1337 3681 Kunst
1367 3623 1396 3683 zu
1431 3621 1597 3681 erklären.

434 3664 502 3724 Der
527 3664 747 3724 Verstorbene
777 3666 860 3726 nahm
900 3664 973 3724 stets
1008 3666 1076 3726 eine
1101 3666 1498 3726 Sonderstellung
1533 3666 1600 3726 ein,

432 3710 466 3770 er
491 3710 598 3770 schrieb
628 3710 721 3770 meist
741 3710 819 3770 über
849 3710 1034 3770 Menschen,
1054 3710 1103 3770 die
1133 3710 1220 3770 einem
1260 3710 1455 3770 bestimmten
1490 3709 1588 3769 Kreis

430 3753 640 3813 angehören,
656 3753 700 3813 die
727 3752 897 3812 kultiviert
922 3754 982 3814 und
1008 3753 1098 3813 meist
1119 3755 1209 3815 leicht
1230 3755 1385 3815 dekadent
1411 3754 1486 3814 sind.
1521 3752 1596 3812 Da¬

429 3797 529 3857 rüber
558 3797 635 3857 kann
664 3797 730 3857 auch
760 3797 841 3857 nicht
860 3799 1157 3859 hinwegtäuschen,
1177 3797 1229 3857 daß
1258 3797 1435 3857 Schnitzler
1459 3797 1516 3857 auf
1541 3798 1593 3858 der

435 3841 548 3901 Bühne
585 3842 636 3902 als
673 3842 730 3902 der
762 3845 901 3905 heitere,
927 3845 1041 3905 frohe,
1067 3842 1280 3902 Wienerische
1317 3842 1446 3902 Dichter
1483 3844 1596 3904 aufge¬

432 3887 584 3947 nommen
624 3887 751 3947 wurde.
790 3888 839 3948 In
879 3888 957 3948 allen
997 3889 1100 3949 seinen
1135 3887 1291 3947 Arbeiten
1331 3888 1409 3948 liegt
1439 3887 1512 3947 eine
1542 3885 1596 3945 ge¬

435 3932 517 3992 wisse
547 3934 829 3994 Schwermut,
854 3934 900 3994 die
930 3934 977 3994 sich
1013 3934 1059 3994 oft
1090 3934 1195 3994 hinter
1225 3933 1348 3993 Spott,
1367 3931 1496 3991 Ironie
1526 3931 1584 3991 und

1451 375 1577 435 box
1658 381 1847 441 43/5

1664 2250 1766 2310 feinem
1813 2248 1941 2308 Lächeln
1978 2250 2141 2310 verbirgt,
2163 2250 2213 2310 die
2245 2250 2321 2310 aber
2353 2252 2543 2312 namentlich
2579 2251 2604 2311 in
2641 2253 2692 2313 den
2728 2253 2820 2313 Tra¬

1665 2295 1774 2355 gödien
1825 2295 2023 2355 Schnitzlers
2074 2295 2128 2355 den
2179 2295 2294 2355 Hörer
2339 2297 2404 2357 und
2455 2298 2631 2358 Zuschauer
2665 2298 2736 2358 stets
2770 2298 2819 2358 ge¬

1665 2340 1748 2400 packt
1780 2337 1853 2397 hat.

1746 2381 1915 2441 Schnitzler
1944 2378 2012 2438 war
2035 2378 2080 2438 ein
2114 2381 2256 2441 überaus
2285 2381 2500 2441 produktiver
2523 2384 2670 2444 Dichter.
2711 2384 2755 2444 Es
2784 2384 2823 2444 ist

1667 2427 1764 2487 gewiß
1796 2424 1841 2484 ein
1873 2424 1970 2484 hohes
1997 2423 2058 2483 Lob
2084 2425 2140 2485 für
2167 2426 2217 2486 den
2250 2426 2512 2486 Verstorbenen,
2533 2429 2620 2489 wenn
2651 2429 2723 2489 man
2760 2428 2810 2488 von

1667 2468 1766 2528 vielen
1802 2468 1902 2528 seiner
1933 2465 2043 2525 Werke
2073 2468 2158 2528 sagen
2194 2470 2279 2530 darf,
2304 2471 2354 2531 daß
2390 2471 2424 2531 sie
2455 2471 2555 2531 etwas
2586 2472 2665 2532 ganz
2696 2473 2826 2533 Neues,

1668 2513 1744 2573 ganz
1771 2513 2002 2573 Eigenartiges
2034 2513 2178 2573 gebracht
2199 2513 2317 2573 haben.
2338 2516 2404 2576 Das
2436 2516 2497 2576 gilt
2519 2516 2575 2576 für
2601 2516 2827 2576 „Anatol",

1664 2556 1859 2616 Schnitzlers
1895 2555 1990 2615 erstes
2026 2557 2126 2617 Buch,
2147 2558 2242 2618 sieben
2283 2558 2428 2618 überaus
2465 2560 2615 2620 reizvolle
2646 2560 2821 2620 Gespräche

1669 2600 1806 2660 zwischen
1860 2599 1958 2659 zwei,
1998 2598 2071 2658 drei
2116 2599 2307 2659 Personen,
2332 2599 2385 2659 von
2425 2602 2522 2662 denen
2563 2603 2641 2663 zwei
2671 2602 2822 2662 Männer

1676 2644 1786 2704 immer
1813 2644 1860 2704 die
1887 2644 2019 2704 gleichen
2056 2644 2198 2704 bleiben,
2220 2645 2346 2705 Anatol
2373 2647 2436 2707 und
2468 2647 2568 2707 Max,
2590 2644 2742 2704 während
2774 2647 2821 2707 die

1665 2689 1793 2749 Frauen
1835 2688 2000 2748 wechseln.
2042 2689 2171 2749 Anatol
2223 2689 2347 2749 erlebt,
2373 2691 2455 2751 Max
2492 2693 2626 2753 dagegen
2668 2692 2822 2752 bespricht

1669 2732 1730 2792 und
1762 2731 1932 2791 bespöttelt
1958 2731 2004 2791 die
2035 2734 2278 2794 Liebesaffären
2314 2734 2417 2794 seines
2449 2737 2645 2797 Freundes,
2666 2737 2727 2797 und
2758 2736 2820 2796 aus

1667 2775 1764 2835 diesen
1821 2776 1985 2836 Dialogen
2042 2776 2144 2836 wegen
2202 2778 2252 2838 der
2289 2779 2592 2839 Gegensätzlichkeit
2623 2779 2674 2839 der
2706 2781 2813 2841 beiden

1673 2820 1820 2880 Männer
1853 2820 1958 2880 ergibt
1990 2820 2037 2880 sich
2070 2820 2143 2880 jene
2176 2820 2355 2880 eigenartig
2393 2823 2535 2883 reizvoll
2562 2823 2683 2883 heitere
2716 2822 2826 2882 Stim¬

1670 2865 1782 2925 mung,
1804 2865 1850 2925 die
1876 2865 2015 2925 zwischen
2047 2865 2289 2925 Erlebnistiefe
2315 2866 2377 2926 und
2403 2866 2433 2926 im
2475 2868 2635 2928 Abrücken
2666 2868 2723 2928 von
2760 2868 2810 2928 dem

1668 2909 1822 2969 Ereignis
1854 2907 1925 2967 hin=
1952 2908 2008 2968 und
2040 2910 2267 2970 herschwankt.
2304 2910 2448 2970 Anatol,
2469 2913 2525 2973 das
2557 2912 2592 2972 ist
2619 2912 2670 2972 der
2701 2914 2830 2974 Mann,

1673 2954 1719 3014 der
1755 2952 1806 3012 bei
1833 2952 1889 3012 den
1930 2953 2059 3013 Frauen
2095 2955 2281 3015 ruhmvolle
2317 2955 2533 3015 Niederlagen
2575 2958 2729 3018 erleidet,
2755 2958 2806 3018 dem

1670 2998 1860 3058 Stimmung
1893 2997 1950 3057 vor
1983 2998 2057 3058 alles
2095 2999 2210 3059 andere
2243 3002 2333 3062 geht,
2355 3000 2407 3060 der
2440 3001 2534 3061 liebt,
2557 3003 2641 3063 ohne
2668 3003 2726 3063 das
2758 3003 2826 3063 Be¬

1669 3041 1801 3101 dürfnis
1833 3041 1890 3101 zur
1917 3042 2028 3102 Treue
2055 3044 2086 3104 zu
2119 3043 2234 3103 haben.
2278 3044 2335 3104 Ein
2373 3044 2493 3104 kleines
2526 3044 2763 3104 Kabinettstück
2790 3048 2826 3108 ist

1672 3083 1713 3143 die
1749 3086 1966 3146 Schilderung
2002 3088 2105 3148 seiner
2137 3089 2369 3149 Beziehungen
2405 3089 2436 3149 zu
2477 3089 2585 3149 Cora.
2628 3089 2673 3149 Er
2710 3089 2823 3149 möchte

1673 3131 1793 3191 wissen,
1818 3128 1948 3188 obwohl
1975 3131 2009 3191 er
2040 3131 2070 3191 im
2111 3131 2231 3191 tiefsten
2267 3131 2402 3191 Innern
2438 3134 2538 3194 daran
2574 3134 2825 3194 uninteressiert

1673 3176 1717 3236 ist,
1743 3176 1772 3236 ob
1808 3176 1848 3236 sie
1879 3176 1924 3236 ihn
1964 3176 2024 3236 mit
2050 3176 2185 3236 anderen
2221 3178 2372 3238 betrügt,
2393 3179 2427 3239 er
2459 3179 2599 3239 versucht
2624 3179 2730 3239 wegen
2771 3179 2820 3239 des

1672 3219 1933 3279 Widerstandes,
1953 3221 2003 3281 den
2034 3221 2069 3281 er
2095 3221 2144 3281 bei
2165 3221 2215 3281 ihr
2240 3221 2361 3281 findet,
2382 3221 2431 3281 ihr
2458 3221 2512 3281 das
2543 3223 2739 3283 Geheimnis
2770 3224 2829 3284 auf

1670 3262 1726 3322 alle
1757 3262 1912 3322 mögliche
1943 3262 2046 3322 Weise
2073 3263 2103 3323 zu
2140 3263 2330 3323 entreißen,
2352 3265 2522 3325 schließlich
2559 3265 2677 3325 kommt
2709 3265 2739 3325 er
2771 3268 2827 3328 auf

1669 3307 1718 3367 den
1757 3307 1948 3367 Gedanken,
1968 3307 2056 3367 Cora
2086 3307 2109 3367 in
2144 3308 2291 3368 Hypnose
2326 3310 2349 3370 zu
2384 3310 2550 3370 versenken
2590 3310 2648 3370 und
2683 3310 2746 3370 nun
2781 3313 2815 3373 an

1671 3351 1706 3411 sie
1732 3350 1778 3410 die
1805 3349 2041 3409 entscheidende
2067 3352 2170 3412 Frage
2196 3352 2227 3412 zu
2263 3355 2397 3415 richten.
2433 3355 2520 3415 Aber
2552 3354 2598 3414 als
2629 3354 2716 3414 Cora
2743 3357 2824 3417 hyp¬

1669 3394 1819 3454 notisiert
1845 3395 1895 3455 ist,
1920 3397 1990 3457 kann
2027 3395 2061 3455 er
2087 3395 2131 3455 sich
2162 3394 2243 3454 nicht
2268 3396 2344 3456 dazu
2379 3397 2606 3457 entschließen,
2626 3400 2666 3460 sie
2697 3401 2727 3461 zu
2757 3399 2827 3459 fra¬

1668 3443 1744 3503 gen.
1801 3439 1853 3499 Er
1895 3440 2034 3500 fürchtet
2076 3441 2126 3501 die
2174 3442 2349 3502 Wahrheit
2375 3443 2406 3503 zu
2437 3442 2561 3502 hören.
2597 3443 2669 3503 Ihm
2716 3445 2752 3505 ist
2778 3445 2824 3505 die

1670 3482 1808 3542 Illusion
1845 3482 1947 3542 lieber
1979 3483 2030 3543 als
2062 3483 2107 3543 die
2139 3483 2324 3543 Wahrheit.
2366 3484 2448 3544 Hier
2479 3486 2525 3546 ein
2562 3486 2710 3546 typisches
2742 3485 2824 3545 Bei¬

1673 3528 1748 3588 spiel
1776 3528 1894 3588 dafür,
1916 3527 1974 3587 wie
2007 3527 2131 3587 Anatol
2158 3526 2222 3586 nur
2255 3528 2319 3588 mit
2347 3528 2449 3588 seiner
2482 3528 2600 3588 Stärke
2633 3531 2745 3591 spielt,
2767 3529 2821 3589 ob¬

1673 3573 1759 3633 wohl
1781 3570 1813 3630 er
1841 3573 1938 3633 weiß,
1960 3573 2008 3633 daß
2041 3573 2073 3633 er
2101 3573 2154 3633 gar
2182 3573 2263 3633 nicht
2285 3573 2366 3633 stark
2388 3573 2441 3633 ist.

1747 3622 1813 3682 Die
1840 3624 1947 3684 Figur
1974 3624 2117 3684 Anatols
2144 3624 2252 3684 findet
2278 3624 2324 3684 sich
2355 3625 2380 3685 in
2417 3627 2468 3687 dem
2515 3627 2551 3687 am
2592 3627 2716 3687 meisten
2752 3626 2824 3686 auf¬

1670 3669 1837 3729 geführten
1876 3669 2069 3729 Schauspiel
2097 3669 2312 3729 Schnitzlers,
2340 3670 2366 3730 in
2410 3670 2658 3730 „Liebelei“
2691 3672 2831 3732 wieder,

1675 3710 1714 3770 ein
1750 3713 1860 3773 Stück,
1881 3713 1935 3773 das
1971 3712 2036 3772 auch
2066 3713 2156 3773 heute
2187 3713 2252 3773 noch
2287 3713 2427 3773 überaus
2463 3716 2734 3776 bühnenwirksam
2780 3718 2829 3778 ist,

1673 3757 1697 3817 in
1723 3755 1778 3815 dem
1818 3755 1864 3815 die
1889 3755 2070 3815 Beziehung
2101 3757 2151 3817 zur
2177 3755 2297 3815 kleinen
2328 3758 2499 3818 Freundin
2530 3760 2712 3820 geschildert
2732 3759 2832 3819 wird.

1673 3800 1727 3860 Sie
1753 3800 1869 3860 bleibt,
1889 3800 2015 3860 obwohl
2036 3800 2085 3860 der
2111 3799 2187 3859 Held
2212 3797 2262 3857 des
2293 3800 2444 3860 Dramas
2470 3803 2525 3863 für
2546 3805 2671 3865 wenige
2697 3804 2827 3864 Augen¬

1673 3843 1760 3903 blicke
1786 3845 1920 3905 glaubt,
1941 3845 1992 3905 bei
2013 3845 2064 3905 ihr
2096 3845 2147 3905 das
2178 3845 2291 3905 wahre
2318 3845 2415 3905 Glück
2446 3847 2477 3907 zu
2509 3848 2637 3908 finden,
2663 3850 2725 3910 doch
2761 3848 2823 3908 nur

1669 3890 1716 3950 die
1743 3890 1843 3950 kleine
1870 3891 2055 3951 Freundin.
2092 3888 2134 3948 Er
2161 3890 2314 3950 duelliert
2335 3892 2382 3952 sich
2409 3893 2462 3953 für
2489 3893 2557 3953 eine
2579 3893 2700 3953 andere
2722 3893 2832 3953 Frau.

1671 3934 1785 3994 Dieses
1832 3932 1935 3992 Stück
1977 3934 2092 3994 bringt
2121 3934 2166 3994 die
2196 3934 2363 3994 Tragödie
2393 3934 2444 3994 des
2479 3937 2594 3997 jungen
2630 3937 2825 3997 Mädchens,

2901 2253 2947 2313 die
2976 2253 3029 2313 der

2897 2298 2999 2358 dung.

2896 2340 2952 2400 dem

2898 2383 2976 2443 Nun

2901 2427 2965 2487 nur

2904 2579 2945 2639 In

2903 2665 2994 2725 Trag

2899 2712 2981 2772 gehö

2896 2754 2968 2814 We

2900 2797 2987 2857 Rei

2905 2843 2986 2903 Histo

2903 2888 2982 2948 und

2903 2932 2971 2992 und

2905 3042 2956 3102 gen

2904 3079 2984 3139 Selb

2905 3128 2978 3188 eben

2904 3173 2983 3233 Selb

2904 3214 2971 3274 war

2907 3262 2945 3322 ist
2969 3260 2998 3320 ge

2907 3304 2950 3364 ein

2903 3349 2965 3409 alle

2903 3394 2990 3454 ständ

2905 3436 2996 3496 wiese

2901 3568 2995 3628 dera
