3392 4320
185 297 221 357 2

1430 294 1564 354 box
1639 297 1877 357 43/14

330 300 920 360 Schnitzler's
989 297 1225 357 Death

400 710 1126 770 OBSERVER

491 754 517 814 I.
531 759 652 819 österr.
661 760 813 820 behörill.
827 764 1127 824 konzessioniertes

438 797 676 857 Unternehmen
708 800 757 860 für
785 804 1175 864 Zeitungs-Ausschnitte

495 856 645 916 WIEN,
673 864 719 924 I.,
748 864 1035 924 WOLLZEILE
1083 870 1123 930 11

590 909 811 969 TELEPHON
844 918 1022 978 R-23-0-43

766 1127 1167 1187 eee.

388 1270 500 1330 vom:

785 1287 945 1347 NOV.
966 1305 1036 1365 193

1285 1440 1424 1500 allein."
1453 1441 1607 1501 Ergriffen
1643 1441 1705 1501 trat
1727 1442 1754 1502 er
1783 1443 1880 1503 näher
1910 1443 1937 1503 zu
1966 1444 2014 1504 ihr
2036 1445 2112 1505 hin,
2134 1445 2203 1505 legte
2240 1444 2337 1504 Aber
2366 1444 2414 1504 der
2450 1445 2597 1505 Kutscher
2619 1444 2709 1504 stand
2738 1445 2828 1505 schon
2850 1444 2969 1504 bersit,
2998 1447 3046 1507 di:
3068 1447 3165 1507 junge

1283 1482 1335 1542 die
1368 1485 1478 1545 Hände
1512 1485 1544 1545 um
1597 1486 1661 1546 ihre
1688 1488 1831 1548 Wangen
1865 1488 1929 1548 und
1963 1488 2047 1548 küßte
2080 1490 2119 1550 sie
2152 1490 2210 1550 auf

2248 1493 2329 1553 Frau
2361 1489 2435 1549 stieg
2467 1488 2536 1548 ein;
2561 1488 2623 1548 und
2655 1491 2718 1551 nun
2750 1489 2849 1549 fühlte
2881 1488 3000 1548 Robert
3025 1491 3156 1551 plötzlich

611 1494 708 1554 De
736 1497 1009 1557 Eistanen.

1285 1527 1343 1587 den
1381 1527 1504 1587 Mund.

2240 1534 2302 1594 gar
2338 1532 2418 1592 keine
2447 1530 2522 1590 Lust
2552 1532 2655 1592 mehr,
2679 1533 2719 1593 sie
2748 1533 2777 1593 zu
2812 1532 2985 1592 begleiten.
3009 1532 3048 1592 Er
3078 1533 3158 1593 blieb

541 1560 614 1620 Von
648 1560 803 1620 Arthur
838 1563 1059 1623 Schnitzler.

1374 1570 1463 1630 Bald
1506 1572 1571 1632 nach
1614 1572 1843 1632 Mitternacht,
1892 1575 1951 1635 zum
2024 1575 2199 1635 Fortgehen
2248 1575 2379 1635 zögernd
2417 1575 2506 1635 neben
2543 1575 2590 1635 dem
2639 1576 2814 1636 Trittbrett
2838 1577 2959 1637 stehen,
2983 1575 3043 1635 ihre
3074 1575 3163 1635 Hand

1287 1613 1405 1673 bereit,
1434 1615 1519 1675 warf
1548 1613 1587 1673 sie
1616 1613 1700 1673 einen
1740 1613 1825 1673 Blick
1854 1614 1921 1674 nach
1956 1615 2013 1675 dem
2058 1616 2199 1676 gedeckten

2246 1619 2273 1679 in
2302 1616 2356 1676 der
2379 1618 2501 1678 seinen,
2523 1617 2584 1677 und
2612 1618 2734 1678 fragte:
2756 1620 2878 1680 „Wann
2912 1619 2983 1679 sieht
3012 1619 3077 1679 man
3111 1619 3155 1679 sich

516 1628 575 1688 Der
597 1629 705 1689 letzten,
722 1630 781 1690 kurz
803 1628 851 1688 vor
874 1630 955 1690 seinem
994 1631 1047 1691 Tad
1070 1631 1253 1691 erschienener

1293 1658 1372 1718 Tisch
1403 1658 1525 1718 zurück,
1551 1657 1593 1717 wo
1624 1657 1697 1717 noch
1747 1658 1839 1718 Reste
1889 1658 1943 1718 des
1993 1658 2201 1718 Abendessens
2245 1660 2386 1720 wieder,
2405 1661 2478 1721 mein
2515 1658 2637 1718 Kind?"
2669 1658 2680 1718 —
2737 1662 2810 1722 „Ich
2841 1661 2896 1721 hab
2921 1662 2969 1722 dir
2995 1663 3025 1723 ja
3050 1662 3166 1722 gesagt,

463 1667 579 1727 Novelle
610 1664 717 1724 Arthur
743 1664 910 1724 Schnißlers
947 1667 1093 1727 „Flucht
1124 1666 1160 1726 in
1201 1664 1256 1724 die

459 1700 724 1760 Finsternis“
763 1700 811 1760 (S.
844 1703 963 1763 Fischer,
991 1703 1115 1763 Verlag.
1143 1701 1240 1761 Verlin

1296 1700 1437 1760 standen,
1466 1700 1522 1760 und
1556 1700 1658 1760 sagte:
1704 1703 1839 1763 „Darum
1913 1701 1952 1761 ist
1981 1700 2009 1760 es
2049 1703 2202 1763 eigentlich

2242 1703 2291 1763 wo
2319 1705 2357 1765 ich
2391 1703 2529 1763 wohne,"
2563 1703 2723 1763 erwiderte
2751 1707 2806 1767 sie,
2845 1707 2928 1767 „und
2978 1705 3066 1765 wenn
3122 1705 3154 1765 du

465 1738 626 1798 entnehmen
660 1736 715 1796 wir
738 1736 787 1796 das
810 1736 938 1796 solgende
961 1736 1088 1796 Kapitel,
1111 1736 1150 1796 die
1173 1736 1250 1796 Schil

1295 1744 1421 1804 schade."
1451 1741 1468 1801 —
1526 1746 1589 1806 „Es
1624 1745 1699 1805 wird
1734 1743 1855 1803 morgen
1890 1745 1970 1805 schon
2006 1745 2063 1805 für
2092 1746 2207 1806 ander¬

2242 1745 2358 1805 wieder
2397 1747 2524 1807 einmal
2558 1747 2618 1807 mit
2652 1748 2712 1808 mir
2752 1750 2951 1810 zusammsein
2996 1748 3106 1808 willst,

460 1773 570 1833 derung
606 1772 681 1832 eines
722 1772 911 1832 Abenteuers,
943 1772 992 1832 das
1028 1772 1076 1832 der
1112 1772 1173 1832 Held
1213 1769 1257 1829 der

1283 1789 1510 1849 aufgewärmt
1538 1787 1704 1847 werden",
1733 1790 1849 1850 meinte
1883 1789 1915 1849 er
1949 1790 2121 1850 scherzend.
2149 1787 2209 1847 Sie

2240 1790 2355 1850 schreib
2384 1791 2448 1851 mir
2478 1791 2535 1851 nur
2564 1790 2605 1850 ein
2640 1791 2749 1851 Wort.
2767 1793 2825 1853 Ich
2855 1793 2900 1853 bin
2930 1793 3045 1853 immer
3075 1791 3149 1851 frei.

460 1809 645 1869 Erzählung,
668 1809 782 1869 Robert,
805 1808 889 1868 sucht,
911 1806 955 1866 uen
986 1806 1056 1866 seine
1084 1808 1181 1868 Furcht
1212 1806 1260 1866 vor

1291 1831 1429 1891 darauf:
1457 1831 1539 1891 „Das
1573 1831 1683 1891 könnte
1717 1831 1783 1891 man
1817 1831 1905 1891 wohl
1933 1831 2021 1891 selbst
2049 1831 2187 1891 besorgen

2306 1834 2376 1894 „Um
2415 1834 2446 1894 so
2473 1831 2608 1891 besser",
2628 1835 2711 1895 sagte
2738 1832 2788 1892 er.
2808 1834 2879 1894 Und
2912 1835 3033 1895 langsam
3086 1831 3162 1891 setzte

464 1843 541 1903 einer
573 1843 707 1903 nahenden
744 1843 992 1903 Geisteskrankheit
1019 1844 1044 1904 zu
1070 1843 1220 1903 vergessen.

1286 1873 1325 1933 da
1360 1876 1427 1936 doch
1462 1874 1541 1934 alles
1576 1873 1694 1933 bezahlt
1728 1873 1791 1933 ist.“
1825 1874 1893 1934 Und
1933 1874 1990 1934 auf
2024 1876 2120 1936 seinen
2160 1874 2210 1934 be¬

3047 1876 3164 1936 Dabei

2237 1873 2278 1933 er
2303 1875 2417 1935 hinzu:
2466 1880 2544 1940 „Ich
2581 1876 2677 1936 danke
2702 1877 2750 1937 dir
2781 1879 2865 1939 recht
2908 1877 3004 1937 sehr."

1287 1918 1461 1978 fremdeten
1496 1918 1580 1978 Blick
1603 1918 1676 1978 hin:
1705 1917 1800 1977 „Hast
1824 1918 1857 1978 du
1897 1918 1992 1978 etwas
2027 1918 2178 1978 dagegen?

423 1923 492 1983 Ihr
525 1919 621 1979 Gang
654 1921 723 1981 war
757 1918 897 1978 aufrecht
931 1919 987 1979 und
1027 1918 1123 1978 etwas
1155 1918 1244 1978 schlei

2244 1920 2333 1980 küßte
2364 1918 2394 1978 er
2424 1921 2490 1981 ihre
2515 1920 2623 1980 Hand.
2647 1921 2707 1981 Sie
2738 1921 2809 1981 trug
2840 1921 2924 1981 keine
2949 1921 3147 1981 Handschuhe

1291 1960 1353 2020 Er,
1376 1962 1404 2022 in
1444 1961 1562 2021 einiger
1603 1960 1845 2020 Verlegenheit:
1880 1962 1970 2022 „Das
2010 1961 2100 2021 wäre
2140 1961 2202 2021 doch

332 1964 439 2024 chend;
468 1963 518 2023 der
553 1964 756 2024 anliegende,
779 1965 807 2025 zu
848 1963 920 2023 enge
972 1964 1039 2024 und
1091 1963 1124 2023 zu
1159 1962 1231 2022 lang

2246 1963 2313 2023 ihre
2342 1965 2460 2025 Finger
2495 1963 2596 2023 waren
2636 1963 2721 2023 kühl.
2749 1963 2817 2023 Und
2851 1963 2896 2023 als
2930 1963 2958 2023 er
2992 1963 3166 2023 aufblickte,

335 2008 466 2068 Mantel
496 2006 616 2066 verriet
645 2007 857 2067 angenehme,
905 2007 985 2067 nicht
1037 2005 1250 2065 überschlanke
1291 2005 1422 2065 wirklich
1458 2005 1538 2065 nicht
1567 2005 1670 2065 nötig,
1694 2005 1774 2065 mein
1809 2005 1924 2065 Kind."
1959 2005 2028 2065 Und
2057 2005 2091 2065 er
2121 2005 2206 2065 fügte
2247 2005 2298 2065 las
2328 2005 2356 2065 er
2385 2006 2413 2066 in
2443 2008 2529 2068 ihren
2564 2008 2696 2068 Augen:
2720 2008 2788 2068 Wir
2818 2008 2932 2068 werden
2967 2008 3030 2068 uns
3059 2008 3157 2068 gewiß

1288 2049 1405 2109 hinzu:
1430 2047 1594 2107 „Verzeih,
1607 2046 1659 2106 daß
1689 2045 1724 2105 ich
1748 2046 1842 2106 davon
1872 2049 2001 2109 spreche,
2020 2047 2090 2107 aber
2114 2046 2196 2106 wenn

332 2051 492 2111 Formen.
520 2049 641 2109 Robert
669 2051 768 2111 folgte
803 2049 852 2109 ihr
886 2049 946 2109 und
980 2049 1156 2109 überlegte,
1184 2048 1250 2108 was

2240 2049 2297 2109 nie
2327 2049 2552 2109 wiedersehen.
2576 2049 2633 2109 Ich
2668 2049 2719 2109 hab
2755 2049 2806 2109 dir
2836 2050 2859 2110 ja
2900 2052 2969 2112 kaum
3016 2052 3142 2112 gefallen

1289 2091 1331 2151 ich
1363 2091 1411 2151 die
1442 2089 1454 2149 —
1516 2088 1564 2148 zur
1596 2090 1785 2150 Verfügung
1823 2091 1920 2151 stehen
1958 2091 2110 2151 dars..."
2142 2088 2202 2148 Sie
2240 2091 2301 2151 das
2332 2091 2405 2151 weiß
2436 2091 2497 2151 ich;
2516 2092 2595 2152 mein
2627 2094 2792 2154 gestricktes
2823 2093 2957 2153 Leibchen
2983 2092 3049 2152 war
3081 2092 3160 2152 nicht

332 2096 370 2156 sie
410 2094 564 2154 eigentlich
603 2093 663 2153 sein
708 2091 841 2151 mochte.
869 2094 1123 2154 Beamtenfrau,
1151 2091 1250 2151 dachte

1291 2136 1329 2196 un
1357 2135 1472 2195 erbrach
1512 2133 1555 2193 ihn
1594 2133 1654 2193 mit
1682 2135 1764 2195 einer
1815 2135 2040 2195 entschiedenen
2096 2132 2205 2192 Hand=
2245 2132 2316 2192 nach
2350 2135 2454 2195 deinem
2499 2136 2680 2196 Geschmack
2708 2134 2763 2194 und
2802 2136 2989 2196 mancherlei
3017 2136 3149 2196 anderes

324 2138 374 2198 er,
397 2137 653 2197 Buchhalterin?
688 2136 698 2196 —
760 2136 810 2196 De
844 2136 883 2196 sie
917 2136 1000 2196 ihren
1040 2136 1168 2196 Schritt
1196 2132 1240 2192 all

1286 2178 1324 2238 be
1384 2180 1481 2240 ng,
1501 2178 1566 2238 doch
1593 2178 1671 2238 ohne
1698 2175 1749 2235 die
1769 2178 1946 2238 Beleidigte
1992 2178 2024 2238 zu
2077 2178 2187 2238 spielen

2245 2178 2312 2238 was
2335 2178 2374 2238 ich
2403 2178 2470 2238 eben
2499 2178 2578 2238 nicht
2601 2178 2691 2238 besser
2720 2178 2792 2238 habe
2816 2179 2871 2239 und
2900 2179 2950 2239 das
2979 2180 3013 2240 du
3042 2178 3154 2238 anders

334 2181 463 2241 mählich
492 2181 706 2241 verlangsamt
730 2181 825 2241 hatte,
849 2179 995 2239 zweifelte
1018 2178 1142 2238 Robert
1165 2178 1243 2238 nicht

2081 2221 2196 2281 müden

2242 2220 2394 2280 gewohnt
2423 2220 2495 2280 bist.
2519 2222 2569 2282 Du
2604 2222 2693 2282 wirst
2722 2221 2784 2281 mir
2818 2222 2897 2282 nicht
2926 2222 3095 2282 schreiben,
3118 2221 3157 2281 ich

329 2222 385 2282 daß
414 2222 453 2282 sie
482 2222 526 2282 die
555 2222 759 2282 Verfolgung
794 2222 873 2282 nicht
902 2222 1094 2282 übelnahm,
1117 2221 1179 2281 und
1208 2220 1241 2280 an

1289 2222 1461 2282 „Danke",
1487 2222 1567 2282 sagte
1598 2220 1654 2280 sie,
1704 2220 1765 2280 und
1821 2222 1883 2282 mit
1940 2222 2019 2282 einem

2236 2263 2322 2323 weiß
2357 2264 2402 2324 es.
2502 2264 2547 2324 las
2583 2264 2634 2324 das
2669 2264 2744 2324 alles
2780 2264 2808 2324 so
2837 2265 2964 2325 deutlich
3000 2264 3022 2324 in
3057 2264 3143 2324 ihrem

1293 2267 1442 2327 Lächeln:
1461 2266 1551 2326 „Das
1582 2262 1659 2322 sollst
1684 2263 1713 2323 du
1744 2262 1810 2322 doch
1840 2264 1918 2324 nicht
1943 2264 1996 2324 von
2033 2264 2093 2324 mir
2117 2264 2207 2324 glau¬

328 2266 421 2326 einec
450 2265 676 2325 Straßenecke,
699 2267 782 2327 schon
821 2265 926 2325 weiter
960 2265 1098 2325 draußen
1138 2262 1165 2322 in
1204 2263 1253 2323 der

1281 2308 1378 2368 ben."
1414 2304 1477 2364 Sie
1512 2306 1661 2366 eröffnete
1697 2306 1760 2366 ihre
1795 2306 1997 2366 Notenrolle,
2026 2306 2072 2366 die
2107 2306 2205 2366 außer

2249 2307 2342 2367 Blick,
2368 2308 2424 2368 daß
2462 2308 2493 2368 er
2532 2306 2581 2366 sich
2613 2306 2751 2366 beinahe
2777 2309 2933 2369 gedrängt
2966 2306 3084 2366 fühlte,
3110 2306 3159 2366 ihr

334 2309 499 2369 Vorstadt,
525 2312 647 2372 richtete
672 2309 702 2369 er
734 2309 931 2369 unbefangen
969 2309 1023 2369 das
1055 2307 1128 2367 erste
1159 2306 1232 2366 Wor

1287 2351 1410 2411 einigen
1446 2351 1576 2411 ziemlich
1607 2349 1784 2409 zerrissenen
1814 2351 2021 2411 Notenheften
2057 2348 2098 2408 ein
2134 2350 2210 2410 paar

2247 2351 2276 2411 zu
2306 2348 2566 2408 widersprechen.
2602 2351 2690 2411 Aber
2714 2351 2767 2411 der
2791 2351 2903 2411 Wagen
2957 2350 3028 2410 fuhr
3076 2350 3157 2410 schon

333 2354 368 2414 an
397 2354 454 2414 sie.

2240 2393 2366 2453 davon.
2390 2392 2464 2452 Noch
2500 2393 2620 2453 einmal
2650 2393 2695 2453 sah
2731 2393 2765 2453 sie
2795 2393 2863 2453 nach
2899 2393 2944 2453 dem
2991 2393 3152 2453 Geliebten

1291 2396 1395 2456 Bogen
1435 2394 1677 2454 Kanzleipapier
1711 2394 1859 2454 enthielt,
1882 2395 2014 2455 weckelte
2048 2394 2075 2454 in
2114 2393 2197 2453 einen

420 2396 577 2456 „Würden
619 2393 673 2453 Sie
708 2396 790 2456 mirs
825 2396 1051 2456 übelnehmen,
1079 2393 1168 2453 wenn
1203 2393 1243 2453 ich

1281 2437 1384 2497 davon
1425 2437 1476 2497 das
1511 2436 1586 2496 kalte
1610 2436 1725 2496 Fleisch
1754 2435 1812 2495 und
1847 2437 1939 2497 steckte
1968 2437 2025 2497 dis
2055 2437 2199 2497 Päckchen
2246 2437 2303 2497 der
2332 2436 2534 2496 verflossenen
2569 2435 2696 2495 Stunde
2737 2437 2846 2497 zurück
2881 2437 2939 2497 und
2986 2437 3071 2497 nickte
3112 2435 3158 2495 ein

325 2440 367 2500 um
423 2439 465 2499 die
497 2440 680 2500 Erlaubnis
718 2438 803 2498 bäte,
834 2439 907 2499 mich
939 2439 1048 2499 Ihrem
1098 2436 1251 2496 Spazier¬

2247 2479 2414 2539 paarmal.
2433 2479 2560 2539 Robert
2584 2478 2629 2538 sah
2664 2478 2716 2538 dem
2758 2479 2914 2539 rollenden
2949 2479 3059 2539 Wagen
3100 2479 3163 2539 eine

1294 2482 1316 2542 in
1351 2482 1396 2542 die
1424 2480 1532 2540 Tasche
1555 2479 1640 2539 ihres
1675 2481 1941 2541 Regenmantels.
1964 2479 2060 2539 Dann
2095 2480 2202 2540 gingen

332 2486 411 2546 gang
446 2482 723 2542 anzuschließen?"
758 2474 774 2534 —
832 2479 894 2539 Sie
928 2482 1047 2542 darauf
1076 2479 1138 2539 mit
1167 2478 1251 2538 einer

2249 2521 2340 2581 ganze
2372 2524 2469 2584 Weile
2507 2523 2599 2583 nach.
2624 2523 2685 2583 Die
2716 2521 2795 2581 habe
2827 2522 2863 2582 ich
2901 2523 2968 2583 doch
2999 2524 3078 2584 ganz
3110 2521 3164 2581 be¬

1291 2526 1329 2586 sie
1352 2524 1395 2584 die
1424 2522 1545 2582 Treppe
1573 2522 1683 2582 hinab;
1705 2524 1826 2584 Robert
1849 2524 1998 2584 leuchtete
2020 2524 2081 2584 mit
2103 2522 2185 2582 einem

321 2527 538 2587 angenehmen
577 2527 743 2587 Stimme,
772 2524 877 2584 weder
911 2524 1055 2584 erstaunt
1089 2524 1161 2584 noch
1201 2523 1250 2583 be¬

2248 2566 2371 2626 stimmt
2396 2566 2477 2626 nicht
2508 2566 2725 2626 umgebracht,
2749 2566 2825 2626 sagte
2856 2566 2884 2626 er
2914 2566 2996 2626 dann
3032 2568 3061 2628 zu
3097 2567 3167 2627 sich,

1287 2569 1534 2629 Wachskerzchen
1576 2566 1693 2626 voran.
1723 2566 1787 2626 Auf
1817 2566 1869 2626 der
1905 2566 2028 2626 Straße
2064 2566 2134 2626 hing
2170 2566 2205 2626 er

330 2569 456 2629 leidigt:
486 2570 546 2630 „Es
583 2567 618 2627 ist
643 2568 703 2628 kein
740 2569 980 2629 Spaziergang,
1005 2569 1041 2629 ich
1072 2568 1143 2628 gehe
1180 2566 1246 2626 nach

2239 2608 2307 2668 und
2341 2608 2567 2668 unwillkürlich
2601 2607 2640 2667 sah
2675 2607 2708 2667 er
2731 2608 2900 2668 ringsum,
2923 2611 2951 2671 ob
2980 2609 3160 2669 irgendwer

1062 2609 1175 2669 „Aber
1208 2607 1251 2667 die

1292 2611 1344 2671 sich
1369 2611 1391 2671 in
1427 2611 1509 2671 ihren
1539 2611 1633 2671 Arm.
1651 2611 1739 2671 „Oh,
1758 2611 1786 2671 du
1822 2610 1910 2670 mußt
1934 2611 2004 2671 mich
2034 2608 2116 2668 nicht
2134 2608 2204 2668 nach

324 2613 462 2673 Hause."
498 2608 555 2668 Sie
585 2611 631 2671 sah
667 2611 718 2671 ihn
753 2613 829 2673 kaum
876 2612 933 2672 an.

2244 2649 2275 2709 in
2313 2652 2362 2712 der
2388 2652 2476 2712 Nähe
2501 2652 2601 2712 wäre,
2627 2650 2664 2710 ein
2696 2652 2802 2712 Jeuge
2828 2652 2877 2712 für
2903 2652 2959 2712 alle
2985 2652 3091 2712 Fälle,
3110 2652 3159 2712 der

1293 2654 1391 2714 Hause
1422 2652 1607 2712 begleiten!"
1638 2651 1717 2711 sagte
1743 2652 1797 2712 sie.
1816 2652 1828 2712 —
1884 2655 2038 2715 „Freilich
2063 2653 2136 2713 muß
2168 2652 2204 2712 ich

329 2655 553 2715 Erlaubnis",
572 2655 690 2715 meinte
714 2657 760 2717 er,
785 2656 879 2716 „darf
897 2653 938 2713 ich
968 2652 1050 2712 wohl
1075 2652 1121 2712 als
1152 2652 1239 2712 erteil

2245 2694 2284 2754 sie
2312 2694 2340 2754 in
2375 2694 2419 2754 den
2460 2695 2572 2755 Wagen
2607 2694 2691 2754 hatte
2714 2694 2822 2754 steigen
2856 2694 2918 2754 und
2946 2694 3155 2754 davonfahren

1292 2699 1389 2759 nicht.
1407 2697 1493 2757 Aber
1517 2697 1602 2757 wenn
1638 2694 1666 2754 es
1701 2696 1758 2756 mir
1788 2697 1977 2757 Vergnügen
2007 2696 2121 2756 macht.

323 2699 529 2759 betrachten?

2248 2736 2354 2796 sehen.
2378 2739 2467 2799 Dann
2508 2736 2597 2796 lachte
2626 2736 2659 2796 er
2688 2737 2750 2797 und
2784 2739 2936 2799 schuttelte
2965 2739 3010 2799 die
3039 2739 3162 2799 töricht¬

1294 2741 1337 2801 An
1377 2740 1428 2800 der
1467 2740 1594 2800 nächsten
1640 2739 1703 2799 Ecke
1736 2739 1825 2799 stand
1864 2739 1908 2799 ein
1948 2739 2088 2799 Wagen.
2121 2739 2210 2799 „Wir

414 2744 476 2804 Sie
505 2745 602 2805 zuckte
631 2740 672 2800 die
709 2742 849 2802 Achseln,
878 2741 976 2801 etwa,
998 2739 1046 2799 als
1075 2739 1187 2799 wollte
1208 2739 1250 2799 sie

2247 2781 2477 2841 zudringlichen
2518 2781 2685 2841 Gedanken
2726 2782 2783 2842 von
2824 2782 2875 2842 sich
2917 2783 2968 2843 ab.
2997 2781 3164 2841 Vielleicht

1289 2784 1408 2844 werden
1439 2784 1590 2844 fahren",
1608 2782 1686 2842 sagte
1711 2784 1759 2844 er.
1778 2783 1831 2843 Sie
1856 2783 2018 2843 schüttelle
2031 2782 2085 2842 den
2115 2782 2217 2842 Kopf.

330 2786 440 2846 sagen:
465 2785 538 2845 Mit
563 2787 624 2847 mir
656 2786 729 2846 muß
760 2784 827 2844 man
864 2784 993 2844 wirklich
1024 2783 1109 2843 nicht
1135 2781 1159 2841 so
1190 2781 1232 2841 vie

2248 2823 2374 2883 schreibe
2404 2823 2438 2883 ich
2467 2823 2519 2883 ihr
2543 2823 2606 2883 doch
2636 2826 2774 2886 einmal,
2792 2825 2890 2885 dachte
2919 2826 2965 2886 er;
2983 2826 3040 2886 und
3070 2826 3162 2886 durch

1282 2824 1595 2884 „Verschvender",
1621 2826 1786 2886 erwiderte
1824 2824 1860 2884 sie
1897 2825 1928 2885 in
1971 2825 2020 2885 dem
2076 2826 2198 2886 gleichen

332 2832 518 2892 Geschichten
553 2829 694 2889 machen;
717 2829 728 2889 —
779 2829 858 2889 dann
892 2828 949 2888 erst
978 2827 1022 2887 sah
1051 2828 1085 2888 sie
1114 2826 1158 2886 ihn
1193 2826 1243 2886 vor

1285 2870 1398 2930 müden
1435 2870 1524 2930 Ton,
1549 2870 1602 2930 wie
1633 2869 1675 2929 ein
1711 2869 1790 2929 paar
1820 2870 1964 2930 Stunden
2001 2867 2132 2927 vorher,
2157 2866 2198 2926 als
2242 2866 2295 2926 die
2326 2867 2512 2927 nächtlichen
2549 2867 2693 2927 Straßen
2736 2870 2813 2930 nahm
2862 2870 2891 2930 er
2928 2869 3054 2929 langsam
3103 2867 3156 2927 den

328 2873 379 2933 der
402 2872 492 2932 Seite
515 2872 578 2932 an.
595 2872 640 2932 Er
663 2871 764 2931 sprach
794 2870 912 2930 davon,
930 2870 986 2930 daß
1015 2870 1055 2930 sie
1078 2870 1123 2930 ihm
1169 2867 1247 2927 schon

327 2917 383 2977 auf
410 2915 467 2975 der
493 2914 691 2974 Ringstraße
723 2912 909 2972 aufgefallen
948 2913 1005 2973 sei;
1044 2910 1056 2970 —
1114 2911 1178 2971 wie
1204 2913 1248 2973 sie
1288 2915 1326 2975 er
1358 2915 1428 2975 eine
1461 2915 1588 2975 Flasche
1621 2912 1748 2972 besseren
1788 2914 1921 2974 Weines
1961 2914 2024 2974 best
2044 2913 2081 2973 ll.
2114 2912 2209 2972 hatte.
2248 2912 2325 2972 Weg
2358 2914 2421 2974 nach
2454 2912 2549 2972 seinem
2595 2912 2748 2972 Gasthof.

325 2960 381 3020 auf
416 2959 466 3019 der
501 2959 591 3019 Bank
626 2955 744 3015 gesessen
785 2958 875 3018 war,
899 2957 943 3017 die
978 2956 1091 3016 Hände
1126 2952 1154 3012 in
1194 2953 1245 3013 den

329 3005 601 3065 Manteltaschen,
625 3001 670 3061 die
706 3001 798 3061 Rolle
828 3002 891 3062 auf
926 2999 978 3059 dem
1037 2999 1158 3059 Schoß,
1193 2999 1245 3059 den

322 3046 409 3106 Blick
427 3046 484 3106 vor
502 3045 554 3105 sich
578 3046 630 3106 hin
660 3046 804 3106 gerichtet
828 3044 839 3104 —
892 3044 944 3104 das
968 3043 1008 3103 sei
1032 3041 1072 3101 ein
1102 3044 1247 3104 hubsches

322 3089 400 3149 Bild
429 3088 588 3148 gewesen.
612 3088 629 3148 —
686 3091 771 3151 „Sie
800 3088 862 3148 sind
897 3086 965 3146 doch
999 3085 1061 3145 kein
1097 3085 1226 3145 Maler!

328 3136 430 3196 fragte
458 3134 515 3194 sie.
538 3133 549 3193 —
612 3133 736 3193 „Leider
771 3130 890 3190 nicht",
913 3130 1077 3190 erwiderte
1112 3127 1157 3187 er.
1186 3129 1247 3189 Und

321 3177 359 3237 da
388 3176 420 3236 er
449 3177 549 3237 keinen
583 3176 698 3236 Grund
732 3175 832 3235 hatte,
855 3172 899 3232 ihr
927 3173 1026 3233 seinen
1061 3172 1182 3232 Namen
1216 3171 1243 3231 zu

327 3220 514 3280 verhehlen,
536 3220 563 3280 so
597 3219 696 3279 stellte
724 3217 757 3277 er
791 3216 840 3276 sich
873 3215 900 3275 in
940 3217 1016 3277 aller
1050 3214 1132 3274 Form
1183 3214 1254 3274 vor.

328 3264 387 3324 Sie
414 3262 533 3322 nannte
560 3260 603 3320 den
636 3259 722 3319 ihren
750 3261 830 3321 ganz
853 3261 1020 3321 beiläufig,
1042 3258 1101 3318 und
1129 3258 1155 3318 in
1183 3258 1231 3318 den

322 3308 412 3368 leicht
441 3304 732 3364 weiterfließenden
779 3303 955 3363 Gespräch,
985 3303 1064 3363 ohne
1105 3300 1156 3360 sich
1196 3300 1253 3360 erst

331 3351 532 3411 eindringlich
568 3351 671 3411 fragen
712 3348 740 3408 zu
776 3348 891 3408 lassen,
926 3345 1065 3405 erzählte
1106 3345 1146 3405 sie
1187 3345 1232 3405 ihm

328 3395 451 3455 allerlei
483 3391 539 3451 von
581 3390 668 3450 ihrem
730 3392 849 3452 Leben.
890 3388 952 3448 Sie
999 3390 1055 3450 gab
1102 3387 1251 3447 Klavier¬

320 3438 501 3498 lektionen;
530 3435 580 3495 ihr
627 3438 756 3498 Mann,
802 3433 847 3493 ein
893 3432 1255 3492 Magistratsbeamter,

323 3482 395 3542 war
426 3481 482 3541 vor
509 3479 581 3539 drei
607 3480 735 3540 Jahren
767 3476 953 3536 gestorben;
979 3477 1041 3537 und
1072 3476 1159 3536 nun,
1186 3472 1252 3532 ver¬

321 3522 445 3582 witwet
472 3523 528 3583 und
560 3523 736 3583 kinderlos,
758 3522 887 3582 wohnte
914 3519 949 3579 sie
976 3519 1001 3579 in
1034 3518 1121 3578 einer
1148 3519 1246 3579 nahen

321 3568 542 3628 Seitengasse,
587 3567 636 3627 bei
687 3566 775 3626 einer
831 3564 963 3624 besseren
1019 3561 1252 3621 Handwerker¬

324 3612 465 3672 somilie.
489 3611 533 3671 Im
579 3608 794 3668 vergangenen
834 3607 987 3667 Sommer
1021 3607 1100 3667 hatte
1129 3603 1168 3663 sie
1197 3604 1247 3664 sich

326 3655 385 3715 zum
439 3654 617 3714 erstenmal
650 3654 725 3714 nach
763 3650 849 3710 ihres
888 3650 1038 3710 Mannes
1077 3647 1141 3707 Tod
1179 3646 1249 3706 drei

323 3697 455 3757 Wochen
488 3697 604 3757 Urlaub
638 3697 792 3757 gegönnt,
815 3694 859 3754 die
887 3691 919 3751 sie
948 3691 975 3751 in
1009 3691 1091 3751 einer
1120 3691 1252 3751 kleinen,

327 3739 502 3799 wohlseilen
542 3739 814 3799 Sommerfrische
848 3735 927 3795 nahe
962 3734 1018 3794 von
1058 3734 1143 3794 Wien
1183 3732 1255 3792 ver¬

321 3785 460 3845 brachte.
488 3786 599 3846 „Dort
628 3781 705 3841 habe
733 3783 777 3843 ich
811 3781 889 3841 mich
923 3779 994 3839 auch
1029 3777 1145 3837 wieder
1185 3775 1251 3835 ver¬

320 3827 432 3887 kobt",
456 3826 528 3886 setzte
557 3826 596 3886 sie
625 3826 737 3886 hinzu.
761 3827 822 3887 „Es
857 3823 896 3883 ist
919 3823 992 3883 aber
1021 3820 1116 3880 nichts
1150 3820 1246 3880 draus

329 3870 512 3930 geworden.
536 3869 636 3929 Besser
666 3871 725 3931 so,"
755 3868 850 3928 schloß
880 3867 915 3927 sie
939 3865 1181 3925 achselzuckend,
1200 3863 1246 3923 als

326 3914 369 3974 sei
402 3912 439 3972 sie
472 3912 531 3972 kein
569 3913 699 3973 bessexes
737 3912 888 3972 Schicksal
921 3908 1067 3968 gewöhnt
1100 3908 1159 3968 und
1197 3905 1250 3965 nie

315 3954 402 4014 eines
437 3955 566 4015 besseren
602 3957 683 4017 wert
713 3955 847 4015 gewesen
883 3954 929 4014 als
960 3951 1011 4011 des
1047 3951 1093 4011 ihr
1124 3948 1251 4008 beschie¬

323 3999 442 4059 denen.

411 4044 472 4104 Ein
509 4042 626 4102 offener
657 4041 866 4101 Einspänner
898 4041 1021 4101 trottete
1052 4038 1175 4098 vorbei,
1200 4036 1249 4096 der

315 4085 463 4145 Kutscher
498 4086 641 4146 schwang
676 4083 819 4143 grüßend
860 4082 905 4142 die
940 4080 1095 4140 Peitsche.
1124 4079 1250 4139 Robert

320 4129 371 4189 lud
408 4127 486 4187 seine
517 4127 715 4187 Begleiterin
757 4126 783 4186 zu
820 4124 907 4184 einer
939 4124 1054 4184 kleinen
1096 4121 1251 4181 Spazier¬
