3436 4384
277 343 989 403 OBSERVER

362 404 386 464 I.
403 402 522 462 österr.
534 398 686 458 behördl.
703 393 1003 453 konzessioniertes

319 440 553 500 Unternehmen
583 439 633 499 für
659 432 1048 492 Zeitungs-Ausschnitte

381 498 523 558 WIEN,
549 500 594 560 I.,
627 497 911 557 WOLLZEILE
957 491 1002 551 11

467 548 690 608 TELEPHON
725 543 899 603 R-23-0-43

866 622 933 682 No.
962 619 1057 679 16014

268 694 492 754 Ausschnitt
520 688 610 748 aus:

547 748 616 808 A.
636 739 910 799 ALLOLMEINI
943 734 1012 794 ZEI

558 907 635 967 23.
666 904 782 964 2T.
803 891 909 951 1931

285 921 399 981 vom:

290 1053 623 1113 Arthur
674 1050 1109 1110 Schnitzler

354 1149 482 1209 und
575 1148 690 1208 die
768 1147 1117 1207 Zukunft

733 1219 884 1279 Wien,
898 1217 954 1277 22.
973 1217 1112 1277 Oktober

382 1275 560 1335 Vielleicht
583 1276 665 1336 wird
694 1276 766 1336 man
800 1276 872 1336 jetzt
895 1276 1078 1336 entdecken,
1101 1275 1161 1335 wie

297 1324 378 1384 weit
411 1324 470 1384 uns
508 1324 637 1384 Arthur
671 1325 870 1385 Schnitzler,
914 1324 984 1384 wie
1017 1325 1097 1385 weit
1125 1322 1157 1382 er

300 1375 400 1435 seiner
428 1375 549 1435 ganzen
587 1375 660 1435 Zeit
682 1375 814 1435 voraus
841 1372 931 1432 war.
953 1372 1016 1432 Dem
1065 1375 1148 1435 allge

298 1423 450 1483 meinen,
479 1423 569 1483 nicht
604 1423 666 1483 nur
706 1423 926 1483 literarischen
972 1423 1159 1483 Vorurteil

297 1471 389 1531 nach,
411 1472 508 1532 stellte
541 1472 572 1532 er
600 1473 670 1533 noch
703 1472 816 1532 lebend
849 1471 913 1531 nur
941 1471 1032 1531 mehr
1065 1474 1151 1534 einen

304 1519 694 1579 Vergangenheitswert
712 1521 788 1581 dar,
807 1521 877 1581 eine
901 1521 1060 1581 erlesene,
1079 1521 1155 1581 aber

298 1567 446 1627 morbide
475 1569 685 1629 Köstlichkeit
708 1568 796 1628 jenes
830 1569 978 1629 Geistes,
1001 1569 1056 1629 der
1084 1569 1139 1629 dem

293 1617 367 1677 jetzt
403 1617 541 1677 langsam
594 1619 865 1679 untergehenden
906 1617 997 1677 Wien
1044 1617 1153 1677 Mode

298 1668 360 1728 und
389 1666 609 1726 Schlagwort
639 1666 729 1726 war.
746 1666 831 1726 Auch
860 1665 927 1725 dies
962 1665 1018 1725 hat
1041 1667 1159 1727 natür¬

299 1715 350 1775 lich
380 1715 467 1775 seine
502 1715 716 1775 Richtigkeit.
735 1714 781 1774 Es
816 1714 874 1774 hat
904 1715 984 1775 seine
1014 1715 1164 1775 Richtig¬

293 1763 371 1823 keit,
412 1763 473 1823 daß
508 1763 638 1823 Arthur
667 1763 847 1823 Schnitzler
882 1763 933 1823 die
962 1763 1153 1823 leichtfertig

301 1811 561 1871 aslancholische
594 1812 713 1872 Erotik
741 1811 833 1871 jener
866 1811 963 1871 Tage
997 1811 1061 1871 wie
1094 1811 1153 1871 kein

292 1862 436 1922 anderer
467 1862 658 1922 besungen,
690 1862 751 1922 und
794 1862 850 1922 daß
892 1859 922 1919 er
959 1859 1010 1919 die
1047 1862 1160 1922 kokette

297 1910 519 1970 Selbstironie
551 1912 614 1972 und
652 1911 704 1971 die
737 1910 959 1970 lebensmüde
1007 1910 1160 1970 Lebens¬

295 1957 383 2017 kunst
411 1959 505 2019 jener
534 1960 749 2020 Gesellschaft
778 1960 843 2020 wie
894 1957 955 2017 kein
1016 1957 1160 2017 anderer

295 2008 509 2068 durchschaut
538 2008 610 2068 hat.

380 2065 536 2125 Dennoch
565 2065 687 2125 stimmt
716 2065 774 2125 das
804 2065 890 2125 nicht
914 2065 1018 2125 ganz,
1036 2064 1099 2124 wie
1128 2062 1151 2122 ja

290 2116 368 2176 auch
426 2116 476 2176 die
556 2116 845 2176 lebenslängliche
903 2113 1045 2173 Etikette
1096 2113 1152 2173 des

295 2163 455 2223 „Juden“
489 2163 670 2223 Schnitzler
704 2163 847 2223 niemals
887 2163 969 2223 ganz
1003 2160 1162 2220 stimmte.

296 2211 423 2271 Arthur
458 2214 660 2274 Schnitzlers
696 2211 858 2271 jüdisches
893 2210 980 2270 Blut
1010 2210 1073 2270 hat
1103 2208 1148 2268 ihn

287 2261 372 2321 nicht
401 2262 601 2322 gehindert,
625 2261 681 2321 der
734 2259 973 2319 kultivierteste
1025 2259 1161 2319 Oester¬

296 2310 428 2370 reicher,
475 2310 533 2370 der
562 2310 660 2370 beste,
701 2310 787 2370 weil
834 2307 1158 2367 leidenschaftlichste

292 2358 423 2418 Wiener
451 2358 515 2418 und
554 2358 597 2418 ein
636 2358 821 2418 führender
855 2357 914 2417 und
947 2355 1154 2415 vollendeter

293 2408 360 2468 Typ
395 2408 456 2468 des
508 2408 671 2468 deutschen
729 2405 858 2465 Geistes
916 2405 949 2465 zu
1006 2404 1135 2464 werden

293 2456 447 2516 Gerhart
475 2456 690 2516 Hauptmann
751 2454 828 2514 war
856 2456 911 2516 es,
956 2453 1010 2513 der
1066 2453 1154 2513 seine

297 2505 413 2565 Grazie
446 2504 519 2564 eine
568 2504 715 2564 deutsche
770 2503 896 2563 Grazie
929 2501 1055 2561 nannte
1088 2501 1151 2561 und

297 2554 360 2614 wer
392 2555 472 2615 etwa
504 2555 577 2615 nach
609 2553 763 2613 hundert
790 2552 916 2612 Jahren
970 2550 1049 2610 nach
1097 2549 1155 2609 der

290 2602 493 2662 besonderen
533 2599 668 2659 Wiener
697 2600 928 2660 Atmosphäre
979 2597 1035 2657 der
1070 2598 1154 2658 Vor¬

293 2651 470 2711 kriegszeit
501 2650 613 2710 suchen
655 2647 785 2707 wollte,
809 2648 844 2708 er
881 2647 963 2707 wird
999 2647 1040 2707 sie
1076 2647 1146 2707 viel

292 2700 378 2760 leicht
406 2698 465 2758 nur
493 2698 520 2758 in
547 2698 602 2758 den
635 2698 786 2758 anmutig
814 2697 988 2757 tragischen
1021 2695 1156 2755 Liebes¬

289 2748 424 2808 dramen
457 2748 663 2808 Schnitzlers
691 2746 826 2806 finden.
848 2746 929 2806 Man
963 2744 1043 2804 wird
1077 2743 1157 2803 aber

289 2801 323 2861 zu
357 2797 453 2857 jener
482 2798 561 2858 Zeit
590 2797 675 2857 dann
732 2796 805 2856 auch
857 2793 1043 2853 feststellen,
1089 2794 1151 2854 daß

292 2844 472 2904 Schnitzler
507 2847 592 2907 ganz
627 2844 688 2904 und
728 2844 790 2904 gar
819 2843 921 2903 nicht,
950 2841 1012 2901 wie
1041 2841 1074 2901 er
1109 2840 1159 2900 oft

292 2899 324 2959 zu
352 2892 449 2952 hören
482 2894 612 2954 bekam,
635 2894 693 2954 nur
721 2891 780 2951 das
814 2891 1009 2951 Bürgertum
1053 2889 1155 2949 dieser

289 2944 382 3004 Zeit,
411 2941 476 3001 nur
516 2943 620 3003 dessen
665 2940 936 3000 liebenswürdig
980 2940 1151 3000 überlebte

293 2991 408 3051 Erotik
437 2991 506 3051 und
542 2991 773 3051 selbstgefällig
831 2988 1149 3048 willensschwachen

293 3038 484 3098 Lebensstil
514 3038 711 3098 geschildert
741 3038 815 3098 hat.

377 3088 451 3148 Das
481 3086 608 3146 stimmt
631 3086 770 3146 nämlich
806 3086 932 3146 wieder
956 3086 1059 3146 nicht.
1077 3083 1152 3143 Wer

292 3138 339 3198 sich
371 3137 477 3197 genau
514 3137 683 3197 erinnert,
705 3137 858 3197 erinnert
880 3137 932 3197 sich
980 3134 1054 3194 auch
1107 3134 1144 3194 an

292 3185 464 3245 Leutnant
491 3185 609 3245 Gustls
670 3185 804 3245 damals
865 3185 896 3245 so
956 3182 1155 3242 gefährliche

295 3235 427 3295 Worte:
456 3233 600 3293 „Warum
651 3231 700 3291 bin
728 3231 772 3291 ich
800 3233 950 3293 Offizier
973 3230 1150 3290 geworden

297 3286 370 3346 ...
397 3282 481 3342 weil
508 3282 576 3342 man
613 3280 692 3340 mich
724 3279 787 3339 aus
819 3279 876 3339 dem
924 3280 1135 3340 Gymnasium

292 3331 634 3391 hinausgeschmissen
667 3329 753 3389 hat."
776 3328 856 3388 Hier
879 3328 943 3388 und
971 3328 1052 3388 etwa
1086 3330 1155 3390 noch

290 3379 316 3439 im
372 3379 576 3439 „Freiwild“
616 3378 692 3438 oder
726 3377 753 3437 im
803 3379 1029 3439 „Gemeinen“
1069 3376 1156 3436 blitzt

294 3429 336 3489 ein
374 3427 580 3487 souveräner
613 3427 681 3487 und
714 3429 851 3489 zugleich
889 3427 957 3487 sehr
990 3427 1159 3487 sachlicher

290 3477 383 3537 Hohn
439 3477 516 3537 auf,
555 3475 621 3535 vor
666 3474 726 3534 dem
788 3476 837 3536 sich
894 3474 954 3534 das
1004 3477 1153 3537 üppigste

295 3525 422 3585 Pathos
455 3525 644 3585 sämtlicher
672 3525 937 3585 nachfahrenden
971 3525 1148 3585 Pazifisten

288 3575 484 3635 verkriechen
543 3573 648 3633 kann.
719 3574 840 3634 Dieser
894 3573 1164 3633 Antimilitarist

289 3624 472 3684 Schnitzler
500 3621 574 3681 war
602 3621 655 3681 der
683 3621 774 3681 Welt
818 3623 860 3683 um
925 3621 1000 3681 drei
1044 3622 1156 3682 Jahr¬

292 3674 405 3734 zehnte
434 3672 563 3732 voraus
596 3671 655 3731 und
688 3670 720 3730 er
748 3672 813 3732 hat
835 3672 905 3732 auch
960 3672 1008 3732 die
1042 3672 1154 3732 höchste

290 3719 544 3779 Auszeichnung
603 3719 825 3779 empfangen,
889 3719 947 3779 die
995 3719 1042 3779 sich
1101 3719 1148 3779 ein

288 3770 541 3830 Kriegsgegner
578 3769 711 3829 damals
754 3768 919 3828 wünschen
961 3767 1095 3827 konnte,
1121 3768 1152 3828 er

292 3817 405 3877 wurde
438 3818 546 3878 seines
585 3818 1025 3878 Reserveoffiziersranges
1085 3815 1155 3875 ver¬

293 3865 389 3925 lustia
418 3866 555 3926 erklärt.

370 3910 462 3970 Aber
506 3913 582 3973 auch
632 3912 691 3972 der
719 3913 871 3973 Erotiker
893 3910 1073 3970 Schnitzler
1122 3911 1159 3971 ist

287 3961 493 4021 keineswegs
526 3961 585 4021 nur
613 3961 672 4021 der
694 3961 976 4021 schwärmerische
998 3960 1155 4020 Causeur

286 4012 454 4072 gewesen,
476 4011 524 4071 als
558 4009 612 4069 den
650 4010 720 4070 man
754 4009 808 4069 ihn
841 4009 894 4069 ins
923 4009 1150 4069 Bürgerhaus

284 4060 521 4120 schmuggelte.
560 4057 604 4117 Es
655 4057 765 4117 klingt
805 4060 904 4120 heute
932 4057 1065 4117 grotesk
1088 4057 1148 4117 und

287 4108 425 4168 dennoch
472 4108 517 4168 ist
558 4106 593 4166 es
629 4108 819 4168 Geschichte.
860 4108 1045 4168 Geschichte
1092 4105 1149 4165 des

289 4161 416 4221 Geistes
442 4161 505 4221 und
532 4161 589 4221 der
609 4161 755 4221 Kultur,
768 4161 825 4221 daß
858 4161 985 4221 Arthur
1005 4157 1152 4217 Schnitz¬

1203 3228 1248 3288 ker
1277 3230 1333 3290 die
1379 3230 1565 3290 illegitime
1595 3228 1690 3288 Liebe
1736 3230 1917 3290 sozusagen
1957 3228 2064 3288 gesell¬

1204 3277 1413 3337 schaftsfähig
1442 3277 1606 3337 gemacht,
1624 3277 1680 3337 daß
1715 3277 1742 3337 er
1766 3277 1828 3337 sie,
1845 3277 1907 3337 und
1937 3277 2004 3337 hier
2027 3278 2066 3338 :st

1204 3330 1225 3390 ja
1259 3328 1319 3388 das
1348 3325 1453 3385 Wort
1476 3325 1614 3385 wirklich
1649 3325 1843 3385 zuständig,
1882 3325 2060 3385 eingebür¬

1205 3377 1273 3437 gert
1295 3376 1368 3436 hat,
1390 3376 1459 3436 eine
1486 3374 1687 3434 Revolution
1725 3373 1777 3433 der
1804 3373 2063 3433 Sexualmoral,

1200 3424 1251 3484 die
1282 3424 1354 3484 man
1412 3424 1458 3484 sich
1494 3424 1587 3484 heute
1619 3423 1695 3483 kaum
1759 3423 1934 3483 vorstellen
1971 3424 2068 3484 kann.

1203 3471 1297 3531 Ohne
1325 3475 1510 3535 Schnitzler
1547 3470 1632 3530 hätte
1669 3471 1701 3531 es
1739 3471 1844 3531 keinen
1882 3471 2056 3531 Wedekind

1206 3520 1359 3580 gegeben,
1382 3521 1409 3581 ja
1438 3519 1620 3579 Schnitzler
1643 3519 1742 3579 selbst
1764 3520 1864 3580 greift
1887 3519 1969 3579 über
1997 3518 2063 3578 die¬

1204 3570 1243 3630 sen
1274 3570 1465 3630 manchmal
1496 3570 1560 3630 und
1586 3567 1752 3627 wiederum
1793 3569 1954 3629 blitzartig
1984 3569 2059 3629 weit

1200 3618 1324 3678 hinaus
1377 3618 1428 3678 bis
1481 3618 1506 3678 in
1543 3618 1590 3678 die
1617 3615 1751 3675 Gefilde
1804 3615 1861 3675 der
1908 3618 2053 3678 neuesten

1203 3666 1430 3726 Sachlichkeit.
1446 3666 1492 3726 Er
1518 3666 1569 3726 tut
1591 3666 1647 3726 das
1679 3664 1875 3724 namentlich
1901 3664 1994 3724 dort,
2010 3666 2056 3726 wo

1200 3715 1230 3775 er
1262 3713 1323 3773 wie
1350 3715 1375 3775 im
1422 3716 1593 3776 „Reigen“
1624 3713 1670 3773 die
1697 3713 1862 3773 intimsten
1894 3713 1955 3773 und
1987 3712 2064 3772 dar¬

1200 3764 1240 3824 um
1282 3764 1333 3824 oft
1381 3764 1634 3824 ergreifendsten
1671 3761 1882 3821 Wahrheiten
1930 3762 2063 3822 gewagt

1200 3811 1273 3871 hat,
1295 3812 1342 3872 die
1364 3813 1485 3873 freilich
1512 3812 1570 3872 von
1603 3812 1655 3872 der
1682 3809 1877 3869 verblüfften
1910 3810 2063 3870 Mitwelt

1207 3860 1312 3920 sofort
1333 3863 1385 3923 als
1418 3863 1686 3923 Pornographie
1734 3860 1945 3920 verleumdet
1972 3860 2061 3920 wur¬

1202 3907 1282 3967 den.

1287 3957 1369 4017 Auch
1403 3958 1463 4018 mit
1492 3955 1541 4015 dem
1586 3957 1846 4017 Bürgerdichter
1875 3956 2002 4016 stimmt
2030 3956 2057 4016 es

1203 4006 1300 4066 nicht.
1322 4006 1451 4066 Arthur
1485 4006 1662 4066 Schnitzler
1695 4004 1749 4064 hat
1783 4004 1863 4064 nicht
1891 4006 1955 4066 nur
1982 4002 2063 4062 Dir¬

1199 4055 1258 4115 nen
1286 4055 1345 4115 und
1373 4055 1541 4115 Soldaten
1569 4054 1726 4114 schärfer,
1742 4054 1954 4114 lebendiger,
1971 4054 2068 4114 über¬

1203 4105 1387 4165 zeugender
1415 4105 1610 4165 geschildert
1653 4105 1707 4165 als
1757 4105 1875 4165 irgend
1931 4103 1979 4163 ein
2017 4102 2060 4162 be¬

1205 4155 1339 4215 rufener
1365 4155 1614 4215 Volksdichter,
1654 4155 1685 4215 er
1711 4155 1787 4215 hat,
1827 4155 1877 4215 als
1910 4155 1941 4215 er
1967 4155 2056 4215 jenes

2109 3230 2218 3290 „süße"
2253 3227 2414 3287 Mädchen
2450 3228 2513 3288 aus
2548 3227 2605 3287 dem
2653 3227 2756 3287 Volke
2785 3228 2889 3288 schuf,
2913 3228 2964 3288 die

2108 3277 2209 3337 sanfte
2238 3276 2454 3336 liebesselige
2482 3276 2646 3336 Christine
2675 3274 2777 3334 etwa,
2823 3277 2874 3337 sich
2908 3277 2970 3337 mit

2105 3325 2189 3385 einem
2238 3325 2348 3385 Glanz
2397 3325 2465 3385 und
2519 3324 2608 3384 einer
2657 3322 2820 3382 Wehmut
2864 3325 2969 3385 ohne¬

2106 3373 2237 3433 gleichen
2271 3373 2298 3433 zu
2332 3374 2387 3434 der
2409 3373 2530 3433 großen
2559 3373 2773 3433 Demokratie
2802 3373 2851 3433 des
2879 3373 2961 3433 Her¬

2099 3423 2180 3483 zens
2212 3421 2370 3481 bekannt.

2185 3468 2314 3528 Arthur
2338 3468 2524 3528 Schnitzler
2564 3469 2608 3529 ist
2649 3468 2722 3528 auch
2768 3468 2857 3528 einer
2903 3468 2959 3528 der

2105 3516 2393 3576 „verbotensten“,
2426 3516 2692 3576 österreichischen
2731 3517 2863 3577 Dichter
2908 3519 2968 3579 ge¬

2102 3564 2226 3624 wesen.
2262 3564 2407 3624 Immer
2454 3566 2582 3626 wieder
2620 3566 2743 3626 erregte
2775 3564 2805 3624 er
2832 3564 2971 3624 Anstoß,

2106 3612 2417 3672 Zensurbedenken,
2441 3615 2474 3675 ja
2508 3614 2610 3674 sogar
2639 3612 2832 3672 öffentliche
2866 3614 2967 3674 Maß¬

2103 3662 2277 3722 regelung.
2299 3663 2435 3723 Immer
2463 3661 2590 3721 wieder
2617 3660 2738 3720 bewies
2770 3661 2828 3721 sein
2860 3660 2971 3720 Werk,

2105 3710 2158 3770 daß
2197 3710 2229 3770 es
2262 3710 2316 3770 sich
2350 3710 2403 3770 ihm
2452 3710 2479 3770 in
2518 3708 2610 3768 jedem
2659 3708 2827 3768 einzelnen
2866 3710 2968 3770 dieser

2108 3759 2199 3819 Fälle
2227 3758 2291 3818 nur
2319 3758 2356 3818 um
2405 3759 2490 3819 reine
2523 3758 2777 3818 Menschlichkeit
2804 3758 2868 3818 und
2896 3758 2960 3818 nur

2104 3806 2141 3866 um
2184 3806 2279 3866 deren
2311 3806 2426 3866 höchste
2454 3806 2517 3866 und
2544 3806 2670 3866 freieste
2697 3806 2819 3866 Moral
2846 3807 2967 3867 gehan¬

2106 3854 2171 3914 delt
2200 3854 2272 3914 hat.
2294 3857 2478 3917 Vielleicht
2506 3854 2588 3914 wird
2623 3856 2694 3916 man
2734 3855 2794 3915 erst
2828 3854 2967 3914 wirklich

2100 3902 2184 3962 viel,
2224 3905 2298 3965 viel
2343 3905 2451 3965 später
2502 3905 2603 3965 diesen
2644 3902 2961 3962 „Tendenzdichter"

2108 3952 2231 4012 Arthur
2258 3952 2438 4012 Schnitzler
2464 3952 2645 4012 erkennen,
2687 3952 2749 4012 wie
2780 3952 2852 4012 man
2889 3952 2961 4012 auch

2103 4000 2166 4060 erst
2184 4000 2282 4060 lange
2329 4002 2404 4062 nach
2428 4000 2596 4060 Friedrich
2626 3999 2788 4059 Schillers
2817 4000 2886 4060 Tod
2916 4000 2967 4060 die

2106 4048 2230 4108 sittliche
2282 4048 2349 4108 und
2401 4048 2570 4108 politische
2599 4048 2832 4108 Sprengkraft
2878 4048 2962 4108 etwa

2108 4099 2210 4159 seiner
2232 4097 2383 4157 „Kabale
2406 4097 2470 4157 und
2498 4095 2611 4155 Liebe“
2639 4096 2774 4156 erkannt
2796 4096 2871 4156 hat.

2191 4149 2318 4209 Arthur
2348 4149 2547 4209 Schnitzler,
2583 4149 2640 4209 der
2690 4149 2854 4209 angeblich
2883 4149 2968 4209 zeit¬

3010 3227 3128 3287 lebens
3174 3227 3352 3287 Weltabge

3013 3274 3294 3334 Konventionen,

3014 3325 3339 3385 grandseigneurale

3012 3373 3064 3433 dem
3111 3373 3348 3433 Uniformwal

3017 3421 3328 3481 Sexualheuchelei,

3015 3468 3107 3528 leicht
3133 3468 3250 3528 dünkte
3276 3468 3324 3528 sich

3014 3516 3169 3576 schreiben
3204 3516 3330 3576 mußte,

3017 3564 3100 3624 diese
3123 3565 3303 3625 Ketzereien

3015 3612 3227 3672 Gesellschaft
3272 3614 3315 3674 ist
3335 3613 3353 3673 d

3016 3663 3078 3723 sind
3113 3662 3301 3722 geblieben.

3014 3710 3093 3770 über
3116 3708 3167 3768 den
3203 3709 3265 3769 Tod
3294 3707 3344 3767 des

3014 3758 3128 3818 zeichen
3169 3758 3226 3818 auf
3256 3757 3341 3817 einen

3020 3806 3166 3866 gewissen
3226 3806 3289 3866 und
3319 3806 3353 3866 vo

3016 3854 3222 3914 gangenheit
3245 3854 3342 3914 bedro

3016 3905 3121 3965 samer
3150 3905 3249 3965 Weg,
3289 3903 3355 3963 wie

3017 3952 3144 4012 Dichter
3191 3952 3255 4012 und
3308 3949 3353 4009 V.

3018 4000 3192 4060 Schnitzler
3217 4000 3338 4060 seinerz

3103 4048 3187 4108 Aber
3206 4048 3267 4108 wie
3292 4051 3340 4111 ges

3012 4099 3088 4159 Weg
3121 4102 3159 4162 um
3206 4099 3245 4159 ein
3277 4099 3330 4159 gew
