3392 4352
229 376 318 436 2.

380 381 963 441 Schnitzler's
1032 383 1254 443 Death

1487 388 1614 448 box
1690 391 1915 451 43/16

711 1212 774 1272 der
801 1220 927 1280 größte
965 1223 1043 1283 Teil
1065 1226 1128 1286 der
1160 1231 1312 1291 Auflage
1345 1236 1423 1296 ging
1456 1237 1513 1297 ins
1546 1241 1703 1301 Ausland
1741 1244 1804 1304 und
1841 1247 1930 1307 nach
1963 1251 2131 1311 Persien.

704 1267 785 1327 Daß
823 1269 877 1329 die
910 1273 1062 1333 Zeitung
1095 1278 1181 1338 dort
1209 1279 1219 1339 —
1280 1282 1306 1342 in
1339 1284 1512 1344 Persien!
1540 1285 1550 1345 —
1611 1291 1664 1351 die
1697 1295 1800 1355 Ruhe
1833 1297 1898 1357 und
1936 1301 2114 1361 Ordnung

708 1318 843 1378 gestört
869 1323 979 1383 haben
1010 1326 1105 1386 mag,
1126 1330 1216 1390 kann
1247 1332 1297 1392 als
1323 1333 1423 1393 wahr
1449 1339 1655 1399 unterstellt
1676 1343 1842 1403 werden.
1858 1347 1933 1407 Daß
1963 1349 2008 1409 sie
2034 1349 2119 1409 aber

704 1365 765 1425 das
792 1368 925 1428 gleiche
957 1372 982 1432 in
1013 1378 1261 1438 Deutschland
1293 1382 1390 1442 getan
1422 1386 1530 1446 habe,
1546 1389 1613 1449 daß
1644 1391 1716 1451 hier
1742 1394 1845 1454 durch
1877 1397 1928 1457 ein
1954 1398 2108 1458 persisch

707 1418 979 1478 geschriebenes
1016 1424 1113 1484 Blatt
1145 1428 1269 1488 „Ruhe
1305 1433 1367 1493 und
1409 1437 1609 1497 Ordnung“
1646 1441 1847 1501 gefährdet
1878 1446 2017 1506 worden
2054 1451 2120 1511 sei,

704 1464 768 1524 und
804 1467 904 1527 wenn
940 1471 975 1531 es
1000 1475 1085 1535 noch
1121 1476 1151 1536 so
1182 1479 1262 1539 sehr
1292 1481 1352 1541 auf
1383 1483 1443 1543 den
1474 1488 1589 1548 Schah
1624 1489 1685 1549 von
1720 1493 1855 1553 Persien
1892 1498 2117 1558 geschimpft

704 1515 770 1575 hat
791 1515 801 1575 —
853 1518 914 1578 das
941 1521 1028 1581 wird
1059 1525 1130 1585 kein
1167 1530 1420 1590 vernünftiger
1441 1537 1584 1597 Mensch
1610 1542 1765 1602 glauben
1796 1543 1878 1603 oder
1905 1548 2105 1608 behaupten

699 1562 857 1622 wollen.

773 1616 841 1676 Wie
868 1619 1067 1679 verlautet,
1079 1628 1347 1688 argumentiert
1369 1632 1421 1692 die
1442 1636 1684 1696 Begründung
1716 1643 1774 1703 des
1795 1644 1948 1704 Verbots
1969 1650 2106 1710 folgen-

697 1664 918 1724 dermaßen:
945 1671 1087 1731 „Durch
1124 1674 1177 1734 die
1209 1679 1372 1739 Angriffe
1404 1682 1462 1742 des
1494 1686 1668 1746 „Peykar'
1690 1691 1752 1751 auf
1784 1693 1842 1753 den
1879 1696 1989 1756 Schah
2027 1700 2100 1760 sind

700 1712 751 1772 die
782 1714 884 1774 guten
921 1722 1167 1782 Beziehungen
1204 1730 1476 1790 Deutschlands
1502 1735 1543 1795 zu
1574 1739 1712 1799 Persien
1744 1741 1908 1801 getrübt.
1929 1748 2098 1808 Dadurch

695 1757 742 1817 ist
769 1762 826 1822 die
859 1764 953 1824 Ruhe
991 1769 1053 1829 und
1091 1774 1270 1834 Ordnung
1302 1777 1328 1837 in
1360 1781 1613 1841 Deutschland
1645 1790 1877 1850 gefährdet.“
1904 1794 2009 1854 Wenn
2047 1798 2109 1858 das

700 1810 859 1870 wirklich
890 1816 941 1876 die
973 1820 1209 1880 Begründung
1240 1825 1297 1885 des
1323 1829 1471 1889 Verbots
1493 1833 1554 1893 ist,
1570 1834 1601 1894 so
1627 1836 1719 1896 kann
1750 1840 1822 1900 man
1854 1842 1920 1902 nur
1941 1846 2007 1906 mit
2028 1846 2084 1906 dem

689 1860 843 1920 Anwalt
871 1864 932 1924 des
966 1870 1176 1930 „Peykar“,
1205 1874 1277 1934 Dr.
1299 1879 1432 1939 Apfel,
1460 1882 1599 1942 hoffen,
1627 1885 1693 1945 daß
1732 1888 1798 1948 das
1826 1893 2109 1953 Reichsgericht

691 1909 760 1969 sich
801 1912 891 1972 ganz
922 1916 1107 1976 energisch
1143 1918 1248 1978 gegen
1289 1927 1389 1987 einen
1425 1930 1565 1990 solchen
1606 1936 1817 1996 Mißbrauch
1857 1940 1918 2000 der
1948 1943 2103 2003 Notver-

690 1959 854 2019 ordnung
890 1964 1034 2024 wenden
1070 1968 1136 2028 und
1168 1971 1235 2031 das
1261 1973 1394 2033 Verbot
1420 1978 1600 2038 aufheben
1631 1982 1739 2042 wird.
1760 1988 1862 2048 Denn
1894 1991 1960 2051 mit
1986 1994 2099 2054 dieser

690 2008 931 2068 Begründung
968 2015 1101 2075 könnte
1132 2020 1209 2080 man
1240 2022 1322 2082 jede
1348 2027 1492 2087 Zeitung
1528 2031 1728 2091 verbieten,
1750 2037 1806 2097 die
1832 2039 1955 2099 irgend
1986 2043 2099 2103 etwas

683 2058 867 2118 schreibt,
894 2062 965 2122 was
1002 2067 1233 2127 irgendeiner
1264 2075 1542 2135 ausländischen
1584 2082 1784 2142 Regierung
1820 2088 1923 2148 nicht
1954 2093 2103 2153 gefällt.

696 2106 800 2166 Wenn
826 2111 896 2171 nur
916 2110 966 2170 ein
997 2117 1228 2177 Botschafter
1248 2121 1333 2181 oder
1354 2126 1559 2186 Gesandter
1585 2131 1650 2191 mit
1671 2133 1766 2193 einer
1786 2137 2022 2197 Beschwerde
2048 2141 2097 2201 ins

678 2156 913 2216 Auswärtige
944 2162 1031 2222 Amt
1057 2165 1090 2225 zu
1125 2168 1247 2228 fahren
1282 2172 1454 2232 braucht,
1479 2175 1518 2235 um
1562 2179 1611 2239 ein
1646 2184 1950 2244 Zeitungsverbot
1975 2189 2009 2249 zu
2044 2189 2097 2249 er-

675 2206 840 2266 reichen,
861 2208 891 2268 so
923 2210 1046 2270 würde
1073 2214 1134 2274 aus
1161 2216 1217 2276 dem
1264 2222 1455 2282 „Triumph
1486 2225 1548 2285 des
1574 2230 1853 2290 Perserschahs“
1879 2234 1935 2294 die
1962 2239 2091 2299 völlige

683 2255 930 2315 Vernichtung
967 2261 1024 2321 des
1051 2264 1177 2324 letzten
1209 2267 1330 2327 Restes
1357 2273 1551 2333 deutscher
1578 2280 1841 2340 Preßfreiheit.

677 2347 847 2407 LUDWIG
883 2350 1024 2410 BAUER

1781 2383 2074 2443 SCHNITZLER

743 2413 778 2473 In
805 2414 922 2474 diesem
960 2419 1087 2479 milden
1119 2425 1253 2485 Herbst
1274 2428 1314 2488 ist
1336 2431 1469 2491 Arthur
1491 2437 1696 2497 Schnitzler
1718 2439 1779 2499 von
1806 2443 1872 2503 uns
1893 2446 2094 2506 gegangen.

674 2461 730 2521 er,
751 2463 812 2523 der
838 2465 951 2525 selbst
977 2469 1028 2529 ein
1060 2473 1301 2533 herbstlicher
1327 2481 1476 2541 Dichter
1508 2485 1661 2545 gewesen
1698 2488 1760 2548 ist:
1786 2491 1857 2551 voll
1884 2493 1981 2553 Reife
2012 2497 2079 2557 und

677 2512 898 2572 Müdigkeit,
920 2515 1001 2575 voll
1028 2521 1201 2581 Weisheit
1229 2526 1293 2586 und
1332 2530 1488 2590 Ahnung
1526 2532 1590 2592 und
1623 2534 1710 2594 stets
1743 2537 1829 2597 nahe
1862 2540 1926 2600 dem
1975 2544 2093 2604 Ende.

675 2558 752 2618 Sein
778 2562 906 2622 letzter
927 2566 1025 2626 Blick
1056 2570 1128 2630 mag
1159 2574 1256 2634 wohl
1272 2576 1334 2636 den
1365 2579 1493 2639 Garten
1525 2583 1637 2643 seines
1659 2587 1895 2647 Landhauses
1921 2592 2085 2652 gestreift

672 2610 810 2670 haben,
831 2614 887 2674 von
924 2615 985 2675 dem
1032 2619 1103 2679 man
1135 2621 1202 2681 auf
1228 2623 1320 2683 Wien
1357 2629 1582 2689 herabsieht.
1598 2632 1645 2692 Er
1671 2635 1742 2695 war
1769 2639 1984 2699 menschlich
2016 2643 2082 2703 wie

672 2661 908 2721 künstlerisch
950 2664 1011 2724 der
1043 2673 1305 2733 vollkommene
1342 2676 1527 2736 Ausdruck
1569 2680 1681 2740 dieser
1713 2686 1836 2746 Stadt,
1857 2690 1954 2750 ihrer
1981 2692 2083 2752 Men-

667 2709 771 2769 schen
802 2712 866 2772 und
898 2714 992 2774 ihres
1023 2716 1184 2776 Wesens,
1199 2721 1234 2781 er
1260 2723 1349 2783 hatte
1376 2726 1425 2786 sie
1446 2729 1535 2789 ganz
1561 2729 1591 2789 in
1617 2731 1686 2791 sich
1727 2734 1792 2794 und
1827 2737 1898 2797 war
1923 2740 2078 2800 darüber

668 2758 799 2818 hinaus
821 2761 905 2821 doch
937 2765 1026 2825 noch
1059 2766 1163 2826 völlig
1190 2774 1501 2834 Persönlichkeit,
1517 2780 1770 2840 unzerstörbar
1797 2785 1865 2845 und
1897 2789 2081 2849 einmalig.

667 2807 711 2867 Er
737 2809 841 2869 liebte
873 2810 922 2870 es,
943 2813 973 2873 in
1003 2814 1119 2874 diesen
1154 2819 1285 2879 Garten
1321 2825 1586 2885 hinabzusehen
1622 2830 1687 2890 und
1718 2833 1813 2893 sagte
1843 2837 1909 2897 mir
1934 2839 2084 2899 einmal,

661 2856 745 2916 halb
787 2861 1035 2921 genießerisch
1078 2868 1331 2928 ausgestreckt
1368 2874 1437 2934 und
1474 2876 1589 2936 Stadt
1622 2879 1690 2939 wie
1728 2884 1822 2944 Land
1865 2886 1975 2946 durch
2018 2888 2075 2948 die

667 2905 783 2965 Augen
815 2909 841 2969 in
868 2911 936 2971 sich
969 2916 1238 2976 aufnehmend:
1260 2920 1343 2980 „Als
1365 2923 1413 2983 ich
1445 2924 1518 2984 hier
1540 2927 1682 2987 einzog,
1699 2929 1740 2989 da
1768 2933 1894 2993 dachte
1921 2935 1968 2995 ich
1995 2938 2079 2998 mir,

661 2953 712 3013 ich
748 2955 866 3015 würde
897 2960 938 3020 da
970 2964 1077 3024 unten
1109 2963 1134 3023 im
1180 2968 1314 3028 Garten
1346 2972 1479 3032 gehen,
1500 2974 1582 3034 dort
1603 2978 1788 3038 arbeiten.
1809 2981 1860 3041 Ich
1892 2985 1983 3045 habe
2010 2988 2066 3048 ihn

657 3001 686 3061 in
722 3006 852 3066 Jahren
888 3010 983 3070 kaum
1030 3015 1210 3075 betreten.
1236 3018 1311 3078 Man
1347 3021 1412 3081 hat
1438 3023 1493 3083 ihn
1529 3025 1644 3085 mehr,
1670 3029 1765 3089 wenn
1801 3033 1876 3093 man
1912 3034 1966 3094 ihn
2002 3035 2062 3095 von

658 3051 743 3111 oben
771 3058 895 3118 sieht.“
917 3061 976 3121 Ein
1003 3067 1343 3127 aufschlußreiches
1371 3070 1483 3130 Wort,
1500 3074 1608 3134 durch
1635 3076 1699 3136 das
1722 3080 1797 3140 man
1824 3083 1851 3143 in
1878 3085 1932 3145 ihn
1959 3084 2067 3144 selbst

658 3106 902 3166 hineinsieht.

725 3151 799 3211 Und
840 3156 890 3216 ein
926 3159 1096 3219 anderes,
1122 3165 1186 3225 das
1217 3165 1252 3225 er
1283 3167 1352 3227 mir
1383 3170 1413 3230 im
1459 3175 1679 3235 September
1710 3180 1845 3240 schrieb
1881 3184 1910 3244 in
1951 3186 2046 3246 einem

645 3200 764 3260 Briefe
792 3202 878 3262 über
901 3207 987 3267 mein
1020 3212 1139 3272 Buch:
1156 3213 1209 3273 „Im
1253 3217 1394 3277 Gefühl
1411 3220 1508 3280 stehe
1530 3224 1584 3284 ich
1612 3228 1698 3288 nahe
1726 3231 1785 3291 bei
1802 3234 1937 3294 Ihnen,
1954 3236 2062 3296 daher

652 3250 734 3310 auch
771 3251 801 3311 in
838 3258 1075 3318 Voraussicht
1101 3263 1168 3323 und
1205 3266 1359 3326 dunkler
1386 3272 1566 3332 Ahnung.
1587 3275 1685 3335 Aber
1711 3279 1772 3339 das
1804 3282 1917 3342 Genie
1944 3285 1990 3345 ist
2016 3285 2067 3345 in-

648 3303 985 3363 commensurabel,
1000 3312 1063 3372 und
1093 3313 1151 3373 das
1176 3315 1259 3375 noch
1289 3318 1386 3378 nicht
1406 3321 1576 3381 geborene
1601 3325 1669 3385 erst
1689 3327 1801 3387 recht.
1817 3331 1855 3391 So
1875 3332 1982 3392 lassen
2007 3333 2060 3393 Sie

650 3348 713 3408 uns
735 3353 957 3413 Hoffnung.“
984 3359 1057 3419 Und
1084 3361 1173 3421 auch
1200 3364 1227 3424 in
1259 3366 1370 3426 seinem
1407 3370 1571 3430 Glauben
1603 3374 1634 3434 an
1667 3376 1719 3436 die
1741 3380 1883 3440 Gewalt
1905 3383 1963 3443 der
1984 3384 2063 3444 Per-

652 3400 888 3460 sönlichkeit,
915 3403 945 3463 in
987 3407 1104 3467 diesem
1157 3416 1445 3476 Skeptizismus,
1471 3421 1532 3481 der
1569 3424 1795 3484 zweifelfroh
1837 3431 1898 3491 zum
1956 3433 2068 3493 Opti-

648 3450 795 3510 mismus
825 3453 961 3513 wieder
991 3458 1172 3518 umbiegt,
1192 3462 1241 3522 ist
1266 3464 1324 3524 der
1354 3469 1466 3529 ganze
1496 3473 1701 3533 Schnitzler
1726 3480 1931 3540 enthalten.
1952 3485 2054 3545 Seine

649 3499 900 3559 Gesellschaft
931 3506 1008 3566 war
1039 3512 1327 3572 geschwunden,
1353 3515 1409 3575 die
1445 3518 1481 3578 er
1512 3523 1728 3583 dichterisch
1770 3530 1918 3590 umfaßt
1944 3535 2062 3595 hatte,

631 3646 724 3706 ﻿1704

2465 1259 2519 1319 ihr
2553 1263 2719 1323 geistiges
2753 1267 2819 1327 und
2859 1272 3035 1332 sittliches
3069 1274 3185 1334 Klima
3219 1278 3313 1338 hatte

2471 1310 2529 1370 bei
2551 1312 2640 1372 aller
2673 1314 2879 1374 Weichheit
2906 1322 3181 1382 unerbittlicher
3213 1327 3335 1387 Spott,

2465 1361 2648 1421 Gefühlen
2687 1365 2908 1425 geborgener
2946 1368 3011 1428 und
3055 1371 3162 1431 durch
3201 1377 3373 1437 Reichtur

2470 1410 2610 1470 hüteter
2636 1411 2822 1471 Menschen
2853 1416 2968 1476 schien
2999 1419 3049 1479 ins
3074 1422 3175 1482 Leere
3200 1425 3235 1485 zu
3266 1428 3366 1488 faller

2471 1459 2545 1519 Und
2586 1458 2747 1518 dennoch
2787 1464 2973 1524 erneuerte
3004 1469 3074 1529 sich
3114 1472 3184 1532 sein
3220 1476 3320 1536 Ruhm

2461 1508 2561 1568 mehr
2595 1509 2644 1569 als
2673 1515 2989 1575 Sechzigjährigen
3029 1520 3156 1580 gerade
3190 1522 3223 1582 in
3257 1526 3368 1586 seiner

2460 1558 2731 1618 nachhallende
2775 1563 2922 1623 Erfolge
2966 1568 3177 1628 geworden:
3216 1572 3286 1632 sein
3335 1575 3351 1635 R

2471 1607 2778 1667 Meisternovellen
2810 1613 2932 1673 „Spiel
2953 1615 2979 1675 im
3022 1621 3350 1681 Morgengrauen,

2465 1652 2511 1712 Er
2537 1655 2629 1715 nahm
2671 1658 2717 1718 sie
2743 1659 2799 1719 hin
2831 1664 2923 1724 ohne
2949 1667 3160 1727 Illusionen,
3181 1670 3304 1730 erwies
3331 1672 3346 1732 e

2470 1703 2661 1763 fremdeten
2708 1706 2803 1766 Welt
2832 1712 2934 1772 nicht
2963 1715 3103 1775 einmal
3133 1717 3183 1777 die
3223 1721 3330 1781 Ehre,

2469 1753 2668 1813 polarkalt,
2691 1762 2981 1822 tausendjährig,
3003 1765 3068 1825 wie
3095 1766 3159 1826 aus
3187 1770 3370 1830 unüberbi

2465 1801 2565 1861 Ruhm
2619 1807 2858 1867 verachtend,
2879 1813 2980 1873 stand
3018 1813 3054 1873 er
3087 1816 3139 1876 ihr
3172 1819 3203 1879 in
3236 1820 3352 1880 seiner

2462 1852 2605 1912 Rettete
2637 1855 2710 1915 sich
2748 1857 2811 1917 aus
2843 1861 3023 1921 schwerem
3082 1867 3187 1927 Leid,
3214 1868 3277 1928 das
3315 1870 3362 1930 ihr

2467 1902 2635 1962 getroffen
2673 1906 2786 1966 hatte,
2809 1909 2841 1969 in
2874 1912 3128 1972 epikuräische
3161 1917 3323 1977 Genüsse

2462 1950 2646 2010 gefrorene
2684 1953 2768 2013 Lust
2795 1959 2963 2019 geistiger
3000 1962 3063 2022 und
3106 1965 3338 2025 künstlerisch

2456 2001 2583 2061 immer
2614 2002 2815 2062 seltsamer,
2835 2008 2963 2068 immer
2993 2013 3298 2073 vollkommener;
3323 2017 3361 2077 i1

2458 2049 2566 2109 merte
2597 2050 2700 2110 unter
2727 2055 2840 2115 seinen
2876 2061 3166 2121 Meisterhänden
3203 2064 3264 2124 das
3296 2066 3357 2126 kos

2454 2097 2484 2157 so
2511 2100 2671 2160 zuchtlos
2693 2106 2910 2166 verdorbene
2936 2109 3169 2169 Geschmeide
3196 2114 3252 2174 der
3279 2115 3361 2175 deut

2458 2147 2524 2207 das
2551 2150 2658 2210 Leben
2695 2153 2797 2213 nicht
2824 2156 2942 2216 mehr,
2958 2156 3060 2216 aber,
3081 2159 3148 2219 wie
3174 2159 3209 2219 er
3236 2163 3271 2223 es
3298 2164 3359 2224 aus

2458 2195 2527 2255 Tod
2562 2198 2648 2258 ohne
2677 2204 2897 2264 Sympathie
2926 2209 3175 2269 gegenüber“.
3193 2212 3267 2272 Für
3297 2213 3348 2273 ihn

2450 2245 2542 2305 alten
2575 2249 2683 2309 Arzt,
2705 2252 2764 2312 den
2798 2255 3058 2315 dichterischen
3097 2261 3259 2321 Anreger
3287 2263 3346 2323 der

2453 2297 2534 2357 kein
2572 2300 2744 2360 Jenseits,
2772 2303 2836 2363 und
2875 2306 2939 2366 alle
2973 2308 3188 2368 Eitelkeiten
3226 2312 3285 2372 von
3329 2313 3355 2373 si

2453 2343 2548 2403 nicht
2572 2347 2605 2407 an
2640 2348 2855 2408 literarische
2884 2355 3213 2415 Unsterblichkeit.
3231 2359 3355 2419 Prüfte

2453 2392 2596 2452 Speise,
2612 2397 2664 2457 sah
2697 2401 2903 2461 kennerisch
2936 2403 2998 2463 auf
3025 2406 3099 2466 eine
3121 2408 3253 2468 schöne
3280 2412 3343 2472 Fra

2516 2443 2582 2503 Mit
2610 2449 2905 2509 Hofmannsthal
2928 2453 2977 2513 ist
3005 2455 3039 2515 er
3067 2456 3100 2516 so
3133 2458 3239 2518 recht
3267 2461 3327 2521 der

2450 2492 2582 2552 wesen,
2600 2494 2655 2554 er,
2672 2497 2727 2557 der
2756 2503 2977 2563 Kulturjude
3000 2505 3061 2565 aus
3089 2508 3233 2568 feinstem
3278 2511 3360 2571 Gele

2450 2542 2677 2602 untrennbar
2711 2546 2737 2606 in
2776 2548 2829 2608 ihm
2884 2551 3079 2611 gemischt.
3107 2556 3150 2616 Er
3184 2559 3280 2619 hatte
3319 2559 3356 2619 di

2450 2591 2610 2651 schärfe,
2627 2593 2676 2653 die
2699 2597 2837 2657 Freude
2860 2598 2892 2658 an
2920 2602 3102 2662 Dialektik
3136 2606 3196 2666 und
3225 2610 3351 2670 schonu

2448 2643 2794 2703 verschwimmende
2833 2648 3038 2708 Weichheit
3066 2654 3125 2714 des
3158 2657 3330 2717 Gefühls,

2450 2690 2518 2750 und
2547 2691 2682 2751 Gefühl
2699 2694 2852 2754 niemals
2875 2700 3056 2760 ernsthaft
3074 2706 3203 2766 nahm.
3215 2709 3339 2769 Nichts

2450 2738 2571 2798 Stadt,
2593 2738 2703 2798 dieses
2732 2745 2837 2805 Reich
2876 2746 2947 2806 war
2976 2753 3180 2813 ersichtlich
3214 2756 3313 2816 nicht

2440 2787 2479 2847 an
2525 2789 2769 2849 Bewegtheit,
2804 2796 2843 2856 an
2895 2800 3156 2860 Verfeinerung
3202 2807 3333 2867 besaßt,

2447 2837 2683 2897 Melancholie
2712 2843 2827 2903 seines
2855 2849 3037 2909 Welkens,
3060 2852 3131 2912 dies
3165 2854 3236 2914 war
3259 2855 3286 2915 in
3319 2855 3346 2915 il

2444 2888 2612 2948 männer,
2630 2890 2682 2950 die
2712 2894 2845 2954 kleinen
2881 2897 3072 2957 Offiziere,
3096 2900 3148 2960 die
3173 2903 3329 2963 Haltung

2443 2935 2516 2995 ihre
2540 2938 2686 2998 lautlose
2715 2944 2987 3004 Vornehmheit,
3005 2947 3055 3007 die
3078 2950 3281 3010 Diskretion
3310 2956 3349 3016 un

2443 2986 2658 3046 Passionen:
2681 2989 2725 3049 sie
2753 2992 2824 3052 sind
2858 2995 2918 3055 das
2946 2998 3189 3058 Kennzeichen
3223 3002 3333 3062 seiner

2444 3037 2570 3097 fängen
2607 3037 2635 3097 in
2670 3040 2786 3100 seinem
2839 3046 3035 3106 „Anatol",
3060 3049 3106 3109 wo
3141 3049 3222 3109 noch
3257 3052 3338 3112 fran

2441 3085 2571 3145 jungen
2611 3088 2701 3148 Arzt
2724 3089 2752 3149 in
2793 3091 2843 3151 die
2877 3094 2990 3154 Feder
3019 3097 3081 3157 lief
3104 3097 3143 3157 n,
3167 3100 3251 3160 aber
3280 3100 3313 3160 er

2442 3134 2531 3194 ganz
2560 3135 2757 3195 Österreich
2792 3141 2859 3201 und
2888 3144 2978 3204 ganz
3007 3146 3209 3206 Schnitzler
3238 3148 3328 3208 war,

2440 3180 2463 3240 im
2511 3186 2717 3246 „Einsamen
2753 3189 2876 3249 Weg",
2895 3191 2924 3251 im
2972 3195 3065 3255 „Ruf
3090 3196 3148 3256 des
3172 3198 3307 3258 Lebens

2438 3231 2554 3291 seinen
2586 3238 2982 3298 Meistergeschichten,
2999 3243 3067 3303 und
3094 3246 3215 3306 immer
3242 3249 3352 3309 wiede

2434 3282 2653 3342 zweifelnde
2677 3289 2891 3349 Selbstling,
2915 3292 2972 3352 dem
3013 3293 3053 3353 am
3094 3294 3192 3354 Ende
3216 3297 3273 3357 das
3297 3298 3342 3358 G.

2436 3332 2706 3392 dominierende
2739 3338 2885 3398 Gestalt
2913 3341 3026 3401 seines
3059 3344 3221 3404 Werkes.
3243 3347 3335 3407 Stets

2424 3381 2674 3441 Zweifelnden
2704 3386 2768 3446 der
2798 3389 2885 3449 Tod,
2909 3392 2973 3452 und
3003 3392 3095 3452 diese
3125 3392 3247 3452 beiden
3283 3395 3334 3455 Mo

2437 3429 2495 3489 dem
2543 3434 2754 3494 Schicksal,
2776 3439 2882 3499 füllen
2919 3440 2950 3500 in
2983 3440 3067 3500 stets
3094 3443 3322 3503 erneuerten,

2431 3482 2642 3542 manchmal
2675 3485 2762 3545 auch
2800 3488 3050 3548 gekünstelten
3094 3494 3332 3554 Verwandlun

2432 3529 2505 3589 war
2538 3529 2638 3589 wohl
2665 3535 2871 3595 bestimmt,
2909 3538 2982 3598 eine
3020 3541 3232 3601 verfeinerte
3280 3544 3343 3604 und
