3392 4352
2159 151 2463 211 .

1664 164 1800 224 n

2341 178 2397 238 alle
2423 168 2547 228 Größen
2574 163 2585 223 S

2141 224 2473 284 Veloursflenell-Bluser

1638 230 1855 290 uenklelder

2349 250 2409 310 alle
2430 242 2552 302 Groben
2573 234 2586 294 S
2621 225 2640 285 4

1643 266 1793 326 mongol,
1801 256 1842 316 vor

1662 292 1776 352 schwarz
1807 285 1853 345 und

2139 300 2440 360 Fienell-Hausklelde

2360 324 2424 384 alle
2439 316 2562 376 dröben
2584 309 2591 369 s
2628 298 2685 358 6%

1645 327 1663 387 lo
1692 319 1812 379 Größen
1836 311 1849 371 S

2147 375 2452 435 Flanell-Schlaftöcke

2370 398 2432 458 alle
2448 390 2564 450 Grösen
2589 384 2603 444 S
2635 369 2689 429 79

1641 390 1824 450 urklelder

1647 430 1674 490 en
1707 426 1767 486 oder
1795 416 1864 476 Woll

2157 443 2594 503 Relnselden-Crepe-de-Chine

1647 457 1705 517 obte
1759 445 1868 505 Frauen¬

2372 486 2427 546 ane
2444 475 2562 535 drosen
2587 469 2602 529 S
2627 461 2657 521 12
2682 453 2697 513 9

1644 484 1684 544 lle
1705 479 1826 539 Größon
1852 471 1862 531 S

2198 493 2303 553 Blusen

2160 529 2595 589 Doppelschnünsamt-Schlaf¬

1655 550 1923 610 Frauenklelder

2369 571 2428 631 alle
2451 561 2570 621 Grösen
2593 554 2607 614 S
2631 544 2697 604 139

2202 578 2296 638 rocke

1671 592 1737 652 gute
1754 581 1853 641 Paßform

633 589 1344 649 OBSERVER

1646 623 1698 683 ie
1723 614 1839 674 Grösen
1864 608 1880 668 S

719 664 744 724 I.
757 663 876 723 österr.
889 660 1038 720 behördl.
1051 655 1357 715 konzessioniertes

670 703 906 763 Unternehmen
937 699 987 759 für
1009 697 1402 757 Zeitungs-Ausschnitte

725 759 873 819 WIEN,
900 761 951 821 I.,
977 757 1260 817 WOLLZEILE
1306 754 1351 814 11

813 810 1036 870 TELEPHON
1073 807 1250 867 R-23-0-43

1696 864 1922 924 eiten
2019 845 2150 905 u.
2174 833 2608 893 Längen

623 953 847 1013 Ausschnitt
875 950 971 1010 aus:

630 1073 741 1133 Neus
792 1067 983 1127 Wiener
1028 1058 1353 1118 Jourhel,Wi

2436 1115 2582 1175 P10

765 1125 1090 1185 .Pktooer
1137 1115 1289 1175 1331.

629 1180 747 1240 vom:

564 1363 945 1423 Artur
1033 1363 1693 1423 Schnitzlek
1781 1369 2290 1429 erzählt,
2356 1374 2567 1434 wie
2655 1371 2759 1431 er

883 1534 981 1594 za
1096 1538 1465 1598 seinem
1623 1540 2077 1600 Anatot
2150 1542 2461 1602 lam.

788 1665 904 1725 Die
959 1664 1321 1724 Zerstörung
1387 1664 1546 1724 einer
1601 1670 2199 1730 literarhistorischen
2264 1672 2573 1732 Illusion.

1637 1739 1708 1799 Von

1454 1819 1578 1879 Carl
1612 1824 1912 1884 Marilaun.

579 1889 683 1949 Leicht
712 1894 922 1954 vorgebeugt,
951 1892 999 1952 die
1028 1891 1252 1951 verschränkten
1295 1893 1392 1953 Arme
1428 1894 1540 1954 bequem
1590 1894 1667 1954 aufs
1696 1896 1955 1956 Lustspielszene.
1977 1897 2060 1957 „Sie
2082 1898 2172 1958 schien
2208 1900 2313 1960 mir",
2335 1900 2467 1960 erzählte
2496 1904 2544 1964 er,
2574 1904 2685 1964 „völlig
2714 1903 2882 1963 belanglos

466 1941 680 2001 Schreibpult
709 1941 850 2001 gelehnt,
879 1941 906 2001 in
941 1940 997 2000 der
1026 1938 1121 1998 Stirn
1161 1941 1228 2001 noch
1263 1941 1375 2001 immer
1410 1941 1460 2001 die
1494 1941 1652 2001 berühmte

1699 1941 1755 2001 und
1807 1946 1964 2006 ungefähr
2016 1945 2066 2005 als
2117 1946 2190 2006 das,
2230 1947 2297 2007 was
2349 1947 2422 2007 man
2479 1951 2506 2011 zu
2564 1951 2648 2011 jener
2699 1950 2766 2010 Zeit
2812 1950 2879 2010 eine

466 1987 548 2047 aber
582 1989 658 2049 grau
725 1989 785 2049 und
824 1989 901 2049 wirr
935 1989 1122 2049 gewordene
1156 1989 1453 2049 Schnitzler=Locke,
1504 1991 1580 2051 steht
1614 1992 1668 2052 der
1707 1992 1900 2052 „Plauderei
1929 1992 1989 2052 aus
2022 1992 2071 2052 dem
2122 1994 2374 2054 Französischen"
2409 1995 2546 2055 nannte.
2574 1997 2629 2057 Die
2662 1998 2717 2058 dem
2762 1996 2888 2056 Anatol

475 2037 571 2097 kleine
605 2039 701 2099 große
735 2037 837 2097 Mann
877 2037 939 2097 und
996 2037 1109 2097 spricht
1160 2039 1222 2099 mit
1273 2039 1363 2099 jener
1415 2037 1663 2097 faszinierenden

1697 2038 1779 2098 dann
1821 2043 2063 2103 nachgerühmte
2093 2043 2305 2103 „wienerische
2342 2043 2441 2103 Note"
2477 2046 2559 2106 hatte
2596 2047 2636 2107 ich
2690 2046 2748 2106 gar
2802 2046 2884 2106 nicht

479 2086 726 2146 Plauderkunst,
750 2086 796 2146 die
827 2085 979 2145 bedauern
1016 2087 1097 2147 läßt,
1121 2088 1174 2148 daß
1216 2088 1286 2148 man
1328 2088 1369 2148 ein
1405 2088 1575 2148 „Gespräch
1611 2086 1670 2146 mit
1700 2088 1918 2148 beabsichtigt.
1942 2091 2006 2151 Die
2036 2091 2129 2151 kleine
2165 2092 2266 2152 Szene
2302 2092 2366 2152 war
2402 2092 2513 2152 einfach
2550 2094 2602 2154 die
2632 2094 2749 2154 Frucht
2797 2095 2884 2155 jenes

466 2133 579 2193 Artur
608 2135 799 2195 Schnitzler“
839 2136 1025 2196 bekanntlich
1065 2136 1143 2196 nicht
1178 2137 1510 2197 aufstenographieren
1551 2136 1657 2196 durfte

1706 2137 1842 2197 fleißigen
1878 2138 2239 2198 Burgtheaterbesuchs,
2287 2141 2316 2201 zu
2375 2141 2428 2201 dem
2476 2140 2517 2200 ich
2554 2139 2577 2199 im
2625 2141 2730 2201 Hause
2761 2141 2878 2201 meines

467 2189 549 2249 „Ich
579 2183 631 2243 lese
662 2183 862 2243 Interviews
892 2184 968 2244 recht
993 2185 1110 2245 gern",
1129 2184 1217 2244 hatte
1241 2183 1270 2243 er
1300 2186 1394 2246 zuvor
1424 2186 1541 2246 gesagt.
1566 2184 1665 2244 „Aber

1703 2183 1814 2243 Vaters
1850 2186 1974 2246 erzogen
2010 2186 2128 2246 worden
2164 2187 2252 2247 war.
2276 2189 2359 2249 Aber
2389 2189 2607 2249 „Dichtung"?
2637 2189 2737 2249 Nein.
2761 2189 2808 2249 So
2838 2189 2884 2249 oft

475 2231 502 2291 es
536 2231 645 2291 müssen
679 2232 728 2292 die
751 2231 884 2291 anderen
923 2231 999 2291 sein,
1022 2231 1066 2291 die
1094 2232 1160 2292 ihre
1188 2234 1276 2294 Haut
1304 2235 1331 2295 zu
1365 2231 1497 2291 Markte
1520 2234 1652 2294 tragen!

1700 2233 1740 2293 ich
1775 2233 1855 2293 diese
1891 2234 1959 2294 erste
1994 2234 2201 2294 Anatolszene
2237 2235 2265 2295 in
2306 2237 2444 2297 späteren
2485 2238 2605 2298 Jahren
2647 2237 2727 2297 dann
2768 2237 2882 2297 wieder

476 2283 544 2343 Für
568 2281 642 2341 seine
666 2282 780 2342 Person
810 2279 890 2339 hatte
914 2280 942 2340 er
965 2279 1045 2339 nicht
1070 2281 1109 2341 die
1133 2282 1288 2342 geringste
1312 2281 1472 2341 Neigung,
1490 2282 1663 2342 Monologe

1700 2282 1906 2342 durchgelesen
1948 2282 2018 2342 oder
2048 2282 2101 2342 auf
2132 2283 2213 2343 einer
2244 2285 2361 2345 Bühne
2392 2286 2509 2346 gesehen
2545 2286 2639 2346 habe,
2663 2285 2811 2345 versuchte
2841 2285 2881 2345 ich

478 2332 509 2392 zu
548 2330 668 2390 halten,
695 2330 745 2390 die
778 2330 847 2390 man
886 2330 1014 2390 hernach
1047 2327 1097 2387 als
1130 2330 1320 2390 Aeußerung
1359 2330 1449 2390 eines
1481 2329 1659 2389 berühmten
1698 2330 2018 2390 herauszubringen,
2038 2332 2081 2392 wo
2114 2332 2145 2392 da
2178 2333 2222 2393 die
2255 2333 2446 2393 sogenannte
2472 2334 2599 2394 „eigene
2626 2332 2727 2392 Note"
2760 2332 2804 2392 ist.
2830 2332 2880 2392 Ich

474 2377 688 2437 Zeitgenossen
726 2377 756 2437 in
794 2377 843 2437 die
874 2376 1009 2436 Zeitung
1046 2377 1175 2437 bringt.

1700 2380 1773 2440 habe
1802 2375 1841 2435 sie
1877 2380 1921 2440 nie
1956 2380 2252 2440 herausgefunden!

1802 2426 1868 2486 Und
1898 2427 2002 2487 Artur
2033 2428 2197 2488 Schnitzler
2227 2428 2361 2488 lächelte
2384 2428 2451 2488 mit
2474 2428 2727 2488 unbekehrbarer
2758 2431 2891 2491 Ironie,

582 2432 668 2492 Teis
697 2433 777 2493 stand
807 2433 876 2493 man
905 2434 969 2494 also
993 2434 1021 2494 in
1050 2432 1102 2492 der
1125 2434 1437 2494 Sternwartestraße
1461 2434 1507 2494 als
1530 2435 1668 2495 Berufs¬

473 2480 587 2540 mensch
623 2482 904 2542 Tantalusqualen
939 2482 1019 2542 aus,
1043 2482 1129 2542 wenn
1170 2482 1274 2542 Artur
1309 2482 1493 2542 Schnitzler,
1522 2481 1648 2541 nachdem
1701 2477 1752 2537 als
1781 2476 1821 2536 ich
1856 2476 1930 2536 mich
1966 2476 2150 2536 respektvoll
2174 2476 2323 2536 entrüstet
2358 2478 2519 2538 weigerte,
2548 2477 2623 2537 diese
2652 2478 2882 2538 Demolierung

475 2531 507 2591 er
536 2530 711 2590 Vertrauen
751 2531 871 2591 gefaßt,
894 2530 976 2590 seine
1004 2530 1219 2590 blendendsten
1253 2530 1434 2590 Bonmots,
1484 2529 1660 2589 Antithesen
1700 2524 1826 2584 unserer
1854 2524 2025 2584 Illusionen
2058 2525 2107 2585 zur
2130 2524 2290 2584 Kenntnis
2318 2527 2345 2587 zu
2379 2527 2521 2587 nehmen.
2544 2527 2587 2587 Er
2610 2527 2747 2587 erzählte
2770 2527 2891 2587 weiter.

1703 2572 1801 2632 Jenem
1848 2573 2160 2633 Lustspielszenchen,
2184 2574 2276 2634 dessen
2318 2574 2392 2634 Held
2428 2574 2578 2634 übrigens
2619 2574 2682 2634 noch
2718 2574 2775 2634 gar
2810 2574 2890 2634 nicht

472 2577 536 2637 und
574 2577 785 2637 scharmanten
823 2577 996 2637 Bosheiten
1034 2578 1125 2638 fertig
1163 2579 1298 2639 geprägt
1331 2577 1390 2637 nur
1423 2579 1450 2639 so
1488 2577 1542 2637 aus
1602 2577 1655 2637 den

1701 2620 1838 2680 Anatol,
1863 2622 1989 2682 sondern
2026 2620 2152 2680 Richard
2189 2619 2260 2679 oder
2291 2622 2411 2682 Robert
2442 2623 2526 2683 hieß,
2551 2622 2646 2682 folgte
2677 2622 2743 2682 eine
2773 2622 2893 2682 zweite,

478 2627 610 2687 Aermel
632 2628 797 2688 schüttelte.
820 2627 897 2687 Aber
919 2625 1001 2685 dann
1030 2625 1106 2685 nahm
1145 2625 1200 2685 das
1228 2627 1377 2687 Gespräch
1405 2625 1470 2685 eine
1493 2628 1652 2688 Wendung

476 2676 527 2736 bei
551 2676 608 2736 der
637 2676 729 2736 man,
752 2674 855 2734 würde
891 2674 959 2734 man
994 2675 1080 2735 einen
1115 2673 1259 2733 Bleistift
1283 2673 1311 2733 in
1346 2673 1398 2733 der
1427 2675 1519 2735 Hand
1554 2674 1668 2734 gehabt
1704 2670 1807 2730 ebenso
1842 2669 1991 2729 beiläufig
2026 2668 2257 2728 dramatisierte
2286 2667 2476 2727 Plauderei.
2505 2668 2568 2728 Und
2603 2669 2672 2729 viel
2701 2667 2798 2727 später
2834 2669 2891 2729 erst

1700 2717 1751 2777 kam
1792 2715 1959 2775 Schnitzler
1989 2715 2041 2775 der
2070 2715 2231 2775 Gedanke,
2255 2715 2301 2775 die
2331 2716 2353 2776 in
2388 2716 2486 2776 seiner
2515 2718 2793 2778 Schreibtischlade
2822 2717 2891 2777 auf¬

475 2723 593 2783 haben,
628 2724 678 2784 ihn
718 2724 961 2784 wahrscheinlich
1024 2722 1199 2782 eingesteckt
1256 2721 1357 2781 hätte.
1409 2721 1505 2781 Denn
1567 2721 1668 2781 Artur

472 2771 646 2831 Schnitzler
675 2769 793 2829 begann
839 2767 895 2827 nun
930 2766 946 2826 —
1003 2767 1075 2827 über
1110 2768 1211 2828 Artur
1245 2768 1414 2828 Schnitzler
1454 2768 1482 2828 zu
1516 2768 1674 2828 sprechen,
1703 2763 1888 2823 gestöberten
1923 2762 2074 2822 Einakter
2104 2764 2132 2824 zu
2166 2765 2363 2825 vereinigen.
2391 2765 2453 2825 Der
2482 2765 2617 2825 Erfolg,
2640 2765 2690 2825 den
2730 2763 2887 2823 „Anatol"

473 2819 537 2879 mit
561 2818 649 2878 einem
691 2818 720 2878 so
744 2818 973 2878 weitgehenden
1009 2816 1156 2876 kritischen
1192 2816 1356 2876 Freimut,
1380 2817 1432 2877 daß
1468 2819 1532 2879 man
1568 2817 1662 2877 gegen
1699 2813 1751 2873 bei
1781 2811 1833 2871 der
1869 2813 2133 2873 Erstaufführung
2175 2813 2263 2873 fand,
2294 2813 2364 2873 war
2400 2813 2464 2873 nach
2500 2813 2558 2873 dem
2606 2813 2793 2873 Empfinden
2835 2810 2887 2870 des

1703 2861 1844 2921 Dichters
1880 2861 2038 2921 eigentlich
2074 2861 2227 2921 durchaus
2263 2861 2345 2921 nicht
2393 2861 2664 2921 überwältigend.
2711 2861 2775 2921 Und
2835 2860 2887 2920 als

472 2867 552 2927 diese
585 2867 665 2927 Art,
693 2867 773 2927 einen
812 2865 935 2925 Dichter
968 2865 1000 2925 zu
1033 2864 1140 2924 sehen,
1168 2865 1238 2925 gern
1276 2864 1319 2924 ein
1357 2864 1437 2924 paar
1476 2864 1669 2924 respektvolle

1704 2910 1799 2970 später
1824 2909 1877 2969 der
1896 2911 1992 2971 große
2017 2909 2125 2969 Erfolg
2150 2909 2233 2969 kam,
2252 2910 2317 2970 war
2336 2909 2505 2969 Schnitzler
2530 2909 2601 2969 über
2626 2911 2703 2971 diese
2722 2911 2890 2971 „Jugend¬

474 2915 741 2975 Verwahrungen
777 2914 931 2974 eingelegt
963 2912 1060 2972 hätte.
1086 2912 1127 2972 Es
1163 2912 1229 2972 war
1261 2912 1328 2972 eine
1359 2915 1441 2975 nicht
1467 2912 1580 2972 gerade
1611 2910 1672 2970 un¬

473 2962 731 3022 wohlwollende,
755 2962 800 3022 für
831 2959 882 3019 den
911 2959 1043 3019 Versuch
1073 2959 1124 3019 von
1160 2961 1413 3021 Komplimenten
1448 2959 1517 3019 aber
1547 2958 1673 3018 absolut
1702 2956 1822 3016 arbeit“
1864 2958 1967 3018 längst
1997 2957 2308 3017 hinausgewachsen.
2337 2959 2400 3019 „Er
2435 2956 2637 3016 interessierte
2672 2957 2746 3017 mich
2799 2957 2873 3017 kaum

473 3012 749 3072 unempfängliche
778 3010 916 3070 Skepsis,
940 3010 997 3070 mit
1015 3010 1066 3070 der
1096 3010 1124 3070 er
1148 3010 1205 3070 auf
1229 3009 1286 3069 sein
1315 3008 1436 3068 eigenes
1459 3007 1667 3067 dichterisches
1702 3007 1828 3067 mehr",
1853 3007 1933 3067 sagte
1968 3007 2013 3067 er.
2037 3007 2123 3067 „Und
2158 3004 2204 3064 die
2234 3006 2302 3066 eine
2337 3005 2406 3065 oder
2441 3005 2556 3065 andere
2586 3004 2677 3064 dieser
2712 3004 2798 3064 heute
2828 3004 2885 3064 von

1702 3054 1746 3114 ein
1778 3053 1861 3113 paar
1887 3052 2002 3112 Leuten
2035 3054 2098 3114 fast
2124 3054 2246 3114 klassisch
2278 3055 2457 3115 genannten
2496 3055 2707 3115 Szenenreihe
2740 3055 2809 3115 kann
2842 3056 2886 3116 ich

472 3063 620 3123 Schaffen
654 3061 681 3121 zu
715 3060 847 3120 sprechen
881 3058 925 3118 kam
970 3058 1024 3118 und
1058 3057 1102 3117 bei
1130 3056 1223 3116 dieser
1251 3057 1456 3117 Gelegenheit
1484 3055 1550 3115 auch
1578 3055 1655 3115 gleic

473 3109 541 3169 eine
577 3109 651 3169 allen
692 3106 818 3166 Wiener
853 3106 1152 3166 Literarhistorikern
1193 3106 1279 3166 teuer
1314 3106 1492 3166 gewordene
1522 3103 1659 3163 Illusion
1700 3101 1850 3161 geradezu
1885 3100 1965 3160 nicht
1989 3102 2074 3162 mehr
2104 3103 2334 3163 ausstehen...

1801 3147 1975 3207 Uebrigens
2004 3147 2045 3207 ist
2067 3147 2094 3207 es
2123 3149 2312 3209 interessant
2341 3147 2396 3207 und
2432 3147 2515 3207 wohl
2545 3147 2614 3207 kaum
2657 3148 2804 3208 bekannt,
2826 3148 2881 3208 daß

471 3156 643 3216 zerstörte.

586 3206 628 3266 Er
659 3204 794 3264 erzählte
819 3203 953 3263 nämlich
984 3201 1026 3261 die
1052 3202 1425 3262 Entstehungsgeschichte
1456 3201 1547 3261 seiner
1579 3198 1670 3258 welt¬
1695 3196 1940 3256 Mitterwurzer
1971 3196 2056 3256 eines
2088 3198 2191 3258 Tages
2222 3198 2283 3258 mit
2314 3198 2363 3258 dem
2412 3198 2534 3258 Antrag
2566 3196 2651 3256 kam,
2676 3195 2724 3255 den
2762 3195 2884 3255 Anatol

1694 3246 1806 3306 spielen
1842 3246 1870 3306 zu
1912 3246 2035 3306 wollen.
2066 3246 2106 3306 Er
2136 3246 2289 3306 wünschte
2319 3246 2407 3306 aber,
2437 3246 2489 3306 daß
2525 3246 2572 3306 ihm
2620 3243 2784 3303 Schnitzler
2820 3243 2884 3303 eine

468 3254 621 3314 berühmt
646 3252 849 3312 gewordenen
886 3250 1212 3310 „Anatol"=Szenen,
1232 3249 1292 3309 und
1324 3249 1379 3309 das
1404 3249 1471 3309 war
1502 3249 1588 3309 wohl
1613 3246 1662 3306 das

476 3302 707 3362 scharmanteste
735 3300 861 3360 Kapitel
884 3299 1220 3359 Literaturgeschichte,
1243 3297 1293 3357 das
1326 3297 1392 3357 man
1426 3297 1453 3357 je
1475 3297 1530 3357 von
1564 3296 1646 3356 einem
1691 3295 1795 3355 Szene
1823 3294 2032 3354 hinzudichten
2061 3294 2165 3354 möge.
2183 3294 2243 3354 Und
2277 3294 2331 3354 auf
2354 3294 2397 3354 die
2420 3294 2541 3354 Frage,
2558 3294 2624 3354 was
2652 3293 2712 3353 dies
2735 3291 2784 3351 für
2823 3292 2883 3352 eine

472 3350 600 3410 Dichter
639 3349 843 3409 vernommen
882 3347 951 3407 hat.
1000 3345 1107 3405 Dieser
1146 3346 1286 3406 Anatol,
1313 3344 1426 3404 junger
1464 3344 1561 3404 Mann
1604 3342 1663 3402 aus
1697 3341 1798 3401 Szene
1831 3341 1884 3401 sein
1923 3341 2008 3401 solle,
2031 3343 2117 3403 sagte
2144 3341 2386 3401 Mitterwurzer
2419 3341 2483 3401 nach
2522 3341 2640 3401 einigem
2684 3338 2888 3398 Ueberlegen:

1697 3389 1881 3449 „Schließen
1910 3391 1967 3451 Sie
1991 3389 2042 3449 den
2072 3389 2181 3449 Zyklus
2211 3389 2268 3449 mit
2286 3388 2447 3448 „Anatols
2470 3386 2556 3446 Tod“
2586 3386 2654 3446 ab!"
2684 3386 2724 3446 Es
2747 3386 2810 3446 war
2834 3386 2879 3446 die

475 3401 568 3461 gutem
608 3398 724 3458 Hause,
746 3395 801 3455 und
829 3398 885 3458 sein
918 3395 1056 3455 geistiger
1079 3392 1217 3452 Habitus
1245 3393 1339 3453 haben
1373 3392 1561 3452 bekanntlich
1589 3392 1655 3452 eine

1700 3437 1778 3497 Idee
1801 3438 1880 3498 eines
1909 3440 2095 3500 Tragöden,
2113 3439 2169 3499 mit
2193 3437 2243 3497 der
2266 3437 2316 3497 sich
2345 3437 2509 3497 Schnitzler
2538 3437 2616 3497 nicht
2639 3437 2668 3497 zu
2697 3434 2877 3494 befreunden

474 3449 616 3509 ganzen,
638 3446 711 3506 ums
743 3446 785 3506 fin
817 3445 854 3505 de
881 3443 970 3503 siècle
997 3443 1144 3503 lebenden
1182 3441 1239 3501 und
1272 3442 1429 3502 liebenden
1472 3440 1661 3500 Generation

1699 3488 1886 3548 vermochte.
1903 3488 1980 3548 Aber
2008 3488 2035 3548 er
2058 3487 2207 3547 skizzierte
2230 3485 2389 3545 immerhin
2423 3485 2472 3545 den
2496 3485 2650 3545 Entwurf
2672 3485 2749 3545 eines
2777 3483 2865 3543 neuen

475 3497 588 3557 junger
616 3496 734 3556 Herren
772 3494 820 3554 ihr
848 3494 966 3554 Gesicht
994 3494 1102 3554 geben.
1124 3491 1188 3551 Und
1221 3492 1253 3552 es
1281 3493 1350 3553 galt
1378 3491 1426 3551 als
1459 3488 1658 3548 ausgemacht

472 3544 534 3604 daß
568 3545 697 3605 Anatol
726 3541 782 3601 das
816 3538 1080 3598 liebenswürdige
1115 3538 1351 3598 Selbstporträt
1397 3538 1452 3598 des
1509 3536 1666 3596 zwanzig=
1702 3532 1746 3592 die
1781 3535 1994 3595 Szenenreihe
2029 3535 2265 3595 abschließenden
2310 3532 2490 3592 Einakters.
2519 3534 2586 3594 Der
2620 3532 2772 3592 Entwurf
2801 3530 2873 3590 blieb

1695 3584 1813 3644 liegen,
1841 3583 2083 3643 Mitterwurzer
2116 3583 2213 3643 starb.
2262 3582 2327 3642 Und
2365 3580 2467 3640 damit
2500 3580 2564 3640 war
2603 3580 2645 3640 die
2678 3580 2759 3640 Idee
2792 3580 2878 3640 eines

476 3592 619 3652 jährigen
662 3591 810 3651 Dichters
847 3589 900 3649 sei.

1696 3631 1835 3691 Anatol,
1858 3634 1949 3694 dessen
1988 3633 2106 3693 Gesicht
2134 3631 2160 3691 in
2194 3631 2247 3691 der
2280 3631 2474 3691 Darstellung
2507 3628 2767 3688 Mitterwurzers
2800 3628 2885 3688 wohl

585 3649 723 3709 „Davon
758 3646 798 3706 ist
828 3646 902 3706 aber
932 3646 1017 3706 nicht
1047 3646 1087 3706 ein
1129 3646 1220 3706 Wort
1256 3645 1382 3705 wahr",
1429 3647 1509 3707 sagte
1562 3643 1665 3703 Artur

1695 3682 1811 3742 andere
1838 3683 1922 3743 Zügé
1954 3682 2001 3742 als
2033 3682 2075 3742 die
2107 3680 2185 3740 eines
2218 3679 2328 3739 jungen
2365 3679 2502 3739 Mannes
2534 3679 2592 3739 aus
2619 3679 2708 3739 gutem
2751 3677 2877 3737 Wiener

481 3700 647 3760 Schnitzler
680 3697 739 3757 mit
767 3697 853 3757 jener
886 3696 1204 3756 unnachahmlichen,
1226 3693 1361 3753 heiteren
1394 3691 1534 3751 Ironie,
1562 3691 1604 3751 die
1637 3691 1669 3751 er

472 3744 509 3804 in
547 3746 606 3806 sein
644 3744 767 3804 Lächeln
806 3744 887 3804 legen
930 3744 1054 3804 konnte.
1081 3746 1157 3806 „Ich
1195 3741 1302 3801 mußte
1335 3738 1448 3798 immer
1487 3738 1524 3798 ein
1567 3737 1664 3797 wenig
1697 3731 1798 3791 Hause
1821 3729 1966 3789 getragen
1999 3729 2095 3789 hätte,
2118 3727 2166 3787 für
2188 3726 2301 3786 immer
2328 3725 2495 3785 begraben.

1796 3782 1845 3842 Im
1890 3778 2139 3838 Weitersprechen
2178 3775 2294 3835 streifte
2323 3774 2421 3834 Artur
2456 3776 2621 3836 Schnitzler
2655 3774 2721 3834 noch
2755 3774 2876 3834 manche

474 3795 604 3855 lachen,
629 3794 720 3854 wenn
760 3792 820 3852 mir
856 3792 901 3852 die
937 3792 1052 3852 Kritik,
1083 3789 1128 3849 die
1163 3789 1374 3849 sogenannten
1415 3786 1571 3846 Verehrer
1607 3784 1666 3844 und

1690 3828 2066 3888 Entstehungsgeschichte
2095 3824 2194 3884 später
2223 3822 2427 3882 erschienener
2461 3822 2582 3882 Werke,
2627 3822 2682 3882 von
2722 3822 2810 3882 denen
2849 3823 2876 3883 er

474 3840 526 3900 die
559 3842 844 3902 Literarhistoriker
871 3838 976 3898 tiefere
1003 3837 1224 3897 Beziehungen
1257 3838 1288 3898 zu
1320 3834 1436 3894 meinem
1484 3834 1605 3894 Anatol

477 3890 702 3950 nachwiesen!“
734 3888 800 3948 Wie
831 3888 903 3948 aber
934 3888 980 3948 sah
1011 3886 1041 3946 es
1073 3885 1134 3945 mit
1160 3885 1252 3945 dieser
1283 3885 1339 3945 zum
1386 3882 1657 3942 Literaturdogma
1699 3877 1791 3937 vieles
1817 3876 1878 3936 nur
1899 3875 1955 3935 mit
1977 3873 2084 3933 starken
2115 3873 2258 3933 kritischen
2290 3873 2500 3933 Vorbehalten
2526 3872 2618 3932 gelten
2649 3872 2736 3932 lassen
2762 3873 2880 3933 wollte.

478 3940 682 4000 gewordenen
725 3935 1124 3995 Anatolverwandtschaft,
1146 3932 1205 3992 von
1243 3932 1297 3992 der
1330 3932 1378 3992 die
1411 3929 1658 3989 Feuilletonisten
1697 3925 1745 3985 So
1772 3923 1825 3983 gab
1853 3923 1879 3983 er
1902 3923 1955 3983 zum
1998 3922 2133 3982 Beispiel
2155 3920 2246 3980 seinen
2279 3920 2365 3980 „Ruf
2387 3919 2435 3979 des
2462 3920 2597 3980 Lebens"
2619 3920 2678 3980 fast
2695 3920 2872 3980 vollständig

1696 3972 1793 4032 preis.
1815 3970 1858 4030 Er
1885 3971 1971 4031 sagte
1999 3971 2149 4031 wörtlich:
2177 3969 2257 4029 „Der
2286 3968 2360 4028 erste
2388 3968 2447 4028 Akt
2469 3968 2506 4028 ist
2528 3968 2771 4028 ausgezeichnet,
2793 3969 2857 4029 beim

478 3989 742 4049 jahrzehntelang
775 3984 877 4044 gelebt
910 3983 1028 4043 haben,
1056 3983 1082 4043 in
1121 3978 1326 4038 Wirklichkeit
1359 3978 1439 4038 aus?
1477 3980 1536 4040 Der
1575 3976 1666 4036 junge

1699 4022 1817 4082 zweiten
1844 4020 1914 4080 gehe
1936 4021 1973 4081 ich
2001 4020 2065 4080 noch
2093 4019 2163 4079 mit,
2180 4018 2228 4078 den
2255 4016 2368 4076 dritten
2396 4016 2465 4076 aber
2488 4016 2606 4076 streiche
2629 4016 2660 4076 ich
2688 4019 2774 4079 heute
2796 4016 2876 4076 glatt

479 4035 565 4095 Arzt
588 4037 651 4097 Dr.
675 4035 848 4095 Schnitzler
877 4032 1004 4092 schrieb,
1027 4031 1102 4091 ohne
1132 4030 1177 4090 die
1207 4030 1438 4090 allergeringste
1473 4026 1588 4086 Absicht
1617 4024 1668 4084 auf

476 4088 528 4148 ein
569 4086 760 4146 eventuelles
794 4085 1093 4145 Berühmtwerden,
1120 4080 1180 4140 aus
1220 4080 1272 4140 dem
1340 4076 1545 4136 Handgelenk
1599 4076 1664 4136 eine
1698 4074 1824 4134 durch!"
1852 4073 1917 4133 Ihn
1958 4071 2023 4131 noch
2057 4070 2169 4130 einmal
2197 4067 2369 4127 schreiben?
2403 4071 2495 4131 „Ja,"
2529 4068 2608 4128 sagte
2636 4067 2668 4127 er
2695 4071 2787 4131 rasch,
2815 4070 2874 4130 „ich
