3392 4384
1381 398 1515 458 box
1591 404 1783 464 44/3

110 401 229 461 12.
280 404 876 464 Schnitzler's
947 402 1184 462 Death

130 1073 248 1133 ER

93 1130 262 1190 sioniertes

94 1178 295 1238 Ausschnitte

92 1245 141 1305 LE
184 1242 224 1302 11

96 1470 258 1530 Leitung,
269 1454 360 1514 Mlen

216 1557 331 1617 1932

91 1583 178 1643 1.

1229 1775 1344 1835 Form,
1367 1775 1428 1835 mit
1456 1775 1683 1835 Sockelschrift
1706 1774 1767 1834 und
1795 1775 1956 1835 Porträt,
1979 1772 2078 1832 nennt

308 1778 480 1838 Porträt.
501 1778 593 1838 Wird
627 1778 660 1838 es
694 1777 773 1837 aber
807 1777 866 1837 erst
894 1775 1026 1835 einmal
1053 1778 1079 1838 in
1120 1774 1172 1834 der

1372 1823 1566 1883 böswillige
1645 1823 1923 1883 Künstlerjargon
2007 1820 2073 1880 eine

314 1828 510 1888 Landschaft
540 1827 660 1887 stehen,
690 1827 718 1887 so
754 1826 840 1886 wird
875 1826 927 1886 die
956 1826 1054 1886 Liebe
1113 1825 1170 1885 des

1222 1871 1494 1931 „Schwitzkiste".
1524 1871 1697 1931 Warum?
1733 1868 1796 1928 Die
1831 1868 2074 1928 Ethymologie

313 1877 555 1937 Verständigen
590 1876 664 1936 dazu
699 1875 861 1935 gehören,
885 1874 924 1934 um
971 1874 1022 1934 die
1069 1874 1172 1934 Fein¬

1227 1920 1289 1980 und
1323 1919 1374 1979 der
1403 1919 1493 1979 Sinn
1528 1919 1635 1979 dieser
1687 1919 1896 1979 abschätzigen
1931 1919 2077 1979 Bezeich¬

309 1925 416 1985 heiten
455 1925 509 1985 des
547 1925 753 1985 Jarayschen
791 1922 992 1982 Entwurfes
1036 1924 1063 1984 zu
1107 1921 1176 1981 ver¬

1222 1966 1310 2026 nung
1344 1966 1382 2026 ist
1411 1967 1611 2027 belanglos.
1651 1966 1739 2026 Aber
1773 1967 1828 2027 auf
1879 1966 1934 2026 dem
2002 1966 2073 2026 Weg

313 1972 435 2032 stehen.
458 1972 545 2032 Denn
586 1972 613 2032 so
646 1972 819 2032 zwingend
858 1970 907 2030 der
936 1971 1102 2031 Entwurf
1130 1969 1157 2029 im

1231 2017 1441 2077 Schnitzlers,
1486 2015 1547 2075 auf
1592 2016 1652 2076 dem
1697 2014 1731 2074 er
1759 2015 1786 2075 so
1814 2014 1870 2074 oft
1892 2013 1942 2073 die
1976 2014 2081 2074 Musil

313 2023 545 2083 geschlossenen
580 2022 676 2082 Raum
722 2020 835 2080 wirken
870 2020 960 2080 mag,
1000 2022 1034 2082 so
1063 2020 1170 2080 wenig

94 2040 244 2100 tzler¬

1229 2065 1290 2125 und
1320 2065 1370 2125 die
1399 2065 1506 2125 Farbe
1535 2064 1642 2124 seiner
1688 2062 1795 2122 Stadt
1835 2062 1965 2122 gesucht

312 2071 371 2131 neu
409 2071 490 2131 wird
517 2071 549 2131 er
577 2071 614 2131 am
663 2069 786 2129 grünen
841 2069 959 2129 Hang,
997 2068 1061 2128 vor
1110 2068 1164 2128 den

1229 2113 1320 2173 dort,
1337 2113 1385 2173 wo
1412 2114 1444 2174 sie
1472 2113 1503 2173 zu
1531 2113 1628 2173 Ende
1650 2112 1730 2172 geht
1753 2110 1811 2170 und
1839 2110 1892 2170 der
1915 2112 1990 2172 Weg
2017 2110 2071 2170 ins

310 2119 494 2179 blühenden
531 2117 610 2177 oder
637 2118 878 2178 verwelkenden
910 2116 1063 2176 Bäumen
1116 2116 1152 2176 am

1224 2163 1324 2223 Freie
1348 2163 1460 2223 führt,
1484 2163 1560 2223 kann
1602 2160 1691 2220 keine
1721 2160 1933 2220 Schwitzkiste
1963 2157 2080 2217 stehen.

310 2168 407 2228 Rand
448 2169 500 2229 des
541 2167 945 2227 Sommerheidenweges
980 2166 1176 2226 erscheinen,

106 2208 269 2268 anderer:

1229 2209 1294 2269 Und
1328 2208 1422 2268 wenn
1461 2209 1499 2269 sie
1527 2208 1599 2268 noch
1632 2208 1666 2268 so
1700 2208 1782 2268 schön
1816 2207 1926 2267 wäre.
1971 2205 2070 2265 Wenn

308 2217 342 2277 in
372 2217 475 2277 dieser
522 2217 724 2277 Landschaft
765 2214 828 2274 von
881 2214 1170 2274 überströmender

1229 2261 1262 2321 sie
1291 2259 1387 2319 gleich
1416 2259 1443 2319 so
1472 2259 1562 2319 schön
1591 2256 1698 2316 wäre,
1744 2256 1805 2316 wie
1834 2256 1884 2316 der
1913 2256 2077 2316 Entwurf

106 2258 229 2318 nihelben

312 2268 376 2328 und
411 2269 594 2329 eigenartig
627 2266 745 2326 herber
772 2265 968 2325 Süßigkeit.

1230 2309 1365 2369 Jarays
1392 2307 1475 2367 schön
1508 2307 1565 2367 ist.

1308 2361 1388 2421 Wer
1416 2362 1513 2422 darum
1563 2364 1611 2424 den
1644 2363 1784 2423 anderen
1817 2361 1980 2421 Entwurf
2002 2361 2083 2421 aus¬

403 2373 447 2433 In
478 2372 582 2432 dieser
606 2370 815 2430 Landschaft,
831 2370 860 2430 in
891 2367 935 2427 die
966 2370 1040 2430 kaum
1078 2370 1167 2430 mehr

100 2376 153 2436 der
182 2370 271 2430 Ent¬

1224 2411 1333 2471 führt,
1357 2413 1408 2473 den
1438 2411 1472 2471 ich
1507 2411 1628 2471 meine,
1652 2411 1687 2471 ist
1710 2411 1918 2471 belangloser
1947 2410 1999 2470 als
2028 2408 2074 2468 die

317 2420 362 2480 ein
392 2420 548 2480 Geräusch
577 2419 629 2479 der
653 2417 733 2477 Hast
751 2418 883 2478 dringt,
902 2418 965 2478 und
988 2420 1052 2480 nur
1076 2420 1167 2480 selten

137 2423 266 2483 Arthur

1222 2461 1393 2521 Tatsache,
1421 2458 1498 2518 daß
1538 2457 1582 2517 ein
1621 2459 1748 2519 Urthur
1782 2454 2087 2514 Schnitzler=Denk¬

316 2469 367 2529 der
396 2468 644 2528 Heurigenlärm
691 2468 747 2528 vom
798 2465 1003 2525 „Römischen
1037 2465 1155 2525 Kaiser

94 2473 139 2533 der
181 2471 266 2531 Ent=

1225 2507 1296 2567 mal
1325 2507 1385 2567 auf
1413 2507 1468 2567 dem
1535 2506 1893 2566 Sommerheidenweg
1949 2504 2081 2564 einmal

311 2522 368 2582 her
398 2519 519 2579 störend
555 2516 816 2576 herübergreift,
839 2516 868 2576 in
904 2517 949 2577 die
979 2514 1175 2574 gleichwohl

95 2522 138 2582 sag
176 2520 264 2580 eines

1227 2556 1282 2616 von
1316 2555 1437 2615 Grund
1482 2555 1547 2615 aus
1581 2557 1703 2617 anders
1753 2555 1814 2615 sein
1847 2555 1941 2615 muß,
1964 2552 2013 2612 als
2041 2549 2074 2609 es

313 2568 377 2628 aus
419 2568 472 2628 der
508 2567 608 2627 neuen
656 2567 714 2627 und
756 2567 898 2627 langsam
951 2564 1163 2624 gewordenen

94 2570 165 2630 hört
191 2570 261 2630 man

1229 2605 1426 2665 Denkmäler
1454 2602 1640 2662 gemeinhin
1675 2602 1759 2662 sind.
1805 2602 1945 2662 Freilich
1997 2599 2081 2659 liegt

313 2614 480 2674 Siedlung
515 2614 700 2674 verzogene
729 2614 798 2674 und
851 2611 1046 2671 verblasene
1076 2611 1173 2671 Töne

96 2620 162 2680 iber
195 2617 267 2677 eine

1227 2653 1309 2713 schon
1349 2653 1404 2713 vor
1438 2653 1503 2713 mi.
1537 2650 1593 2710 der
1621 2650 1792 2710 Entwurf
1821 2650 1908 2710 eines
1949 2647 2081 2707 Wiener

313 2665 402 2725 eines
431 2664 679 2724 Lautsprechers
708 2662 849 2722 fließen,
866 2662 979 2722 schnell
1002 2662 1097 2722 müde
1121 2661 1176 2721 ge¬

88 2674 112 2734 a
171 2665 266 2725 eines

1229 2701 1454 2761 Bildhauers.
1518 2701 1585 2761 Ein
1636 2701 1851 2761 zukünftiges
1902 2698 2083 2758 Denkmal¬

318 2713 448 2773 worden
482 2713 510 2773 in
550 2712 595 2772 all
619 2711 675 2771 der
704 2710 805 2770 freien
839 2710 924 2770 Luft
948 2710 1009 2770 und
1044 2710 1100 2770 sich
1129 2707 1167 2767 an

99 2717 154 2777 der
187 2716 269 2776 Ver=

1227 2751 1359 2811 komitee
1387 2751 1470 2811 wird
1526 2747 1807 2807 möglicherweise
1857 2746 1945 2806 einen
2001 2743 2083 2803 Teil

316 2764 367 2824 der
401 2763 712 2823 Friedhofsmauer
741 2761 825 2821 links
882 2761 944 2821 vom
995 2758 1176 2818 Sommer¬

95 2767 165 2827 schen
205 2764 271 2824 ent=

1229 2800 1327 2860 dieses
1357 2800 1490 2860 Planes
1525 2797 1577 2857 bei
1601 2797 1711 2857 Jaray
1746 2797 1885 2857 bestellen
1927 2794 1990 2854 und
2019 2791 2071 2851 den

313 2811 505 2871 heidenweg
538 2810 807 2870 geheimnisvoll
847 2809 1022 2869 brechend.
1067 2807 1176 2867 Deut¬

90 2814 277 2874 tstanden,

1228 2846 1362 2906 anderen
1401 2845 1411 2905 —
1487 2844 1594 2904 höchst
1638 2842 1826 2902 fruchtbare
1875 2841 1939 2901 und
1993 2841 2079 2901 neue

319 2859 431 2919 licher,
448 2860 521 2920 aber
550 2859 611 2919 nur
635 2859 673 2919 um
719 2858 764 2918 ein
799 2856 961 2916 weniges,
985 2856 1086 2916 klingt
1109 2853 1170 2913 aus

141 2865 186 2925 sie
213 2865 270 2925 auf

1227 2895 1498 2955 Kollektivarbeit
1532 2893 1653 2953 zweier
1687 2893 1909 2953 Begeisterter
1943 2887 1953 2947 —
2015 2891 2075 2951 von

319 2910 369 2970 dem
415 2907 483 2967 Tal
512 2907 573 2967 aus
608 2907 698 2967 einer
744 2907 891 2967 kleinen,
932 2904 1169 2964 versprengten

142 2913 274 2973 werde.

1229 2943 1279 3003 dem
1331 2943 1522 3003 Bildhauer
1551 2940 1686 3000 schaffen
1726 2942 1844 3002 lassen,
1873 2940 1929 3000 von
1969 2938 2070 2998 dessen

312 2958 582 3018 Buschenschenke
610 2956 777 3016 mitunter
821 2955 869 3015 ein
923 2955 1166 3015 unbeholfenes

96 2961 195 3021 hoch,
216 2961 273 3021 sitzt

1230 2991 1389 3051 Entwurf
1415 2991 1482 3051 hier
1514 2990 1562 3050 die
1588 2988 1680 3048 Rede
1705 2988 1760 3048 ist.

317 3009 553 3069 Heurigenlied
577 3006 640 3066 und
664 3006 878 3066 Weingärten
907 3003 1005 3063 stehen
1035 3003 1069 3063 um
1110 3003 1167 3063 das

90 3012 275 3072 ditierend,

1308 3049 1350 3109 An
1383 3047 1436 3107 den
1469 3047 1566 3107 Rand
1599 3047 1652 3107 des
1685 3044 2083 3104 Sommerheidenwegs,

316 3056 417 3116 Bild,
436 3056 492 3116 das
526 3056 594 3116 hier
617 3056 680 3116 aus
709 3054 861 3114 vielerlei
890 3052 1026 3112 seltener
1055 3051 1173 3111 Eigen¬

92 3059 175 3119 Peite
203 3058 264 3118 und

1221 3098 1305 3158 ohne
1332 3098 1442 3158 Sockel
1464 3098 1526 3158 und
1553 3095 1691 3155 Podest,
1712 3098 1880 3158 abgekehrt
1907 3094 1965 3154 von
1997 3092 2076 3152 aller

318 3105 371 3165 art
396 3104 595 3164 wunderdar
620 3104 945 3164 zusammengebaut
964 3099 1103 3159 scheint:
1127 3098 1175 3158 die

101 3107 263 3167 geliebter

1227 3146 1539 3206 Würdebetonung,
1562 3146 1629 3206 soll
1653 3144 1834 3204 Schnitzler
1857 3143 1976 3203 gehend
2010 3140 2083 3200 dar¬

319 3155 420 3215 letzten
460 3154 561 3214 Villen
596 3152 663 3212 noch
697 3152 759 3212 mit
788 3152 906 3212 kleinen
940 3149 1177 3209 Hausgärten,

100 3158 274 3218 herrlicher

1222 3197 1345 3257 gestellt
1391 3194 1543 3254 werden,
1578 3194 1645 3254 mit
1686 3191 1742 3251 dem
1805 3192 1883 3252 leise
1906 3191 2069 3251 geneigten

317 3206 446 3266 sorgsam
532 3205 730 3265 vorsichtige
782 3200 912 3260 Finger
964 3197 1025 3257 der
1078 3197 1179 3257 merk¬

95 3206 130 3266 de
167 3206 268 3266 ruhen

1225 3245 1326 3305 Kopf,
1344 3245 1406 3305 mit
1424 3245 1474 3305 den
1509 3243 1633 3303 stillen,
1651 3242 1764 3302 klugen
1793 3241 1951 3301 Händen,
1968 3239 1996 3299 in
2025 3236 2081 3296 der

319 3251 510 3311 würdigsten
550 3250 657 3310 Stadt
686 3250 741 3310 der
770 3248 860 3308 Welt
889 3248 1103 3308 vorgreifend
1137 3244 1165 3304 in

95 3256 181 3316 sitzler
205 3254 262 3314 von

319 3301 532 3361 Rebenhügel
567 3301 629 3361 und
663 3299 832 3359 schütteren
895 3296 1013 3356 Wald,
1059 3295 1165 3355 Klang
1217 3292 1522 3352 charakteristischen
1562 3290 1623 3350 Art
1652 3287 1708 3347 des
1743 3289 2002 3349 Unsterblichen,
2025 3285 2064 3345 um

115 3304 179 3364 und
217 3303 269 3363 als

1220 3343 1270 3403 sich
1321 3341 1384 3401 und
1412 3340 1440 3400 in
1469 3340 1520 3400 sich
1566 3338 1758 3398 lauschend.
1792 3337 1882 3397 Dort
1928 3337 1979 3397 wo
2025 3336 2081 3396 der

319 3349 408 3409 einer
437 3349 652 3409 sonderbaren
687 3349 817 3409 Musik,
835 3346 885 3406 die
914 3345 1033 3405 tönend
1062 3343 1179 3403 bleibt,

94 3355 126 3415 um
164 3355 261 3415 neuen

1222 3390 1581 3450 Sommerheidenweg
1609 3388 1670 3448 vom
1709 3385 1913 3445 „Römischen
1947 3383 2057 3443 Kaiser

316 3397 393 3457 auch
427 3398 514 3458 wenn
554 3397 604 3457 die
637 3397 797 3457 Schenken
831 3396 986 3456 schließen
1025 3394 1085 3454 und
1124 3391 1174 3451 die

1221 3439 1419 3499 wegzweigt
1448 3439 1524 3499 über
1547 3439 1657 3499 Hügel
1686 3438 1746 3498 und
1774 3436 1861 3496 durch
1890 3433 2011 3493 Täler,
2028 3433 2072 3493 wo

319 3448 443 3508 Geigen
479 3448 609 3508 schlafen
645 3448 816 3508 gegangen
852 3443 940 3503 sind.

412 3498 473 3558 Ein
522 3498 686 3558 Denkmal
735 3498 769 3558 in
825 3495 879 3555 der
935 3492 1168 3552 landläufigen
1224 3491 1279 3551 sich
1300 3492 1354 3552 die
1376 3492 1471 3552 Wege
1500 3489 1616 3549 gabeln
1644 3488 1705 3548 und
1734 3487 1815 3547 links
1851 3487 1891 3547 ein
1919 3487 2077 3547 Fußpfad

99 3499 144 3559 ein
177 3501 262 3561 gutes

2121 1776 2174 1836 zum
2217 1770 2381 1830 Friedhof
2406 1771 2496 1831 geht.
2515 1769 2574 1829 Die
2599 1767 2714 1827 Stelle
2739 1769 2775 1829 ist
2794 1769 2927 1829 erhöht,
2945 1769 2975 1829 so

2124 1820 2180 1880 daß
2211 1820 2273 1880 wir
2299 1819 2309 1879 —
2366 1818 2422 1878 aus
2453 1817 2509 1877 der
2536 1817 2639 1877 Stadt
2665 1815 2834 1875 kommend
2861 1817 2870 1877 -
2928 1817 2973 1877 die

2121 1868 2250 1928 Gestalt
2272 1867 2320 1927 des
2348 1866 2520 1926 Dichters,
2531 1866 2585 1926 als
2607 1865 2693 1925 lebte
2715 1866 2747 1926 er
2769 1865 2860 1925 noch,
2877 1866 2968 1926 gehen

2121 1917 2207 1977 sehen
2245 1916 2396 1976 inmitten
2429 1913 2531 1973 seiner
2559 1913 2769 1973 Landschaft,
2792 1913 2829 1973 am
2878 1911 2970 1971 Rand

2124 1964 2224 2024 seiner
2251 1963 2361 2023 Stadt
2388 1961 2446 2021 und
2478 1961 2536 2021 vor
2569 1962 2669 2022 seinem
2717 1958 2880 2018 Himmel.
2902 1959 2975 2019 We¬

2125 2014 2199 2074 nige
2222 2012 2362 2072 Schritte
2384 2011 2438 2071 von
2471 2010 2519 2070 der
2541 2010 2725 2070 Skulptur,
2742 2008 2790 2068 die
2807 2008 2844 2068 am
2883 2008 2979 2068 Weg¬

2125 2062 2200 2122 rand
2233 2062 2265 2122 zu
2298 2059 2395 2119 gehen
2428 2059 2558 2119 scheint,
2580 2057 2645 2117 wie
2673 2057 2737 2117 wir
2765 2056 2840 2116 dort
2868 2057 2986 2117 gehen,

2121 2110 2159 2170 am
2198 2110 2292 2170 Rand
2320 2107 2436 2167 freilich
2464 2107 2524 2167 und
2554 2107 2652 2167 etwas
2675 2104 2791 2164 erhöht
2814 2104 2902 2164 durch
2930 2104 2973 2164 die

2125 2157 2306 2217 natürliche
2329 2154 2462 2214 Gestalt
2484 2152 2534 2212 des
2563 2153 2700 2213 Bodens
2734 2152 2744 2212 —
2795 2152 2850 2212 der
2873 2152 2983 2212 Som¬

2127 2205 2386 2265 merheidenweg
2415 2205 2454 2265 ist
2471 2203 2623 2263 gleichsam
2664 2199 2911 2259 eingeschnitten
2940 2199 2968 2259 in

2125 2256 2174 2316 die
2196 2254 2295 2314 etwas
2324 2253 2461 2313 höheren
2489 2250 2605 2310 Wiesen
2633 2250 2643 2310 —
2694 2249 2771 2309 stehe
2793 2249 2859 2309 eine
2882 2247 2975 2307 Bank

2126 2302 2229 2362 völlig
2259 2302 2397 2362 einfach,
2420 2301 2483 2361 und
2513 2300 2547 2360 an
2576 2298 2662 2358 ihrer
2692 2298 2795 2358 Lehne
2825 2298 2893 2358 mag
2923 2295 2974 2355 die

2126 2350 2309 2410 Erklärung
2345 2352 2425 2412 sein,
2449 2350 2506 2410 daß
2541 2347 2610 2407 hier
2634 2346 2766 2406 Arthur
2796 2346 2974 2406 Schnitzler

2120 2401 2287 2461 gegangen
2322 2398 2373 2458 ist,
2409 2396 2466 2456 ehe
2507 2396 2541 2456 er
2582 2394 2720 2454 schrieb.
2755 2393 2858 2453 Seine
2888 2391 2974 2451 Welt

2126 2450 2239 2510 müßte
2259 2450 2332 2510 hier
2353 2449 2378 2509 in
2412 2447 2458 2507 die
2479 2445 2565 2505 Form
2606 2444 2758 2504 gebannt
2779 2442 2858 2502 sein.

2215 2546 2276 2606 Die
2305 2546 2497 2606 Bildhauer
2518 2543 2614 2603 stellen
2649 2541 2676 2601 so
2704 2540 2800 2600 gerne
2828 2540 2965 2600 Formen

2127 2596 2150 2656 in
2187 2596 2235 2656 die
2266 2593 2374 2653 Welt.
2393 2594 2520 2654 Warum
2563 2589 2623 2649 soll
2649 2589 2732 2649 nicht
2757 2588 2824 2648 hier
2855 2588 2981 2648 einmal

2135 2644 2199 2704 eine
2229 2644 2323 2704 Welt
2346 2643 2374 2703 in
2404 2643 2461 2703 der
2484 2641 2570 2701 Form
2622 2638 2824 2698 erscheinen?

2209 2738 2264 2798 So
2293 2739 2356 2799 soll
2378 2738 2489 2798 Jaray
2519 2735 2539 2795 —
2589 2736 2665 2796 oder
2688 2734 2842 2794 Hanak!!
2864 2730 2878 2790 —
2927 2730 2983 2790 die

2125 2791 2259 2851 Gestalt
2277 2789 2480 2849 Schnitzlers
2525 2785 2565 2845 an
2622 2784 2672 2844 den
2712 2782 2982 2842 Sommerheide¬

2124 2839 2187 2899 weg
2223 2839 2345 2899 stellen,
2386 2838 2421 2898 so
2451 2835 2514 2895 soll
2538 2833 2590 2893 der
2620 2833 2742 2893 andere
2790 2830 2877 2890 etwa
2930 2829 2981 2889 die

2129 2889 2223 2949 Bank
2247 2887 2424 2947 gestalten.
2472 2882 2542 2942 Und
2579 2882 2631 2942 die
2679 2880 2838 2940 kritischen
2892 2877 2985 2937 Beck¬

2131 2937 2246 2997 messer
2281 2937 2332 2997 der
2368 2932 2598 2992 Bildhauerei
2634 2931 2749 2991 mögen
2790 2928 2847 2988 das
2888 2926 2985 2986 Wort

2127 2985 2188 3045 vom
2257 2982 2580 3042 Laokoon=Problem
2654 2979 2818 3039 gefälligst
2870 2976 2988 3036 unter¬

2132 3034 2275 3094 drücken.
2294 3032 2336 3092 In
2372 3031 2468 3091 dieser
2493 3028 2691 3088 Landschaft
2710 3028 2769 3088 und
2794 3027 2847 3087 für
2872 3024 2974 3084 diesen

2129 3082 2232 3142 Toten
2267 3082 2382 3142 mögen
2418 3080 2481 3140 alle
2528 3078 2724 3138 Freiheiten
2759 3076 2816 3136 des
2852 3073 2984 3133 künstle¬

2127 3131 2199 3191 risch
2234 3131 2341 3191 Neuen
2376 3128 2506 3188 gelten.
2546 3125 2738 3185 Cornelius
2767 3124 2903 3184 Gurlitt
2932 3121 2987 3181 hat

2129 3179 2259 3239 einmal
2283 3180 2318 3240 am
2360 3178 2496 3238 Anfang
2533 3178 2585 3238 der
2615 3176 2692 3236 Zeit
2734 3173 2846 3233 Lesser
2889 3168 2982 3228 Urys

2134 3230 2264 3290 gesagt:
2304 3226 2452 3286 „Warum
2498 3226 2560 3286 soll
2583 3224 2617 3284 er
2646 3224 2731 3284 nicht
2777 3221 2856 3281 alles
2908 3221 2987 3281 dar¬

2130 3276 2254 3336 stellen,
2277 3274 2351 3334 auch
2391 3274 2481 3334 wenn
2521 3274 2555 3334 er
2584 3274 2685 3334 gegen
2726 3272 2776 3332 die
2805 3269 2985 3329 Gesetze

2135 3323 2182 3383 der
2212 3323 2394 3383 Schönheit
2437 3323 2595 3383 sündigt,
2631 3322 2695 3382 alle
2738 3319 2861 3379 Härten
2915 3316 2979 3376 und

2126 3373 2380 3433 Unklarheiten,
2432 3370 2482 3430 die
2517 3370 2698 3430 mächtigen
2761 3367 2970 3427 Lichtmassen

2126 3424 2189 3484 und
2230 3422 2288 3482 das
2335 3421 2613 3481 unergründliche
2655 3415 2974 3475 Durcheinander?"

2570 3483 2824 3543 Johannes
2849 3483 2930 3543 Ilg
