3392 4352
203 336 310 396 12.

389 339 968 399 Schnitzler's
1036 344 1267 404 Death

1478 348 1619 408 box
1691 354 1888 414 42/6

1098 1068 1905 1128 OBSERVERe

1185 1112 1211 1172 I.
1228 1120 1345 1180 österr.
1362 1127 1513 1187 behördl.
1531 1136 1816 1196 konzessioniertes

1151 1160 1376 1220 Unternehmen
1406 1165 1454 1225 für
1480 1175 1847 1235 Zeitungs-Ausschnitte

1199 1214 1341 1274 WIEN,
1361 1224 1407 1284 I.,
1434 1234 1714 1294 WOLLZEILE
1761 1240 1799 1300 11

1284 1273 1501 1333 TELEPHON
1532 1286 1709 1346 R-23-0-43

1072 1408 1296 1468 Ausschnitt
1323 1416 1386 1476 aus

1418 1452 1491 1512 Der
1508 1452 1623 1512 Abend
1666 1452 1730 1512 7715

1060 1622 1163 1682 oune

1379 1624 1461 1684 22.
1471 1625 1572 1685 0KT
1621 1625 1721 1685 1931

1249 1747 1427 1807 Artur
1489 1753 1837 1813 Schnitzler.

1077 1813 1184 1873 Artur
1212 1816 1394 1876 Schnitzler,
1417 1821 1470 1881 der
1498 1822 1729 1882 tonangebende
1757 1825 1875 1885 Dichter
1903 1825 2010 1885 Wiens
2048 1822 2096 1882 vor

971 1859 1019 1919 dem
1063 1864 1192 1924 Kriege,
1209 1864 1257 1924 der
1279 1866 1398 1926 Haupt=
1420 1868 1479 1928 und
1507 1873 1733 1933 Residenzstadt
1750 1871 1858 1931 Wien,
1875 1876 1945 1936 starb
1972 1873 2107 1933 gestern,

976 1912 1077 1972 siebzig
1106 1915 1207 1975 Jahre
1231 1915 1293 1975 alt.
1311 1918 1383 1978 Sein
1412 1921 1576 1981 Auftreten
1605 1921 1673 1981 fällt
1691 1921 1718 1981 in
1747 1924 1809 1984 eine
1833 1924 1905 1984 Zeit
1923 1921 1974 1981 des
1997 1921 2109 1981 Wohl¬

973 1960 1113 2020 standes,
1135 1962 1221 2022 einer
1243 1965 1377 2025 gewissen
1415 1970 1669 2030 Uebersättigung
1697 1971 1869 2031 gehobener
1897 1971 2101 2031 Publikums¬

975 2011 1127 2071 schichten,
1156 2013 1178 2073 in
1219 2013 1286 2073 eine
1315 2016 1428 2076 Epoche
1462 2018 1512 2078 des
1547 2019 1750 2079 Atemholens
1785 2021 1840 2081 vor
1869 2019 1977 2079 großen
2017 2018 2106 2078 welt¬

968 2062 1199 2122 geschichtlichen
1239 2066 1448 2126 Ereignissen.
1495 2069 1562 2129 Der
1596 2070 1687 2130 junge
1721 2071 1812 2131 Arzt,
1835 2071 1885 2131 eng
1920 2070 2095 2130 verbunden

970 2109 1019 2169 der
1055 2112 1316 2172 träumerischen,
1341 2118 1778 2178 vergangenheitstrunkenen
1813 2120 1918 2180 Stadt
1949 2118 2009 2178 und
2045 2118 2099 2178 der

966 2159 1150 2219 Landschaft
1177 2162 1345 2222 ringsum,
1388 2164 1450 2224 die,
1477 2165 1524 2225 vom
1573 2168 1678 2228 Süden
1721 2168 1804 2228 leicht
1831 2168 2021 2228 angerührt,
2048 2168 2100 2228 zur

970 2210 1249 2270 Nachdenklichkeit
1276 2212 1374 2272 eintud
1406 2212 1462 2272 wie
1489 2215 1571 2275 selien
1608 2216 1685 2276 eine,
1707 2216 1851 2276 widmete
1878 2216 1924 2276 sich
1951 2217 2002 2277 dem
2044 2217 2111 2277 Zu¬

969 2259 1052 2319 stand
1077 2258 1126 2318 des
1151 2259 1303 2319 Gemütes
1333 2261 1382 2321 des
1412 2264 1534 2324 Wiener
1559 2264 1741 2324 Menschen,
1761 2264 1864 2324 wurde
1889 2265 1937 2325 der
1963 2265 2104 2325 Diagno¬

966 2307 1050 2367 stiker
1076 2306 1126 2366 der
1151 2309 1276 2369 Wiener
1302 2312 1407 2372 Seele,
1428 2312 1488 2372 und
1518 2312 1619 2372 keiner
1645 2314 1739 2374 seiner
1760 2315 1890 2375 Schüler
1916 2315 1976 2375 und
2001 2315 2101 2375 Nach¬

967 2355 1071 2415 ahmer
1102 2356 1157 2416 hat
1183 2358 1228 2418 ihn
1263 2356 1283 2416 in
1319 2358 1409 2418 dieser
1440 2362 1646 2422 Kunstübung
1677 2360 1863 2420 übertreffen
1898 2362 2029 2422 können.
2055 2362 2094 2422 So

965 2404 1016 2464 kam
1058 2406 1088 2466 er
1120 2406 1170 2466 zur
1202 2409 1522 2469 Gesellschaftskritik,
1544 2410 1590 2470 die
1621 2411 1667 2471 er,
1688 2411 1765 2471 ohne
1791 2412 1843 2472 den
1875 2413 2008 2473 äußeren
2040 2411 2106 2471 Ur¬

964 2454 1081 2514 sachen,
1107 2455 1156 2515 den
1195 2456 1382 2516 materiellen
1422 2459 1598 2519 Gründen,
1624 2462 1850 2522 nachzugehen,
1875 2461 2095 2521 schonungslos

962 2503 1051 2563 übte.
1068 2501 1114 2561 Er
1136 2506 1289 2566 begnügte
1316 2507 1363 2567 sich
1390 2506 1453 2566 mit
1474 2507 1521 2567 der
1549 2509 1855 2569 Charakterisierung
1882 2509 1929 2569 des
1961 2509 2103 2569 Bürger¬

965 2552 1067 2612 tums,
1093 2551 1149 2611 das
1181 2553 1263 2613 keine
1289 2553 1376 2613 Ziele
1407 2556 1494 2616 mehr
1521 2557 1623 2617 hatte,
1645 2557 1726 2617 keine
1758 2557 2040 2617 Zukunftsfreude,
2067 2557 2097 2617 er

967 2601 1081 2661 führte,
1127 2601 1237 2661 soweit
1283 2604 1383 2664 seiner
1429 2605 1619 2665 vornehmen
1655 2607 1719 2667 Art
1745 2607 1795 2667 der
1821 2609 1940 2669 Kampf
1966 2607 2101 2667 zusagte,

964 2652 1061 2712 Fehde
1088 2652 1180 2712 gegen
1217 2652 1372 2712 überlebte
1403 2655 1584 2715 Ansichten,
1605 2657 1692 2717 gegen
1729 2655 1780 2715 den
1817 2655 2090 2715 Autoritätswahn

963 2699 1047 2759 eines
1077 2700 1142 2760 sehr
1172 2700 1321 2760 morschen
1356 2703 1509 2763 Staates.

1058 2747 1130 2807 Das
1187 2747 1254 2807 alte
1286 2749 1498 2809 Oesterreich,
1546 2750 1592 2810 die
1629 2751 1831 2811 Monarchie,
1884 2753 1940 2813 hat
1993 2753 2091 2813 keinen

958 2795 1108 2855 besseron,
1133 2795 1234 2855 keinen
1270 2795 1486 2855 liebevolleren
1527 2799 1707 2859 Betrachter
1744 2799 1803 2859 und
1839 2801 2015 2861 Schilderer
2051 2799 2100 2859 ge¬

958 2843 1045 2903 habt,
1071 2843 1117 2903 als
1148 2843 1251 2903 Artur
1282 2843 1467 2903 Schnitzler,
1493 2848 1518 2908 in
1556 2849 1648 2909 dessen
1685 2848 1818 2908 Büchern
1860 2849 1916 2909 und
1952 2849 2085 2909 Dramen

957 2891 1023 2951 jene
1060 2891 1276 2951 Stimmung,
1313 2894 1559 2954 widerspiegelt,
1612 2894 1657 2954 die
1715 2895 1766 2955 dem
1818 2897 2085 2957 altersschwachen

956 2938 1166 2998 Staat„eigen
1202 2938 1287 2998 war:
1312 2941 1534 3001 schmerzliches
1565 2941 1755 3001 Bedauern,
1796 2944 1856 3004 daß
1906 2944 1977 3004 eine
2023 2943 2102 3003 lieb¬

952 2986 1138 3046 gewordene
1173 2986 1231 3046 Art
1261 2986 1315 3046 der
1350 2991 1693 3051 Lebensanschauung,
1738 2992 1821 3052 nicht
1851 2992 1880 3052 zu
1939 2992 2007 3052 sehr
2042 2990 2100 3050 an¬

954 3034 1174 3094 strengenden,
1197 3037 1285 3097 mehr
1313 3037 1473 3097 bequemen
1507 3040 1767 3100 Lebensführung
1801 3040 1878 3100 nicht
1900 3040 1955 3100 von
1989 3040 2093 3100 Dauer

959 3082 1013 3142 sein
1046 3083 1169 3143 wurde.
1213 3085 1278 3145 Die
1311 3085 1408 3145 Angst
1430 3088 1489 3148 vor
1516 3088 1570 3148 dem
1614 3088 1722 3148 Ende,
1760 3088 1819 3148 das
1853 3088 1971 3148 allezeit
1998 3088 2095 3148 wache

962 3128 1066 3188 Wissen
1100 3131 1160 3191 vom
1211 3132 1294 3192 Tod,
1316 3134 1526 3194 Schwermut
1555 3135 1682 3195 geistert
1710 3135 1798 3195 durch
1832 3135 1882 3195 die
1910 3136 2081 3196 Schnitzler

960 3175 1027 3235 schen
1062 3177 1219 3237 Dialoge,
1237 3178 1265 3238 in
1294 3177 1344 3237 den
1373 3181 1576 3241 lebendigsten
1611 3183 1667 3243 und
1701 3183 1950 3243 sprachschönsten
1985 3183 2085 3243 Seiten

947 3224 1050 3284 seiner
1077 3227 1196 3287 Prosg.
1223 3226 1412 3286 Verklärend
1445 3229 1537 3289 aber,
1559 3231 1813 3291 gewissermaßen
1846 3231 2100 3291 rechtfertigend,

957 3270 990 3330 ist
1013 3273 1092 3333 über
1121 3274 1183 3334 allé
1212 3269 1291 3329 diese
1320 3276 1637 3336 Zustandsaussagen
1672 3279 1904 3339 Skeptizismus
1939 3279 2096 3339 gebreitet,

954 3321 1010 3381 das
1039 3322 1241 3382 Achselzücken
1276 3323 1331 3383 des
1360 3325 1682 3385 Menschenkenners,
1705 3326 1755 3386 der
1784 3326 1862 3386 diese
1891 3326 2099 3386 verwesende,

956 3371 1141 3431 wenngleich
1172 3373 1373 3433 heißgeliebte
1399 3374 1636 3434 österreichische
1662 3375 1801 3435 Kultur,
1838 3374 1884 3434 die
1931 3374 1997 3434 nur
2044 3374 2085 3434 ein

959 3419 1129 3479 Brüchteil,
1150 3419 1240 3479 wenn
1276 3421 1346 3481 auch
1377 3422 1421 3482 ein
1457 3422 1760 3482 liebenswürdiger,
1785 3422 1835 3482 der
1861 3422 1971 3482 großen
2007 3421 2097 3481 west¬

947 3467 1163 3527 europäischen
1204 3467 1288 3527 war,
1335 3469 1480 3529 aufgibi,
1527 3470 1556 3530 in
1597 3470 1647 3530 die
1677 3470 1949 3530 Vergangenheit,
1975 3470 2005 3530 in
2046 3470 2090 3530 die

947 3512 1120 3572 Geschichte
1147 3515 1288 3575 entläßt,
1310 3515 1390 3575 ohne
1424 3517 1499 3577 neue
1532 3518 1667 3578 Formen
1705 3517 1753 3577 des
1786 3518 2089 3578 Zusammenlebens

950 3561 1209 3621 anzukündigen,
1236 3562 1262 3622 zu
1300 3560 1474 3620 begrüßen.

1067 3607 1121 3667 Der
1152 3610 1388 3670 österreichische
1420 3610 1540 3670 Mensch
1576 3611 1631 3671 der
1662 3613 2015 3673 Jahrhundertwende,
2040 3613 2090 3673 der

949 3655 1183 3715 Wienerdes
1236 3657 1422 3717 kaiserlichen
1461 3656 1547 3716 Wien
1610 3655 1623 3715 —
1700 3659 1762 3719 mit
1792 3659 1891 3719 Artur
1921 3661 2088 3721 Schnitzler

949 3703 1069 3763 nimmt
1098 3703 1125 3763 er
1158 3703 1317 3763 endgültig
1350 3703 1489 3763 Abschied
1518 3705 1573 3765 von
1611 3706 1690 3766 einer
1719 3706 1872 3766 gärenden
1919 3706 1942 3766 in
1975 3706 2096 3766 gewal¬

955 3751 1012 3811 tige
1041 3750 1223 3810 Wandlung
1257 3751 1444 3811 gedrängten
1483 3754 1568 3814 Zeit,
1612 3753 1640 3813 in
1675 3753 1722 3813 die
1751 3753 1784 3813 er
1813 3752 1860 3812 sich
1895 3752 2096 3812 einmengen,

949 3798 1127 3858 einmischen
1164 3798 1250 3858 nicht
1278 3798 1382 3858 wollte
1415 3798 1487 3858 oder
1519 3800 1601 3860 nicht
1634 3801 1761 3861 konnte.

1933 3798 2054 3858 W—r.
