3436 4384
323 226 438 286 tisches
470 222 581 282 Werk.
598 222 658 282 das
689 222 719 282 er
750 222 805 282 der
831 222 1068 282 Öffentlichkeit
1098 219 1171 279 über

1204 237 1251 297 ter
1282 239 1303 299 in
1342 238 1388 298 die
1424 234 1573 294 Maschine
1608 231 1771 291 diktierte.
1797 229 1823 289 In
1862 228 1965 288 seinem
2012 225 2051 285 Ar

185 272 392 332 Rück-gab,
434 267 490 327 war
539 264 735 324 bekanntlich
788 264 894 324 Spiel
932 264 984 324 der
1029 261 1167 321 Sommer

1204 279 1428 339 beitszimmer,
1457 276 1511 336 das
1549 276 1582 336 an
1620 273 1674 333 des
1707 270 1848 330 Dichters
1882 268 2035 328 Schlafzim

152 315 300 375 spüren,
324 309 440 369 lüfte“,
459 309 514 369 das
547 309 570 369 im
617 306 789 366 Deutschen
827 305 1045 365 Volkstheater
1073 303 1166 363 aufge

1197 324 1266 384 mer
1296 321 1438 381 grenzte,
1465 319 1572 379 befand
1602 318 1662 378 sich
1702 315 1744 375 ein
1775 312 1887 372 großer
1917 309 2050 369 Schrank

151 360 219 420 sich
258 356 288 416 an
327 354 412 414 führt
464 349 584 409 wulde,
649 349 790 409 während
846 348 927 408 „Der
975 347 1060 407 Gang
1112 345 1167 405 zun

1207 367 1261 427 den
1291 363 1387 423 Artur
1409 363 1580 423 Schnitzler
1606 360 1656 420 für
1677 360 1761 420 seine
1787 354 1996 414 Manuskripte
2026 352 2055 412 an

160 403 199 463 Er
230 401 281 461 hat
316 396 473 456 Weiher“,
491 395 538 455 die
564 393 655 453 letzte
682 391 808 451 Wiener
830 390 1168 450 Schnitzler-Premiere

1210 407 1338 467 fertigen
1378 404 1455 464 ließ.
1490 401 1550 461 Der
1585 400 1718 460 Schrank
1766 397 1817 457 hat
1857 396 1925 456 eine
1965 394 2059 454 grobe

153 446 223 506 noch
258 445 280 505 im
325 441 377 501 die
431 437 453 497 im
519 434 727 494 Burgtheater
781 434 952 494 stattfand,
993 431 1045 491 aus
1099 431 1164 491 eine

1210 451 1330 511 Anzahl
1357 449 1414 509 von
1451 446 1553 506 Laden
1589 446 1642 506 und

534 478 828 538 Schaffensperiode
903 474 959 534 des
1030 476 1179 536 Dichters

327 479 472 539 früheren

146 488 300 548 analyse

1240 500 1267 560 in
1300 501 1384 561 jeder
1413 499 1492 559 Lade
1525 494 1567 554 ist
1591 495 1632 555 ein
1670 494 1815 554 Manuskr
1829 491 1866 551 pt
1890 491 2035 551 Schnitz¬

325 524 493 584 stamnmte.

1493 539 1550 599 lers
1575 536 1789 596 aufbewahrt.

367 566 472 626 Seinen
508 566 601 626 Plan,
628 563 786 623 „Fräulein
831 560 914 620 Else“
963 560 994 620 zu
1039 560 1175 620 dramati

151 575 305 635 Theater¬

1246 595 1272 655 In
1303 593 1396 653 vielen
1428 591 1525 651 Fällen
1556 590 1609 650 hat
1632 587 1805 647 Schnitzler
1832 587 1902 647 auch
1934 585 1978 645 die
2005 583 2071 643 ver¬

140 617 293 677 Fefangen
330 609 443 669 sieren,
466 608 515 668 de:
543 608 588 668 ihm
634 605 684 665 von
720 605 869 665 mehreren
906 605 1024 665 Seiten,
1047 602 1187 662 nament¬

1212 637 1393 697 schiedenen
1423 634 1600 694 Fassungen
1627 631 1725 691 seiner
1752 630 1855 690 Werke
1881 628 2079 688 gesammelt.

329 653 385 713 lich
436 652 492 712 von
544 647 695 707 Elisabeth
747 646 901 706 Bergner,
936 646 987 706 die
1031 646 1078 706 die
1117 642 1185 702 Else

146 661 209 721 rt;
235 661 298 721 eine

329 695 437 755 spielen
469 694 586 754 wollte,
610 690 799 750 nahegelegt
827 688 945 748 wurde,
968 687 1018 747 hat
1041 685 1185 745 Schnitz-
1213 681 1317 741 Einige
1349 678 1553 738 Manuskripte
1581 673 1712 733 befinden
1739 673 1798 733 sich
1826 673 1848 733 im
1884 673 1984 733 Besitz
2011 673 2065 733 von

144 706 223 766 tur,
248 703 306 763 mit

329 741 371 801 ler
406 737 534 797 niemals
564 734 803 794 durchgeführt.
850 732 888 792 Er
923 732 982 792 war
1013 730 1183 790 überhaupt
1218 722 1392 782 Freunden,
1418 720 1507 780 denen
1542 718 1584 778 sie
1610 717 1781 777 Schnitzler
1811 715 1862 775 zum
1905 715 2063 775 Geschenk

150 747 187 807 en
225 745 304 805 Men¬

149 791 291 851 timmten
330 781 377 841 ein
416 778 539 838 Gegner
573 778 630 838 von
669 775 973 835 „Bearbeitungen“.
1017 774 1055 834 Er
1088 771 1179 831 stand
1218 766 1355 826 machte.
1375 763 1408 823 So
1437 763 1551 823 besitzt
1570 760 1723 820 Stefan
1752 760 1909 820 Zweig,
1928 758 1980 818 der
2005 755 2071 815 eine

152 835 239 895 ebte,
259 834 300 894 ist
328 826 388 886 auf
412 823 462 883 dem
509 820 727 880 Standpunkt,
765 818 820 878 daß
858 817 918 877 eine
951 814 1076 874 Novelle
1109 814 1182 874 oder
1216 812 1312 872 große
1359 806 1541 866 Sammlung
1592 803 1652 863 von
1704 802 1935 862 Manuskripten
2010 803 2079 863 hat,

329 867 376 927 ein
424 865 534 925 Roman
582 862 758 922 unbedingt
797 862 863 922 jene
907 858 982 918 Form
1040 855 1178 915 behalten
1217 852 1407 912 Schnitzlers
1437 849 1512 909 „Der
1547 848 1608 908 Ruf
1656 846 1708 906 des
1761 846 1918 906 Lebens“.
1967 842 2071 902 Dieses

150 880 250 940 rden.

329 910 451 970 müsse,
471 906 495 966 in
530 907 583 967 der
603 909 656 969 das
686 908 774 968 Werk
804 904 979 964 geschaffen
1009 900 1126 960 wurde.
1146 900 1180 960 So
1215 897 1327 957 Drama
1357 896 1405 956 hat
1430 894 1596 954 Schnitzler
1621 893 1699 953 jetzt
1719 889 1763 949 für
1788 888 1846 948 eine
1876 888 2066 948 Vorstellung

171 975 272 1035 sehen

151 1007 190 1067 für
211 1005 306 1065 meiner

150 1035 198 1095 nen
223 1034 299 1094 einge

974 1047 1243 1107 cetelef

141 1064 210 1124 phne
241 1061 313 1121 Part¬

153 1094 180 1154 ne
204 1091 313 1151 Damen.

150 1124 169 1184 l
181 1119 315 1179 wöchent-

634 1130 871 1190 at
956 1121 1058 1181 t

188 1151 199 1211 .
230 1148 318 1208 Tanz-

633 1189 1133 1249 e

153 1181 185 1241 6e
204 1178 231 1238 53
255 1178 314 1238 (vis¬

163 1214 179 1274 B
206 1209 319 1269 22-1-75.

858 1271 918 1331 a
1029 1262 1446 1322 d

154 1300 265 1360 eben

168 1373 209 1433 .

149 1482 322 1542 Fchnitsten

150 1527 170 1587 e
197 1523 313 1583 meines

156 1568 236 1628 es,
257 1566 310 1626 der

177 1611 309 1671 geseher

161 1659 180 1719 pr
207 1654 315 1714 Alfred

185 1701 301 1761 Birg

152 1745 176 1805 h
208 1742 239 1802 es
265 1742 320 1802 da¬

151 1787 187 1847 r
212 1787 314 1847 dieses

151 1832 302 1892 Prickung

151 1877 206 1937 ch
247 1877 318 1937 jetzt
343 1876 406 1936 Die
432 1872 519 1932 leizte
552 1868 760 1928 Handschrift
785 1865 872 1925 Artur
905 1862 1105 1922 Schnitzlers.
1122 1859 1177 1919 Ein
1218 1859 1402 1919 Ausschnitt
1427 1856 1482 1916 aus
1515 1853 1571 1913 dem
1604 1850 1820 1910 Manuskript:
1853 1851 1940 1911 „Der
1965 1849 2052 1909 Gang

1076 1898 1136 1958 zum
1175 1895 1325 1955 Weiher.“

157 1920 225 1980 der
248 1920 316 1980 eine

160 1963 237 2023 gang
274 1963 315 2023 ins

154 2006 220 2066 talt
275 2005 311 2065 al

1529 2028 1605 2088 Keine
1625 2026 1730 2086 bessere

194 2050 322 2110 Münch¬

1533 2057 1616 2117 Keine
1639 2058 1734 2118 ueigen
1767 2053 1936 2113 Z

377 2071 978 2131 Broadway
1091 2062 1374 2122 Boys

151 2095 218 2155 ebe
238 2092 317 2152 diere

156 2138 215 2198 bte
252 2140 305 2200 vom

919 2166 1109 2226 Täglieh

1408 2176 1625 2236 Café
1705 2171 2059 2231 Sacher

153 2183 250 2243 habe.
270 2183 318 2243 Ich

184 2227 234 2287 für
260 2225 324 2285 die¬

1408 2248 1465 2308 I.,
1491 2245 1746 2305 Opernring
1780 2241 1828 2301 11

348 2264 613 2324 S-Uhr-Tee
636 2262 657 2322 -
703 2259 757 2319 Ab
803 2256 901 2316 halb
936 2256 990 2316 10
1024 2253 1112 2313 Uhr

140 2272 258 2332 hter.

158 2339 2045 2399 0000000000000000odooooooooooot

191 2438 478 2498 Schnitzler
519 2437 557 2497 im
628 2430 795 2490 Kreise
837 2428 1034 2488 Wiener
1075 2424 1460 2484 Schriftsteller

164 4049 296 4109 rechts:
316 4047 369 4107 Dr.
389 4039 775 4099 Beer-Hoffmann,
795 4036 907 4096 Arnold
937 4032 1093 4092 Zweig,
1113 4030 1210 4090 Artur
1235 4024 1508 4084 Schnitzler,
1524 4020 1606 4080 Felix
1631 4018 1797 4078 Salten.

2105 1784 2164 1844 des
2192 1780 2364 1840 Deutschen
2397 1778 2635 1838 Volkstheaters
2663 1775 2684 1835 in
2717 1775 2836 1835 einigen
2869 1775 2965 1835 Teilen

2110 1827 2277 1887 geändert.
2300 1823 2445 1883 Direktor
2468 1822 2575 1882 Beer
2603 1820 2711 1880 wählte
2739 1820 2836 1880 dieses
2864 1818 2971 1878 Dramas

2110 1871 2298 1931 Schnitzlers
2331 1867 2379 1927 für
2413 1866 2455 1926 die
2488 1865 2791 1925 Geburtstagsfeier,
2829 1862 2877 1922 die
2910 1862 2964 1922 nun

2111 1918 2146 1978 zu
2183 1915 2265 1975 einer
2297 1911 2478 1971 Totenfeier
2530 1907 2622 1967 Artur
2649 1907 2840 1967 Schnitzlers
2892 1904 2979 1964 wird.

2114 1959 2193 2019 Eben
2225 1957 2304 2017 jetzt
2336 1957 2393 2017 hat
2442 1954 2488 2014 die
2542 1951 2710 2011 Münchner
2764 1948 2969 2008 Staatsbühne

2121 1999 2356 2059 „Liebele!“
2428 1996 2486 2056 mit
2528 1995 2651 2055 Gustav
2699 1993 2875 2053 Waldau
2929 1993 2969 2053 als

2121 2044 2258 2104 Musikor
2290 2041 2431 2101 Weyring
2490 2039 2547 2099 neu
2585 2038 2863 2098 berausgebracht.
2911 2035 2974 2095 Das

2118 2089 2252 2149 Theater
2274 2086 2299 2146 in
2325 2085 2377 2145 der
2404 2083 2580 2143 Josefstadt
2607 2081 2736 2141 bereitet
2757 2080 2929 2140 „Liebeldi“
2955 2080 2975 2140 in

2120 2132 2204 2192 einer
2234 2130 2434 2190 glanzvollen
2463 2128 2634 2188 Besetzung
2671 2127 2720 2187 für
2750 2125 2799 2185 dio
2828 2125 2970 2185 nächsten

2119 2175 2241 2235 Monate
2273 2169 2344 2229 vor.

2161 2219 2186 2279 In
2233 2217 2336 2277 Berlin
2382 2217 2453 2277 will
2487 2214 2655 2274 Karlheinz
2682 2212 2831 2272 Martin
2864 2214 2890 2274 in
2923 2210 2974 2270 der

2126 2262 2326 2322 Volksbühne
2374 2259 2564 2319 Schnitzlers
2596 2258 2673 2318 „Der
2699 2256 2797 2316 grüne
2828 2253 2956 2313 Kakadu

2127 2305 2239 2365 wieder
2283 2302 2546 2362 herausbringen.
2590 2300 2643 2360 Die
2682 2298 2859 2358 Josefstadt
2892 2296 2972 2356 hatte

2126 2349 2199 2409 auch
2240 2349 2300 2409 eine
2328 2346 2455 2406 Reprise
2489 2346 2543 2406 von
2577 2343 2765 2403 Schnitzlers
2793 2341 2974 2401 „Weites

2129 2391 2262 2451 Land“
2287 2389 2426 2449 geplant.

2163 2441 2195 2501 In
2237 2441 2352 2501 letzter
2369 2439 2443 2499 Zeit
2469 2438 2568 2498 wurde
2593 2435 2766 2495 Schnitzler
2792 2438 2866 2498 auch
2900 2435 2940 2495 ein

2328 2483 2390 2543 viel
2413 2483 2577 2543 gefragter
2606 2477 2792 2537 Filmautor.

2160 2534 2202 2594 Er
2234 2534 2332 2594 selbst
2364 2532 2412 2592 hat
2444 2532 2505 2592 sich
2536 2531 2592 2591 mit
2623 2529 2672 2589 der
2703 2529 2783 2589 Welt
2808 2528 2864 2588 des
2889 2529 2981 2589 Films

2128 2580 2214 2640 nicht
2238 2576 2358 2636 befaßt,
2376 2576 2416 2636 sie
2440 2576 2502 2636 war
2526 2576 2572 2636 ihm
2614 2574 2700 2634 völlig
2723 2573 2838 2633 fremd.
2856 2573 2931 2633 Aber
2954 2573 2977 2633 in

2131 2620 2274 2680 Amerika
2306 2617 2422 2677 erwarb
2465 2617 2528 2677 man
2571 2617 2650 2677 seine
2687 2614 2814 2674 Novelle
2846 2617 2989 2677 „Splel

2126 2664 2162 2724 im
2221 2661 2602 2721 Morgengrauen“
2634 2659 2686 2719 und
2719 2659 2840 2719 machte
2873 2658 2983 2718 daraus

2131 2706 2215 2766 einen
2246 2703 2713 2763 amerikanisch-wienerischen
2744 2703 2803 2763 Film
2849 2701 2904 2761 mit
2935 2700 2984 2760 der

2127 2749 2226 2809 Musik
2276 2749 2331 2809 von
2381 2746 2474 2806 Oscar
2519 2746 2646 2806 Straus,
2680 2746 2767 2806 Auch
2812 2746 2872 2806 aus
2917 2743 2972 2803 dem

2122 2794 2271 2854 „Jungen
2305 2791 2487 2851 Medardus“
2527 2789 2615 2849 sollte
2644 2788 2687 2848 ein
2722 2788 2893 2848 Sprechfilm
2938 2785 2993 2845 ge¬

2127 2835 2234 2895 macht
2268 2834 2409 2894 werden.
2431 2832 2620 2892 Wiederholt
2649 2832 2713 2892 trat
2735 2829 2800 2889 man
2833 2832 2865 2892 an
2899 2830 2990 2890 Artur

2131 2880 2307 2940 Schnitzler
2343 2877 2453 2937 heran,
2505 2875 2590 2935 seine
2626 2872 2989 2932 Journalistenkomödie

2136 2926 2227 2986 „Fink
2260 2922 2313 2982 und
2341 2919 2579 2979 Fliederbusch“
2607 2916 2687 2976 einer
2709 2919 2925 2979 Umarbeitung
2952 2916 2984 2976 zu

2136 2964 2351 3024 unterziehen.
2373 2963 2454 3023 Aber
2476 2961 2654 3021 Schnitzler
2682 2961 2784 3021 wollte
2812 2961 2843 3021 an
2877 2961 2978 3021 diesem

2133 3009 2228 3069 Stück
2261 3010 2366 3070 nichts
2394 3009 2478 3069 mehr
2500 3006 2631 3066 rühren.
