3436 4384
199 431 276 491 2.
326 435 926 495 Schnitzler's
996 440 1231 500 Death

357 1177 1065 1237 OBSERVER

442 1232 468 1292 I.
481 1232 597 1292 österr.
611 1238 761 1298 behördl.
775 1241 1076 1301 konzessioniertes

394 1274 630 1334 Unternehmen
660 1277 707 1337 für
733 1283 1119 1343 Zeitungs-Ausschnitte

444 1333 595 1393 WIEN,
623 1339 668 1399 I.,
696 1342 980 1402 WOLLZEILE
1027 1348 1066 1408 11

539 1390 757 1450 TELEPHON
788 1394 966 1454 R-23-0-43

482 1593 817 1653 n

318 2123 566 2183 Arkhen
625 2139 929 2199 Sehnter
960 2146 1097 2206 det.

801 2241 928 2301 derr
976 2241 1039 2301 de

407 2271 496 2331 Från
538 2276 632 2336 Wien
675 2289 930 2349 telegraferas:
984 2295 1114 2355 Arthur

367 2334 566 2394 Schnitzler
626 2343 728 2403 avled
767 2349 831 2409 här
864 2350 917 2410 vid
956 2357 1106 2417 sjutiden

358 2395 405 2455 på
437 2396 770 2456 onsdagsaftonen.
813 2409 865 2469 Då
902 2414 1102 2474 författaren

358 2457 403 2517 på
435 2457 717 2517 eftermiddagen
780 2469 970 2529 ätervände
1032 2477 1098 2537 frän

360 2510 394 2570 en
454 2515 650 2575 promenad
719 2528 925 2588 drabbades
960 2533 1023 2593 han
1063 2537 1102 2597 av

357 2572 552 2632 slaganfall
578 2577 638 2637 och
673 2584 773 2644 avled
804 2588 884 2648 utan
915 2592 969 2652 att
995 2593 1035 2653 ha
1066 2595 1100 2655 à¬

357 2629 477 2689 terfått
543 2640 816 2700 medvetandet.
908 2651 1104 2711 Schnitzler

352 2686 467 2746 skulle
502 2693 512 2753 i
540 2695 617 2755 maj
639 2702 744 2762 nästa
778 2707 817 2767 år
850 2707 888 2767 ha
928 2710 1032 2770 blivit
1061 2713 1099 2773 70

349 2749 389 2809 år
425 2753 601 2813 gammal.

397 2854 524 2914 Arthur
551 2863 752 2923 Schnitzler
779 2870 837 2930 var
864 2873 900 2933 en
933 2875 970 2935 av
1002 2877 1097 2937 värl¬

350 2904 435 2964 dens
466 2910 557 2970 mest
583 2914 698 2974 kända
734 2923 997 2983 dramaturger.
1023 2928 1093 2988 Han

350 2953 406 3013 var
432 2955 494 3015 son
531 2961 583 3021 till
609 2963 645 3023 en
682 2968 801 3028 läkare
832 2968 847 3028 i
873 2973 998 3033 Wien,
1019 2977 1096 3037 stu-

343 3003 466 3063 derade
501 3009 584 3069 själv
620 3015 767 3075 medicin
802 3019 861 3079 och
896 3025 999 3085 redan
1034 3027 1083 3087 vid

342 3053 376 3113 23
412 3053 467 3113 års
497 3056 597 3116 ålder
628 3061 688 3121 var
719 3065 778 3125 han
814 3070 965 3130 doktor.
990 3074 1085 3134 Hans

334 3100 429 3160 stora
466 3107 617 3167 intresse
653 3111 704 3171 för
734 3118 957 3178 litteraturen
994 3123 1089 3183 gjor-

341 3149 376 3209 de
408 3156 603 3216 emellertid
661 3162 717 3222 att
743 3165 804 3225 han
842 3170 944 3230 redan
981 3177 1088 3237 tidigt

328 3200 487 3260 övergav
525 3212 772 3272 läkarbanan.

376 3250 423 3310 Ar
477 3253 562 3313 1893
621 3262 844 3322 debuterade
887 3268 956 3328 han
1004 3271 1078 3331 med

317 3300 521 3360 Anatol»,
548 3305 583 3365 en
620 3311 774 3371 samling
816 3316 985 3376 eleganta
1021 3321 1082 3381 en¬

326 3349 446 3409 aktare
480 3355 537 3415 och
576 3356 677 3416 skrev
716 3363 822 3423 sedan
861 3366 913 3426 för
943 3370 1072 3430 teatern

327 3395 380 3455 bl.
407 3400 443 3460 a.
470 3404 507 3464 de
545 3406 629 3466 även
666 3411 682 3471 i
709 3412 788 3472 vårt
821 3415 894 3475 land
937 3421 1080 3481 mycket

330 3448 446 3508 kända
479 3457 717 3517 skådespelen
761 3465 961 3525 »Alskog»,
989 3468 1078 3528 »Pa-

329 3498 529 3558 racelsus»,
560 3507 701 3567 »Gröna
742 3516 973 3576 papegojan»
1009 3520 1069 3580 och

326 3547 551 3607 komedierna
595 3557 810 3617 »Professor
859 3567 1079 3627 Bernardi»,

322 3598 558 3658 »Litteratur»
619 3607 684 3667 och
725 3611 820 3671 »Den
861 3615 957 3675 stora
992 3620 1072 3680 sce¬

320 3648 425 3708 nen».
451 3650 496 3710 Av
527 3654 617 3714 hans
648 3660 895 3720 prosaböcker
926 3668 976 3728 må
1007 3671 1072 3731 här

316 3697 465 3757 nämnas
501 3703 666 3763 romanen
702 3710 841 3770 »Vägen
883 3715 918 3775 ut
950 3719 1067 3779 till/li-

321 3746 418 3806 vet»,
436 3749 500 3809 och
535 3756 691 3816 novellen
732 3762 881 3822 »Bertha
911 3770 1067 3830 Gaylans

320 3802 668 3862 ungdomskärlek».

1444 443 1571 503 box
1654 449 1886 509 43/20

1518 994 2237 1054 DOBSERVER

1604 1038 1629 1098 I.
1642 1041 1763 1101 österr.
1776 1047 1923 1107 behördl.
1941 1057 2235 1117 konzessioniertes

1558 1080 1791 1140 Unternehmen
1820 1087 1870 1147 für
1895 1096 2278 1156 Zeitungs-Ausschnitte

1602 1140 1750 1200 WIEN,
1777 1146 1828 1206 I.,
1855 1155 2139 1215 WOLLZEILE
2185 1163 2229 1223 11

1704 1196 1916 1256 TELEPHON
1951 1205 2124 1265 R-23-0-43

1639 1315 1855 1375 Svenska
1905 1310 2178 1370 Dagbladet

1641 1730 2310 1790 SCHNITZLER

1507 1853 1560 1913 trm
1585 1853 1592 1913 à
1614 1854 1622 1914 1

1742 1868 2245 1928 AVLIDEN.

1679 3016 1802 3076 WIEN,
1825 3019 1856 3079 21
1879 3018 1953 3078 okt.
1976 3018 2061 3078 (TT)
2084 3018 2202 3078 Arthur
2224 3018 2375 3078 Schnitz-

1631 3062 1672 3122 ler
1706 3062 1793 3122 avled
1827 3062 1881 3122 här
1915 3059 1956 3119 vid
1990 3056 2115 3116 7-tiden
2149 3062 2182 3122 på
2216 3062 2378 3122 onsdags-

1623 3104 1782 3164 aftonen.
1827 3104 1870 3164 Då
1902 3104 2105 3164 författaren
2141 3104 2175 3164 på
2207 3104 2379 3164 eftermid-

1631 3149 1731 3209 dagen
1792 3146 1970 3206 ätervände
2008 3146 2080 3206 från
2117 3146 2149 3206 en
2189 3147 2383 3207 promenad.

1627 3191 1814 3251 drabbades
1840 3191 1898 3251 han
1932 3190 1969 3250 av
1994 3191 2178 3251 slaganfall
2203 3189 2253 3249 och
2287 3191 2374 3251 avled

1631 3236 1704 3296 utan
1765 3236 1816 3296 att
1863 3236 1901 3296 ha
1962 3236 2104 3296 återfått
2139 3233 2379 3293 medvetandet.

1633 3280 1814 3340 Schnitzler
1843 3279 1898 3339 var
1927 3278 1973 3338 vid
2001 3280 2043 3340 sin
2076 3277 2127 3337 död
2160 3277 2196 3337 69
2225 3277 2257 3337 år
2286 3279 2374 3339 gam-

1630 3326 1718 3386 mal.

1677 3414 1737 3474 För
1770 3414 1869 3474 några
1907 3414 2010 3474 dagar
2044 3412 2141 3472 sedan
2175 3412 2334 3472 utsändes
2368 3409 2381 3469 i

1633 3465 1723 3525 radio
1753 3463 1824 3523 från
1858 3463 2035 3523 Stockholm
2079 3463 2198 3523 Arthur
2227 3460 2376 3520 Schnitz-

1633 3514 1692 3574 lers
1727 3513 1791 3573 lilla
1826 3513 2005 3573 skådespel
2035 3510 2153 3570 Alskog
2194 3510 2381 3570 (Liebelei).

1631 3562 1693 3622 Det
1722 3563 1775 3623 var
1804 3564 1856 3624 det
1881 3561 2015 3621 stycke,
2034 3560 2096 3620 med
2130 3558 2226 3618 vilket
2250 3558 2360 3618 förfat

1631 3615 1719 3675 taren
1781 3613 1893 3673 gjorde
1931 3610 1978 3670 sin
2011 3610 2119 3670 första
2157 3609 2382 3669 berömmelse.

1633 3664 1700 3724 Han
1733 3663 1791 3723 var
1819 3662 1982 3722 trettiotre
2011 3660 2046 3720 àr
2074 3660 2228 3720 gammal,
2247 3657 2378 3717 medici¬

1633 3715 1669 3775 ne
1692 3713 1829 3773 doktor,
1843 3711 1898 3771 son
1930 3710 1967 3770 av
1990 3710 2022 3770 en
2050 3707 2177 3767 berömd
2201 3707 2297 3767 fader
2320 3707 2375 3767 och

1633 3761 1776 3821 framför
1805 3761 1863 3821 allt
1883 3761 1916 3821 en
1945 3760 2002 3820 son
2032 3758 2070 3818 av
2099 3758 2200 3818 Wien.
2239 3755 2300 3815 Det
2325 3755 2377 3815 var

1638 3812 1716 3872 ännu
1751 3812 1805 3872 det
1835 3812 1928 3872 glada
1967 3809 2021 3869 och
2056 3809 2242 3869 lättsinniga
2282 3806 2380 3866 Wien,

1636 3861 1745 3921 fastän
1780 3860 1827 3920 det
1851 3858 2047 3918 anfäktades
2077 3857 2109 3917 av
2134 3857 2186 3917 det
2206 3857 2378 3917 egendom-

1636 3913 1695 3973 liga
1749 3909 2069 3969 sjukdomstillständ
2124 3905 2139 3965 i
2164 3906 2286 3966 själen,
2311 3905 2365 3965 som

1636 3960 1705 4020 man
1735 3958 1878 4018 brukade
1908 3955 2060 4015 beteckna
2096 3955 2155 4015 med
2190 3955 2283 4015 orden
2313 3955 2377 4015 "fin

1638 4010 1671 4070 de
1700 4008 1835 4068 siècle”.
1879 4006 2023 4066 Liebelei
2048 4003 2318 4063 representerade
2347 4003 2375 4063 en

1640 4057 1860 4117 livsstämning
1889 4057 1903 4117 i
1928 4054 2028 4114 Wien,
2052 4054 2114 4114 men
2143 4054 2239 4114 ocksä
2273 4053 2306 4113 en
2335 4051 2378 4111 si-

1636 4108 1671 4168 da
1731 4107 1786 4167 hos
1822 4105 1867 4165 sin
1905 4105 2146 4165 upphovsman.
2197 4102 2237 4162 En
2275 4102 2374 4162 annan

1635 4155 1707 4215 sida
1735 4155 1812 4215 hade
1835 4155 1894 4215 han
1922 4152 2126 4212 uppenbarat
2145 4149 2158 4209 i
2176 4149 2226 4209 den
2259 4150 2299 4210 ett
2322 4151 2381 4211 par

1635 4206 1671 4266 år
1708 4203 1846 4263 tidigare
1887 4203 2015 4263 skrivna
2057 4200 2203 4260 eleganta
2245 4200 2309 4260 svit
2341 4199 2377 4259 av

1637 4254 1813 4314 enaktare,
1854 4251 1911 4311 som
1956 4251 2018 4311 fick
2054 4250 2182 4310 namnet
2209 4248 2293 4308 efter
2325 4248 2377 4308 den

1643 4302 1689 4362 för
1746 4302 1801 4362 dem
1875 4299 1935 4359 alla
1974 4300 2206 4360 gemensamme
2246 4299 2365 4359 hjälten
