3392 4320
134 309 184 369 2

306 306 883 366 Schnitzler's
950 303 1182 363 Death

794 834 799 894 *
815 833 822 893 *
839 832 845 892 *
862 831 869 891 *
886 831 892 891 *

288 3614 411 3674 Arthur
439 3616 598 3676 Schnitzler
621 3614 657 3674 f,
676 3614 721 3674 der
749 3614 839 3674 große
863 3616 1095 3676 Romandichter
1123 3614 1177 3674 und

622 3659 842 3719 Dramatiker.

373 3700 437 3760 eine
467 3700 515 3760 der
541 3703 653 3763 klugen,
678 3706 885 3766 nachdentlichen
920 3705 1057 3765 Gestalten
1092 3706 1176 3766 seiner

296 3742 390 3802 Stücke
424 3739 475 3799 und
519 3741 706 3801 Erzählungen
745 3742 779 3802 ist
814 3744 856 3804 der
891 3745 946 3805 fast
972 3746 1177 3806 siebzigjährige

296 3783 399 3843 Dichter
425 3780 475 3840 aus
500 3779 546 3839 dem
580 3783 663 3843 Leben
689 3781 843 3841 gegangen.
864 3784 909 3844 Ein
939 3785 1026 3845 letzter
1052 3784 1168 3844 Spazier

387 3822 461 3882 durch
488 3817 536 3877 das
563 3820 713 3880 herbstliche
740 3821 832 3881 Wien,
851 3823 899 3883 das
926 3823 952 3883 er
974 3825 1071 3885 liebte,
1089 3823 1182 3883 Heim¬

376 3859 415 3919 ins
442 3861 508 3921 stille
531 3861 605 3921 Haus
628 3860 681 3920 und
704 3859 743 3919 ein
770 3862 906 3922 Hinsinken
934 3864 960 3924 am
996 3865 1186 3925 Schreibtisch.

627 3906 696 3966 Fot.
709 3906 753 3966 Ilse
772 3906 822 3966 Roß

337 4112 603 4172 ARTHUR
673 4115 1115 4175 SCHNITZLER

1403 297 1538 357 box
1614 297 1856 357 43/13

1379 751 1562 811 Berliner
1603 751 1806 811 IUlustrirte
1848 752 2017 812 Zeitung

1256 834 1288 894 ..
1301 835 1309 895 .
1319 835 1326 895 .
1339 836 1346 896 *
1359 837 1367 897 *
1379 837 1387 897 *
1400 837 1404 897 *
1420 837 1424 897 *
1440 837 1445 897 *
1457 837 1465 897 *
1478 838 1485 898 *
1498 838 1505 898 *
1518 839 1525 899 *
1538 839 1543 899 *
1556 840 1563 900 *
1576 840 1583 900 *
1596 840 1601 900 *
1616 840 1621 900 *
1636 840 1641 900 *
1657 840 1661 900 *
1674 840 1679 900 *
1694 840 1699 900 *

2109 2733 2159 2793 Die
2190 2735 2352 2795 Beisetzung
2383 2736 2428 2796 der
2454 2736 2545 2796 Opfer
2576 2736 2621 2796 des
2652 2739 2921 2799 Grubenunglücks

2171 2779 2226 2839 auf
2255 2781 2301 2841 der
2330 2781 2410 2841 Zeche
2438 2778 2532 2838 Mont
2556 2781 2649 2841 Cenis
2683 2781 2729 2841 bei
2753 2781 2870 2841 Herne.

2397 2821 2455 2881 Fot.
2470 2823 2499 2883 B.
2519 2822 2643 2882 Muthfer.

1990 2972 2167 3032 „Werther“
2194 2972 2313 3032 gelitten
2345 2975 2394 3035 hat
2422 2974 2476 3034 und
2504 2972 2553 3032 der
2582 2972 2676 3032 Mann
2709 2975 2867 3035 Schnitzler
2895 2972 2927 3032 an
2959 2972 3008 3032 dem
3050 2975 3158 3035 der:

1994 3021 2178 3081 „Liebelei“,
2201 3021 2246 3081 die
2275 3023 2380 3083 immer
2408 3022 2513 3082 wieder
2541 3023 2596 3083 auf
2615 3023 2743 3083 Bühnen
2781 3023 2904 3083 gespielt
2932 3023 3051 3083 wurde,
3070 3024 3115 3084 die

1992 3070 2036 3130 sich
2064 3070 2113 3130 den
2146 3070 2259 3130 Werken
2291 3070 2382 3130 seiner
2405 3072 2491 3132 reifen
2519 3070 2582 3130 Zeit
2609 3071 2664 3131 und
2696 3072 2786 3132 seines
2814 3070 2918 3130 Alters
2946 3071 3000 3131 nur
3028 3073 3095 3133 allzu

1990 3121 2039 3181 oft
2058 3121 2262 3181 verschlossen.
2285 3120 2366 3180 Denn
2394 3121 2439 3181 die
2462 3119 2621 3179 „Liebelei“
2648 3121 2721 3181 zeigt
2744 3121 2771 3181 am
2808 3121 2939 3181 stärksten
2967 3121 3007 3181 die
3030 3121 3102 3181 Ver¬

1989 3170 2167 3230 wurzelung
2201 3170 2376 3230 Schnitzlers
2402 3169 2426 3229 in
2456 3169 2547 3229 seinem
2589 3169 2822 3229 Heimatboden,
2844 3172 2868 3232 in
2902 3170 2948 3230 der
2977 3170 3106 3230 Kultur¬

1994 3220 2088 3280 schicht
2115 3221 2162 3281 des
2192 3219 2312 3279 höheren
2347 3219 2463 3279 Wiener
2490 3220 2714 3280 Bürgertums,
2736 3220 2787 3280 wie
2813 3220 2838 3280 es
2869 3220 2912 3280 sich
2942 3220 3006 3280 nach
3037 3220 3101 3280 1866

1990 3270 2186 3330 entwickelte,
2205 3270 2378 3330 unberührt
2402 3269 2451 3329 von
2484 3269 2588 3329 zweien
2621 3267 2670 3327 der
2703 3270 2881 3330 mächtigsten
2918 3269 3041 3329 Triebe,
3060 3271 3105 3331 die

2152 3419 2231 3479 sonst
2254 3421 2311 3481 das
2343 3422 2578 3482 Menschenleben
2614 3423 2734 3483 lenken:
2762 3423 2814 3483 von
2850 3426 2974 3486 Ehrgeiz

2143 3468 2200 3528 und
2246 3469 2321 3529 Not.
2371 3470 2532 3530 Lächelnde
2569 3470 2823 3530 Melancholiker,
2860 3472 2971 3532 heitere

2152 3518 2306 3578 Skeptiker
2343 3517 2398 3577 und
2434 3521 2694 3581 kulturgesättigte
2726 3518 2881 3578 Genießer
2913 3521 2967 3581 sind

2151 3569 2327 3629 Schnitzlers
2364 3566 2535 3626 Menschen.
2582 3568 2640 3628 Sie
2672 3569 2771 3629 sehnen
2813 3568 2857 3628 sich
2899 3572 2962 3632 nach

2145 3617 2245 3677 Liebe,
2264 3616 2300 3676 sie
2324 3616 2447 3676 fürchten
2480 3615 2525 3675 den
2553 3617 2630 3677 Tod.
2649 3617 2713 3677 Und
2741 3617 2773 3677 sie
2796 3619 2960 3679 empfinden

2145 3665 2213 3725 aufs
2246 3665 2378 3725 stärkste,
2402 3663 2465 3723 was
2498 3663 2552 3723 wir
2585 3667 2672 3727 heute
2704 3666 2749 3726 die
2782 3666 2969 3726 Relativität

2145 3715 2220 3775 aller
2251 3712 2348 3772 Dinge
2376 3714 2402 3774 zu
2438 3714 2548 3774 nennen
2584 3715 2721 3775 pflegen.
2766 3715 2819 3775 „Es
2855 3715 2961 3775 fließen

2147 3763 2326 3823 ineinander
2352 3762 2448 3822 Traum
2490 3762 2544 3822 und
2570 3763 2712 3823 Wachen,
2729 3763 2888 3823 Wahrheit
2909 3766 2963 3826 und

2145 3813 2237 3873 Lüge,
2260 3811 2424 3871 Sicherheit
2451 3810 2486 3870 ist
2508 3811 2694 3871 nirgends“.
2735 3813 2797 3873 Das
2828 3814 2863 3874 ist
2890 3814 2965 3874 keine

2144 3859 2335 3919 dramalische
2361 3862 2678 3922 Lebensanschauung.
2707 3863 2823 3923 Später
2849 3862 2911 3922 trat
2932 3863 2957 3923 in

2143 3909 2318 3969 Schnitzlers
2348 3909 2477 3969 Schaffen
2507 3909 2561 3969 das
2586 3910 2695 3970 Drama
2720 3911 2820 3971 hinter
2846 3912 2954 3972 Romar

2138 3957 2192 4017 und
2218 3959 2335 4019 Novelle
2352 3960 2465 4020 zurück.
2483 3960 2520 4020 In
2550 3960 2688 4020 Novellen
2722 3960 2776 4020 wie
2794 3960 2961 4020 „Leutnant

2144 4005 2265 4065 Gustl“,
2293 4008 2452 4068 „Fräulein
2485 4009 2589 4069 Else“,
2612 4008 2721 4068 „Spiel
2749 4008 2775 4068 im
2817 4009 2962 4069 Morgen¬

2143 4056 2293 4116 grauen“,
2311 4056 2359 4116 das
2386 4056 2478 4116 zuerst
2501 4059 2522 4119 in
2550 4059 2598 4119 der
2625 4058 2784 4118 „Berliner
2806 4059 2960 4119 Illustrir¬

2139 4101 2206 4161 ten“
2234 4103 2374 4163 erschien,
2393 4103 2451 4163 und
2484 4106 2751 4166 „Traumnovelle“
2779 4109 2833 4169 hat
2856 4109 2883 4169 er
2911 4109 2956 4169 die

2143 4148 2220 4208 Höhe
2248 4151 2339 4211 seiner
2367 4156 2581 4216 Meisterschaft
2600 4157 2736 4217 erreicht.
