3392 4352
149 270 267 330 12.
328 270 924 330 Schnitzler's
986 270 1222 330 Death

272 1232 986 1292 OBSERVER

357 1309 378 1369 I.
392 1309 512 1369 österr.
526 1306 677 1366 behördl.
690 1300 988 1360 konzessioniertes

304 1348 537 1408 Unternehmen
569 1345 617 1405 für
648 1341 1046 1401 Zeitungs-Ausschnitte

367 1410 526 1470 WIEN,
547 1408 593 1468 I.,
607 1404 907 1464 WOLLZEILE
948 1399 987 1459 11

465 1458 677 1518 TELEPHON
720 1453 890 1513 R-23-0-43

198 1544 278 1604 trait
305 1542 342 1602 du
381 1538 551 1598 Journal:

422 1606 540 1666 OSIS

203 1643 301 1703 resse
322 1641 332 1701 :

196 1742 278 1802 ite:

233 1956 1154 2016 Arthur=Schnitzler=Anekdoten.

309 2025 406 2085 Gegen
438 2025 525 2085 Ende
551 2025 602 2085 des
634 2024 721 2084 ersten
753 2022 943 2082 Jahrzehnts
969 2019 1062 2079 dieses
1088 2019 1191 2079 Jahr¬

252 2067 392 2127 hunderts
415 2067 465 2127 kam
507 2066 538 2126 an
566 2064 697 2124 manchen
730 2064 802 2124 recht
825 2061 1025 2121 bedeutenden
1053 2058 1180 2118 Bühnen

250 2109 297 2169 die
331 2106 422 2166 Mode
451 2106 522 2166 auf,
542 2106 627 2166 durch
652 2106 901 2166 frabenschwarze
930 2103 1025 2163 Nacht
1055 2100 1107 2160 auf
1136 2100 1188 2160 der

251 2146 359 2206 Bühne
385 2145 566 2205 Stimmung
587 2145 617 2205 zu
639 2144 804 2204 erzeugen.
820 2144 856 2204 Zu
882 2141 964 2201 jener
986 2141 1057 2201 Zeit
1074 2141 1192 2201 brachte

245 2189 302 2249 das
341 2189 470 2249 Wiener
505 2186 721 2246 Burgtheater
760 2183 808 2243 die
842 2180 1082 2240 Uraufführung
1131 2179 1183 2239 von

249 2228 430 2288 Schnitzlers
460 2228 538 2288 „Der
563 2227 690 2287 einsame
715 2226 827 2286 Weg“.
843 2224 901 2284 Der
926 2222 1043 2282 Dichter
1068 2222 1112 2282 saß
1142 2219 1190 2279 bei

249 2270 301 2330 der
324 2270 557 2330 Generalprobe
584 2267 606 2327 im
647 2267 778 2327 Parkett
801 2264 858 2324 und
885 2264 933 2324 der
951 2264 1110 2324 damalige
1132 2260 1194 2320 In¬

249 2311 384 2371 tendant
407 2311 458 2371 der
482 2309 579 2369 Burg,
598 2309 700 2369 Baron
728 2306 862 2366 Berger,
877 2306 974 2366 fragte
998 2306 1071 2366 ihn:
1091 2303 1174 2363 „Nun

1006 2345 1078 2405 „Ich
1112 2343 1188 2403 weiß

252 2350 311 2410 wie
339 2350 447 2410 gefällt
470 2349 502 2409 es
530 2347 655 2407 Ihnen,
672 2347 753 2407 Herr
775 2344 911 2404 Doktor?

252 2392 344 2452 nicht,
388 2389 508 2449 lautete
537 2389 719 2449 Schnitzlers
752 2386 915 2446 Antwort,
940 2386 1023 2446 „man
1061 2385 1135 2445 sieht
1164 2387 1191 2447 ja

257 2434 304 2494 sein
338 2433 461 2493 eigenes
495 2430 590 2490 Wort
614 2429 709 2489 nicht.

315 2530 477 2590 Schnitzler
511 2530 568 2590 und
607 2527 860 2587 Hofmannsthal
894 2527 1018 2587 wollten
1056 2526 1099 2586 sich
1138 2524 1195 2584 vor

257 2571 376 2631 etlichen
414 2569 534 2629 Jahren
577 2569 624 2629 bei
654 2569 706 2629 den
745 2568 940 2628 Salzburger
974 2563 1199 2623 Mozart=Fest¬

257 2613 369 2673 spielen
397 2610 524 2670 treffen,
543 2610 599 2670 und
628 2610 806 2670 Schnitzler,
825 2607 872 2667 der
896 2606 998 2666 früher
1023 2604 1088 2664 nach
1112 2604 1205 2664 Salz¬

257 2654 331 2714 burg
364 2652 448 2712 kam,
472 2652 561 2712 sollte
595 2649 641 2709 die
674 2649 937 2709 Eintrittskarten
976 2647 1135 2707 besorgen.
1159 2643 1205 2703 Er

261 2696 304 2756 tat
333 2694 390 2754 also
419 2694 476 2754 und
501 2691 644 2751 drahtete
669 2691 702 2751 an
736 2689 999 2749 Hofmannsthal:
1024 2685 1124 2745 „Sitze
1148 2683 1201 2743 be¬

257 2738 338 2798 sorgt
372 2735 467 2795 Hotel
501 2732 668 2792 Römischer
706 2731 831 2791 Kaiser.
855 2728 1046 2788 Schnitzler.“
1094 2727 1189 2787 Schon

256 2775 322 2835 nach
357 2774 494 2834 wenigen
534 2772 675 2832 Stunden
716 2771 781 2831 traf
813 2770 857 2830 ein
893 2769 1073 2829 Telegramm
1127 2764 1202 2824 Hof¬

261 2816 460 2876 mannsthals
493 2813 534 2873 ein
566 2813 615 2873 des
643 2812 848 2872 Wortlauts:
871 2809 1008 2869 „Warum
1044 2807 1131 2867 sitzest
1154 2807 1199 2867 be¬

261 2861 340 2921 sorgt
365 2858 533 2918 Römischer
563 2855 691 2915 Kaiser?
722 2852 988 2912 Hofmannsthal.

320 2944 396 3004 Eine
430 2947 492 3007 sehr
521 2944 640 3004 hübsche
674 2941 1004 3001 Schnitzler=Anekdote
1039 2938 1201 2998 berichtete

266 2993 332 3053 auch
357 2990 442 3050 Paul
462 2991 614 3051 Morgan.
629 2986 773 3046 Letzterer
792 2983 897 3043 spielte
917 2983 964 3043 bei
979 2981 1026 3041 der
1041 2979 1198 3039 Premiere

212 3044 261 3104 von
287 3046 467 3106 Schnitzlers
498 3047 592 3107 „Fink
623 3042 678 3102 und
708 3040 948 3100 Fliederbusch“,
969 3040 1014 3100 die
1039 3040 1139 3100 wenig

206 3088 378 3148 erfolgreich
411 3085 541 3145 gewesen
579 3084 634 3144 sein
672 3082 760 3142 muß.
793 3082 853 3142 Als
886 3080 913 3140 er
942 3081 1053 3141 danach
1086 3079 1146 3139 mit

206 3126 369 3186 Schnitzler
403 3125 647 3185 zusammensaß,
672 3124 811 3184 erzählte
845 3121 878 3181 er
912 3121 993 3181 ihm,
1023 3121 1075 3181 daß
1119 3121 1147 3181 er

210 3165 305 3225 wegen
337 3166 433 3226 seines
465 3165 620 3225 „Reigen“
652 3163 761 3223 gerade
785 3162 811 3222 im
853 3161 1153 3221 Abiturientenjahr

205 3207 383 3267 dimittiert
405 3207 520 3267 worden
556 3204 605 3264 sei,
623 3204 653 3264 da
685 3204 716 3264 er
743 3202 804 3262 dies
836 3202 885 3262 für
907 3201 1067 3261 damalige
1094 3198 1156 3258 An¬

213 3249 389 3309 schauungen
420 3246 557 3306 ominöse
579 3243 667 3303 Stück
690 3243 778 3303 unter
805 3243 853 3303 der
876 3240 1047 3300 Schulbank
1070 3240 1153 3300 gele¬

212 3290 247 3350 sen
278 3288 353 3348 habe
376 3288 433 3348 und
460 3286 552 3346 dabei
570 3285 703 3345 erwischt
725 3285 840 3345 wurde.
862 3284 920 3344 „Da
946 3282 1065 3342 standen
1097 3281 1149 3341 wir

209 3329 261 3389 also
291 3327 368 3387 schon
402 3326 454 3386 vor
484 3326 556 3386 etwa
590 3326 652 3386 zehn
687 3323 807 3383 Jahren
842 3323 961 3383 einmal
986 3323 1015 3383 in
1044 3321 1154 3381 Bezie¬

208 3368 305 3428 hung,
339 3368 451 3428 meinte
474 3365 717 3425 liebenswürdig
746 3362 918 3422 Schnitzler.
933 3362 942 3422 —
989 3362 1157 3422 „Jawohl,

213 3410 282 3470 Herr
306 3407 446 3467 Doktor,“
470 3407 549 3467 sagte
573 3408 732 3468 Morgan,
746 3404 839 3464 „aber
863 3405 914 3465 wir
938 3404 1055 3464 müßten
1088 3400 1153 3460 ein¬

209 3449 303 3509 ander
325 3449 381 3509 aus
407 3449 458 3509 dem
502 3449 592 3509 Wege
618 3448 734 3508 gehen!
756 3446 842 3506 Denn
873 3444 1040 3504 jedesmal,
1062 3443 1143 3503 wenn

208 3488 261 3548 wir
288 3491 314 3551 in
346 3491 560 3551 Beziehungen
587 3490 707 3550 treten,
725 3488 796 3548 fällt
819 3486 903 3546 einer
926 3485 974 3545 von
1006 3483 1064 3543 uns
1091 3482 1152 3542 bei¬

997 3527 1045 3587 H.
1071 3524 1119 3584 B.

209 3529 261 3589 den
295 3532 401 3592 durch!

1430 270 1559 330 box
1636 270 1818 330 44/2

1754 685 1840 745 NY
1895 685 2049 745 TIMES

1617 982 1965 1042 ARTHUR
2033 987 2575 1047 SCHNITZLER

1582 1094 1626 1154 By
1652 1100 1752 1160 IRMA
1782 1100 1942 1160 KRAFT.

2118 1103 2319 1163 Schnitzler's
2349 1106 2473 1166 shorter
2507 1109 2631 1169 novels,
2656 1110 2713 1170 and
2747 1111 2780 1171 of

2124 1144 2310 1204 "Theresa,"
2345 1147 2439 1207 which
2474 1149 2486 1209 I
2518 1149 2651 1209 believet
2686 1150 2780 1210 would

1432 1141 1499 1201 N
1543 1147 1589 1207 his
1617 1148 1763 1208 spacious
1795 1150 1881 1210 home
1913 1150 1940 1210 in
1976 1153 2090 1213 Vienna

1500 1189 1547 1249 the
1565 1189 1722 1249 afternoon
1748 1189 1795 1249 sun
1821 1191 1932 1251 pourèd
1954 1192 2082 1252 through
2125 1186 2214 1246 make
2240 1186 2253 1246 a
2287 1189 2411 1249 stirring
2446 1190 2548 1250 drama
2583 1192 2612 1252 of
2638 1192 2689 1252 the
2720 1191 2770 1251 new

1496 1228 1508 1288 a
1540 1231 1628 1291 broad
1659 1231 1751 1291 study
1778 1231 1928 1291 window,
1946 1234 2083 1294 lingered
2114 1226 2180 1286 form
2224 1228 2290 1288 akin
2322 1231 2347 1291 to
2375 1231 2524 1291 Langer's
2556 1234 2763 1294 “Perlphery,

1497 1269 1570 1329 over
1594 1270 1675 1330 rows
1704 1272 1737 1332 of
1766 1273 1875 1333 books,
1900 1273 1973 1333 over
1998 1276 2087 1336 many

2118 1267 2209 1327 which
2239 1270 2301 1330 was
2327 1272 2397 1332 then
2427 1276 2540 1336 having
2570 1276 2582 1336 a
2607 1277 2782 1337 successful

1437 1312 1572 1372 valuable
1600 1314 1745 1374 etchings
1772 1315 1826 1375 and
1859 1315 1944 1375 came
1972 1315 2008 1375 at
2031 1317 2089 1377 last
2122 1309 2176 1369 run
2203 1310 2226 1370 in
2253 1313 2389 1373 Vienna.

1432 1350 1461 1410 to
1483 1351 1545 1411 rest
1568 1353 1600 1413 on
1627 1353 1678 1413 the
1704 1354 1795 1414 broad
1821 1356 1891 1416 brow
1928 1356 1957 1416 of
1979 1356 2093 1416 Arthui

2144 1348 2408 1408 “Daybreak,"
2439 1356 2473 1416 he
2495 1357 2581 1417 said,
2599 1357 2681 1417 "was
2703 1361 2785 1421 writ-

1433 1392 1623 1452 Schnitzler.
1648 1395 1708 1455 The
1729 1395 1854 1455 creator
1875 1397 1907 1457 of
1928 1398 2077 1458 “Anatol,

2119 1392 2166 1452 ten
2188 1392 2209 1452 in
2231 1392 2282 1452 two
2304 1396 2377 1456 days
2399 1398 2420 1458 in
2442 1398 2497 1458 two
2515 1401 2584 1461 long
2606 1402 2743 1462 sittings.
2756 1404 2786 1464 It

1436 1434 1650 1494 “Daybreak,”
1693 1435 1882 1495 “Theresa,”
1921 1437 2088 1497 “Fraulein
2122 1434 2207 1494 came
2230 1437 2328 1497 direct
2350 1437 2418 1497 from
2457 1441 2525 1501 life,
2543 1441 2607 1501 from
2646 1442 2658 1502 a
2685 1443 2783 1503 young

1430 1474 1522 1534 Elsa"
1558 1476 1614 1536 and
1651 1476 1743 1536 many
1776 1476 1864 1536 other
1893 1478 1997 1538 novels
2030 1478 2085 1538 and
2119 1476 2231 1536 officer
2255 1476 2315 1536 who
2340 1478 2392 1538 had
2421 1480 2501 1540 come
2525 1482 2553 1542 to
2574 1482 2617 1542 me
2642 1483 2786 1543 concern¬

1430 1516 1518 1576 plays
1550 1518 1719 1578 impressed
1760 1518 1808 1578 the
1845 1518 1953 1578 visitor
1986 1521 2094 1581 imme-
2123 1516 2167 1576 ing
2196 1518 2280 1578 some
2304 1520 2425 1580 trouble
2449 1521 2485 1581 he
2514 1522 2574 1582 was
2599 1525 2642 1585 in.
2679 1525 2695 1585 A
2728 1522 2775 1582 few

1426 1556 1542 1616 diately
1579 1558 1642 1618 with
1683 1558 1727 1618 his
1764 1559 1924 1619 enormous
1961 1559 2089 1619 interest
2119 1558 2195 1618 days
2219 1559 2291 1619 later
2312 1562 2323 1622 I
2344 1562 2468 1622 learned
2493 1562 2561 1622 that
2582 1564 2613 1624 he
2638 1563 2690 1623 had
2714 1563 2782 1623 shot

1426 1598 1457 1658 in
1490 1598 1671 1658 humanity.
1715 1599 1771 1659 His
1804 1600 1993 1660 personality
2029 1600 2089 1660 was
2118 1598 2263 1658 himself.
2307 1600 2323 1660 I
2356 1603 2440 1663 filled
2480 1603 2504 1663 in
2545 1604 2597 1664 the
2629 1604 2782 1664 incidents

1428 1638 1545 1698 replete
1577 1638 1642 1698 with
1674 1640 1791 1700 power,
1815 1643 1986 1703 magnetism
2030 1642 2084 1702 and
2116 1638 2186 1698 from
2221 1640 2268 1700 the
2291 1643 2369 1703 clues
2389 1643 2424 1703 he
2448 1646 2498 1706 had
2526 1646 2607 1706 given
2635 1646 2693 1706 me.
2717 1646 2779 1706 And

1430 1679 1560 1739 charm.

2120 1681 2249 1741 Theresa
2275 1685 2287 1745 I
2309 1685 2374 1745 met
2396 1685 2426 1745 as
2452 1686 2503 1746 she
2529 1686 2572 1746 lay
2599 1688 2689 1748 dying
2715 1690 2740 1750 in
2767 1688 2779 1748 a

1458 1716 1554 1776 There
1581 1721 1642 1781 was
1670 1721 1753 1781 much
1784 1723 1876 1783 about
1900 1724 1948 1784 him
1988 1724 2053 1784 that
2076 1724 2089 1784 I
2121 1724 2261 1784 hospital
2275 1724 2340 1784 cot.
2372 1727 2438 1787 Her
2460 1730 2504 1790 son
2531 1730 2588 1790 had
2615 1732 2782 1792 attempted

1430 1758 1546 1818 wanted
1583 1762 1610 1822 to
1643 1762 1929 1822 know—primarily
1962 1762 2018 1822 how
2059 1762 2090 1822 he
2120 1763 2147 1823 to
2180 1765 2232 1825 rob
2264 1765 2320 1825 and
2354 1768 2426 1828 then
2462 1770 2587 1830 murder
2616 1771 2684 1831 her.
2724 1771 2784 1831 She

1430 1804 1485 1864 had
1522 1804 1634 1864 turned
1671 1804 1739 1864 from
1788 1804 1940 1864 medicine
1973 1804 2001 1864 to
2038 1804 2089 1864 the
2119 1806 2235 1866 begged
2272 1807 2315 1867 me
2344 1808 2372 1868 to
2404 1810 2456 1870 use
2489 1810 2537 1870 my
2569 1812 2722 1872 influence
2755 1813 2782 1873 so

1430 1843 1554 1903 writing
1582 1846 1614 1906 of
1639 1846 1743 1906 novels
1772 1846 1828 1906 and
1856 1846 1884 1906 to
1913 1846 1925 1906 a
1953 1847 2085 1907 mastery
2119 1848 2190 1908 that
2215 1849 2251 1909 he
2279 1850 2372 1910 would
2409 1852 2460 1912 not
2489 1853 2521 1913 be
2549 1855 2686 1915 hanged.
2727 1856 2782 1916 She

1429 1887 1463 1947 of
1485 1885 1535 1945 the
1557 1887 1805 1947 craftsmanship
1831 1888 1861 1948 of
1883 1888 1934 1948 the
1956 1888 2096 1948 theatre,
2123 1889 2182 1949 told
2208 1891 2255 1951 me
2277 1891 2345 1951 that
2367 1893 2392 1953 it
2414 1894 2478 1954 was
2500 1894 2550 1954 her
2577 1894 2636 1954 own
2667 1897 2718 1957 life
2739 1895 2790 1955 be¬

1481 1922 1545 1982 But
1566 1926 1577 1986 I
1598 1927 1675 1987 have
1696 1927 1748 1987 not
1769 1927 1874 1987 turned
1899 1927 1964 1987 from
2005 1930 2097 1990 medi¬

2118 1933 2180 1993 fore
2210 1933 2247 1993 he
2281 1933 2339 1993 was
2373 1936 2444 1996 born
2478 1936 2549 1996 that
2579 1938 2637 1998 had
2671 1938 2780 1998 caused

1432 1965 1526 2025 cine,”
1552 1965 1628 2025 Herr
1650 1968 1825 2028 Schnitzler
1843 1968 1902 2028 said
1928 1968 1949 2028 in
1975 1968 1988 2028 a
2010 1968 2094 2028 care¬
2117 1971 2168 2031 his
2194 1976 2420 2036 delinquency;
2442 1977 2506 2037 also
2532 1977 2583 2037 the
2609 1978 2783 2038 precarious

1431 2007 1494 2067 ful,
1508 2007 1621 2067 almost
1640 2007 1789 2067 classical
1807 2008 1961 2068 German;
1985 2009 2011 2069 “I
2034 2009 2097 2069 will
2125 2016 2256 2076 manner
2275 2016 2297 2076 in
2324 2016 2420 2076 which
2447 2019 2497 2079 she
2520 2019 2574 2079 had
2602 2019 2655 2079 had
2683 2019 2710 2079 to
2733 2019 2787 2079 live

1431 2049 1522 2109 never
1563 2049 1632 2109 turn
1677 2049 1747 2109 from
1804 2049 1971 2109 medicine.
2024 2051 2090 2111 The
2121 2053 2204 2113 when
2231 2057 2266 2117 he
2288 2058 2345 2118 was
2372 2058 2380 2118 a
2407 2058 2485 2118 little
2504 2061 2578 2121 boy.
2609 2061 2639 2121 In
2666 2061 2679 2121 a
2701 2062 2780 2122 flash

1430 2088 1623 2148 laboratory,
1653 2091 1700 2151 my
1735 2091 1846 2151 office,
1876 2091 1923 2151 the
1958 2091 2094 2151 medical
2121 2095 2176 2155 her
2207 2097 2258 2157 life
2293 2100 2378 2160 came
2413 2100 2442 2160 to
2473 2100 2537 2160 me.
2584 2103 2601 2163 A
2640 2103 2742 2163 novel,
2769 2103 2781 2163 a

1429 2130 1537 2190 clinics
1560 2130 1609 2190 are
1632 2133 1677 2193 my
1700 2133 1917 2193 storehouses.
1941 2133 2003 2193 Men
2031 2133 2085 2193 and
2117 2137 2248 2197 drama,
2266 2141 2279 2201 a
2307 2139 2393 2199 film.
2439 2140 2597 2200 Theresa'
2615 2142 2637 2202 is
2665 2143 2782 2203 written

1431 2168 1544 2228 women
1576 2171 1657 2231 come
1685 2171 1712 2231 to
1739 2171 1785 2231 me
1808 2171 1907 2231 daily,
1926 2173 1952 2233 to
1980 2173 2088 2233 expose
2121 2180 2148 2240 in
2176 2180 2284 2240 actual
2307 2182 2356 2242 film
2398 2183 2497 2243 form.

1430 2212 1511 2272 their
1542 2212 1705 2272 turmoils,
1727 2213 1757 2273 to
1788 2213 1848 2273 tell
1870 2213 1916 2273 me
1952 2213 2089 2273 honestly

2150 2222 2265 2282 Behind
2299 2225 2341 2285 his
2371 2225 2466 2285 broad
2496 2225 2586 2285 study
2616 2228 2692 2288 table
2721 2229 2778 2289 and

1437 2253 1513 2313 their
1554 2252 1707 2312 troubles.
1762 2252 1798 2312 In
1844 2254 1952 2314 baring
2002 2255 2087 2315 these
2124 2262 2191 2322 with
2228 2264 2277 2324 his
2309 2265 2395 2325 sense
2432 2267 2463 2327 of
2495 2270 2644 2330 dignified
2680 2273 2784 2333 power

1433 2294 1570 2354 troubles
1595 2294 1662 2354 they
1687 2294 1858 2354 inevitably
1888 2294 1962 2354 show
2000 2294 2095 2354 them-

2118 2306 2201 2366 Herr
2221 2308 2393 2368 Schnitzler
2417 2309 2464 2369 did
2488 2309 2543 2369 not
2562 2312 2674 2372 appear
2698 2314 2726 2374 to
2750 2313 2782 2373 be

1429 2334 1544 2394 selves,
1572 2335 1655 2395 their
1689 2335 1899 2395 psychology,
1922 2335 1977 2395 the
2011 2335 2087 2395 daily
2121 2347 2270 2407 anything
2298 2350 2325 2410 of
2343 2350 2392 2410 the
2415 2350 2625 2410 adventurer.
2653 2350 2714 2410 Yet
2731 2353 2786 2413 one

1429 2374 1555 2434 dramas
1583 2374 1653 2434 they
1681 2374 1732 2434 are
1752 2374 1842 2434 living
1862 2374 1913 2434 and
1937 2374 1984 2434 the
2000 2374 2098 2434 mani¬

2120 2389 2197 2449 knew
2231 2389 2299 2449 that
2317 2389 2351 2449 he
2373 2390 2458 2450 must
2480 2392 2557 2452 have
2579 2392 2767 2452 adventured

1429 2418 1490 2478 fold
1513 2416 1626 2476 affairs
1649 2416 1744 2476 which
1768 2416 1914 2476 surround
1938 2416 1999 2476 them
2034 2417 2089 2477 like
2118 2426 2168 2486 far
2203 2431 2270 2491 from
2322 2431 2372 2491 the
2413 2434 2564 2494 hospital,
2593 2434 2643 2494 the
2678 2435 2784 2495 clinic,

1427 2455 1443 2515 a
1478 2455 1613 2515 network
1647 2455 1709 2515 and
1738 2458 1850 2518 among
1884 2455 1980 2515 which
2014 2458 2082 2518 they
2122 2469 2183 2529 from
2224 2472 2274 2532 his
2297 2473 2500 2533 comfortable
2523 2476 2635 2536 home;
2653 2476 2720 2536 that
2743 2476 2782 2536 he

1433 2499 1517 2559 move
1542 2497 1594 2557 and
1619 2499 1696 2559 have
1725 2498 1801 2558 their
1826 2497 1943 2557 being."

2121 2512 2204 2572 must
2224 2515 2302 2575 have
2327 2518 2453 2578 roamed
2479 2518 2507 2578 to
2532 2519 2586 2579 get
2606 2518 2654 2578 his
2679 2518 2776 2578 varied

1516 2538 1581 2598 was
1625 2538 1794 2598 especially
1843 2538 2013 2598 interested
2062 2539 2087 2599 in
2124 2553 2305 2613 materials.

1430 2580 1592 2640 "Anatol,"
1622 2580 1718 2640 which
1752 2580 1810 2640 was
1835 2579 1906 2639 then
1935 2580 2018 2640 being
2048 2580 2094 2640 re¬

2154 2589 2187 2649 "I
2216 2594 2274 2654 like
2303 2595 2332 2655 to
2366 2600 2418 2660 get
2443 2598 2505 2658 into
2535 2599 2664 2659 ytrange
2694 2600 2790 2660 quar¬

1429 2619 1513 2679 vived
1558 2620 1582 2680 in
1627 2619 1728 2679 Berlin
1773 2621 1829 2681 and
1879 2620 1992 2680 Vienna
2036 2619 2092 2679 and

2126 2635 2198 2695 ters,
2226 2637 2252 2697 to
2285 2637 2371 2697 stray
2403 2640 2457 2700 far
2485 2640 2611 2700 afield,"
2644 2640 2680 2700 he
2712 2643 2784 2703 con¬

1427 2661 1523 2721 which
1563 2664 1624 2724 had
1660 2661 1789 2721 become
1829 2663 1840 2723 a
1880 2664 1964 2724 stock
2005 2664 2089 2724 piece
2124 2676 2247 2736 fessed.
2293 2674 2384 2734 "The
2424 2682 2582 2742 gambling
2622 2682 2717 2742 houce
2758 2683 2780 2743 in

1429 2706 1623 2766 throughout
1647 2705 1786 2765 Europe.

2129 2721 2319 2781 Daybreak'
2337 2721 2398 2781 was
2421 2724 2575 2784 described
2602 2724 2664 2784 from
2704 2724 2792 2784 first¬

1457 2743 1594 2803 "Anatol
1627 2745 1687 2805 was
1724 2747 1817 2807 really
1858 2747 1870 2807 a
1911 2747 2032 2807 patient
2065 2745 2096 2805 of

2122 2760 2201 2820 hand
2237 2762 2439 2822 knowledge,
2466 2762 2523 2822 and
2559 2765 2611 2825 the
2642 2765 2787 2825 officers,

1430 2788 1538 2848 mine,"
1571 2785 1656 2845 Herr
1689 2789 1863 2849 Schnitzler
1896 2789 2097 2849 reminisced,

2120 2801 2229 2861 flower
2257 2804 2407 2864 vendors,
2432 2807 2529 2867 street
2558 2808 2648 2868 girls,
2672 2807 2785 2867 Sisters

1438 2827 1506 2887 and
1539 2828 1587 2888 his
1612 2831 1713 2891 friend
1750 2831 1937 2891 Max—well,
1962 2831 2091 2891 literally

2121 2843 2154 2903 of
2178 2843 2361 2903 Mercy-all
2380 2849 2466 2909 these
2491 2849 2505 2909 I
2529 2849 2586 2909 had
2616 2850 2726 2910 known
2755 2850 2788 2910 at

1426 2871 1482 2931 one
1503 2871 1585 2931 could
1612 2873 1673 2933 find
1700 2873 1710 2933 a
1736 2873 1808 2933 Max
1829 2873 1859 2933 on
1886 2870 1973 2930 every
2000 2871 2092 2931 street
2124 2885 2196 2945 first
2222 2888 2320 2948 hand.

1425 2915 1452 2975 in
1485 2912 1533 2972 the
1566 2912 1643 2972 city.
1684 2912 1845 2972 Restless,
1870 2913 1995 2973 seeking
2028 2912 2084 2972 new

2146 2928 2321 2988 Schnitzler
2374 2930 2430 2990 had
2482 2932 2622 2992 traveled
2674 2932 2782 2992 widely

1430 2953 1618 3013 sensations,
1642 2953 1790 3013 eternally
1814 2953 1843 3013 on
1873 2953 1919 3013 the
1944 2953 2025 3013 hunt
2044 2956 2090 3016 for
2121 2969 2315 3029 throughout
2333 2971 2469 3031 Europe,
2481 2971 2528 3031 yet
2546 2972 2575 3032 he
2593 2974 2652 3034 told
2670 2974 2717 3034 me
2729 2972 2787 3032 last

1418 2995 1589 3055 romance,
1619 2995 1738 3055 Anatol
1769 2995 1969 3055 represented
2008 2995 2093 3055 what

2122 3010 2191 3070 year
2217 3010 2285 3070 that
2307 3012 2346 3072 he
2372 3013 2436 3073 was
2463 3013 2561 3073 afraid
2588 3013 2617 3073 to
2644 3014 2725 3074 come
2751 3015 2781 3075 to

1429 3037 1477 3097 the
1504 3037 1655 3097 unsettled
1683 3037 1855 3097 conditions
1878 3037 1937 3097 had
1964 3037 2039 3097 done
2061 3040 2088 3100 to
2121 3051 2283 3111 America.
2327 3052 2359 3112 "I
2381 3054 2451 3114 fear
2473 3052 2548 3112 your
2576 3055 2705 3115 turmoil
2727 3055 2781 3115 and

1430 3079 1478 3139 the
1498 3077 1599 3137 young
1628 3079 1692 3139 men
1721 3079 1753 3139 of
1774 3079 1891 3139 Vienna
1920 3079 1976 3139 and
2005 3079 2045 3139 all
2066 3079 2093 3139 ot

2119 3092 2195 3152 your
2230 3094 2340 3154 speed.
2389 3094 2402 3154 I
2437 3094 2504 3154 fear
2538 3097 2552 3157 I
2586 3097 2692 3157 should
2731 3097 2788 3157 not

1424 3119 1782 3179 Europe-represented
1822 3121 1877 3181 the
1916 3121 2092 3181 capricious
2127 3130 2203 3190 know
2237 3132 2319 3192 what
2337 3133 2353 3193 I
2376 3135 2491 3195 wanted
2520 3135 2546 3195 to
2570 3135 2624 3195 do;
2642 3135 2696 3195 nor
2719 3136 2774 3196 how

1429 3160 1533 3220 moods
1556 3160 1588 3220 of
1605 3161 1693 3221 these
1710 3162 1814 3222 young
1837 3162 1925 3222 men,
1943 3162 2019 3222 their
2042 3163 2091 3223 de¬
2246 3174 2295 3234 y
2324 3177 2489 3237 bearings.
2518 3177 2788 3237 Ifearmostof

1424 3201 1508 3261 sires
1532 3201 1582 3261 for
1616 3201 1729 3261 women
1764 3203 1791 3263 to
1820 3203 1864 3263 fit
1888 3201 1943 3261 the
1973 3201 2096 3261 moods,
2120 3212 2170 3272 all
2193 3215 2261 3275 that
2289 3216 2300 3276 I
2329 3216 2435 3276 should
2470 3216 2503 3276 be
2533 3218 2712 3278 bewildered
2747 3217 2780 3277 by

1424 3244 1506 3304 their
1538 3243 1664 3303 eternal
1695 3243 1773 3303 hunt
1805 3243 1856 3303 for
1892 3243 1947 3303 new
1990 3243 2096 3303 sensa¬

2120 3258 2195 3318 your
2227 3258 2315 3318 great
2346 3258 2435 3318 cities
2466 3258 2492 3318 in
2528 3260 2625 3320 which
2661 3261 2780 3321 nobody

1426 3285 1523 3345 tions,
1545 3285 1631 3345 their
1654 3285 1745 3345 living
1778 3285 1913 3345 through
1946 3285 2015 3345 each
2043 3288 2096 3348 ro-
2119 3297 2221 3357 seems
2248 3300 2275 3360 of
2297 3300 2383 3360 much
2416 3300 2675 3360 importance./I
2698 3299 2773 3359 know

1427 3326 1541 3386 mantic
1568 3326 1741 3386 adventure
1769 3326 1799 3386 as
1823 3326 1937 3386 though
1969 3326 1992 3386 it
2016 3326 2090 3386 were

2122 3338 2186 3398 that
2204 3338 2324 3398 Europe
2346 3340 2401 3400 has
2423 3341 2492 3401 been
2518 3338 2643 3398 terribly
2665 3341 2780 3401 bruised

1429 3368 1477 3428 the
1499 3368 1574 3428 one,
1596 3368 1660 3428 only
1688 3368 1746 3428 and
1774 3368 1893 3428 greatly
1915 3370 2092 3430 important
2120 3376 2157 3436 by
2185 3380 2233 3440 the
2255 3380 2341 3440 war;
2358 3383 2417 3443 but
2439 3382 2509 3442 poor
2536 3383 2649 3443 Vienna
2677 3383 2698 3443 is
2725 3383 2789 3443 still

1427 3410 1599 3470 adventure
1626 3410 1649 3470 in
1680 3410 1691 3470 a
1722 3410 1883 3470 lifetime."

2119 3422 2217 3482 gentle
2245 3422 2300 3482 and
2328 3423 2501 3483 romantic.
2533 3422 2584 3482 We
2612 3422 2686 3482 have
2715 3422 2785 3482 time

1454 3450 1501 3510 We
1528 3452 1622 3512 spoke
1648 3449 1679 3509 of
1705 3450 1925 3510 “Daybreak,"
1955 3449 2050 3509 which
2080 3452 2093 3512 1

2122 3464 2165 3524 for
2195 3464 2312 3524 music,
2338 3463 2437 3523 books
2468 3466 2524 3526 and
2559 3466 2611 3526 the
2641 3465 2727 3525 value
2758 3464 2792 3524 of

1411 3495 1602 3555 considered
1627 3495 1675 3555 the
1696 3494 1774 3554 most
1794 3494 1945 3554 dramatic
1965 3494 1994 3554 of
2010 3495 2092 3555 Herr
2122 3506 2235 3566 human
2270 3503 2441 3563 contacts."

2142 3542 2207 3602 Now
2246 3544 2316 3604 that
2342 3544 2376 3604 he
2408 3544 2433 3604 is
2460 3544 2534 3604 dead
2569 3546 2625 3606 one
2651 3547 2786 3607 remem¬

2117 3586 2185 3646 bers
2210 3586 2259 3646 the
2284 3586 2472 3646 dramatist,
2489 3586 2537 3646 the
2562 3586 2697 3646 novelist
2718 3586 2790 3646 and,

2117 3628 2214 3688 above
2239 3628 2291 3688 all,
2312 3628 2361 3688 the
2386 3628 2479 3688 great
2500 3628 2589 3688 man.
2626 3628 2671 3688 He
2696 3629 2772 3689 knew

2121 3668 2181 3728 men
2210 3667 2238 3727 to
2263 3667 2327 3727 help
2352 3667 2457 3727 them,
2474 3667 2498 3727 to
2523 3667 2612 3727 study
2637 3670 2734 3730 them,
2754 3670 2778 3730 to

2117 3709 2292 3769 dramatize
2317 3709 2422 3769 them.
2464 3709 2492 3769 In
2529 3709 2574 3769 his
2603 3709 2701 3769 books
2726 3712 2782 3772 and

2119 3750 2202 3810 plays
2230 3749 2313 3809 there
2336 3747 2390 3807 are
2413 3750 2538 3810 humor,
2558 3750 2668 3810 pathos
2691 3752 2744 3812 and
2771 3750 2779 3810 a

2120 3787 2190 3847 deep
2227 3789 2474 3849 understanding
2510 3792 2695 3852 sympathy.
2719 3792 2785 3852 And

2121 3828 2212 3888 above
2240 3831 2282 3891 all
2301 3831 2316 3891 a
2343 3831 2454 3891 mellow
2489 3833 2661 3893 kindliness
2688 3834 2780 3894 which

2116 3872 2203 3932 made
2238 3872 2268 3932 of
2295 3871 2345 3931 the
2379 3873 2463 3933 most
2490 3873 2615 3933 humble
2646 3875 2734 3935 being
2765 3872 2775 3932 »

2119 3912 2241 3972 pattern
2284 3912 2351 3972 from
2411 3912 2496 3972 whom
2552 3915 2587 3975 an
2635 3916 2780 3976 endurin,

2115 3953 2219 4013 drama
2247 3953 2331 4013 could
2359 3953 2389 4013 be
2413 3953 2598 4013 fashioned.
