3392 4352
151 339 268 399 2.
328 345 918 405 Schnitzler's
988 349 1213 409 Death

1422 351 1555 411 box
1635 356 1815 416 42/6

393 1066 1117 1126 OBSERVER

482 1121 508 1181 I.
527 1123 648 1183 österr.
662 1121 814 1181 behördl,
833 1121 1124 1181 konzessioniertes

448 1162 681 1222 Unternehmen
708 1161 752 1221 für
780 1162 1151 1222 Zeitungs-Ausschnitte

497 1222 652 1282 WIEN,
666 1224 712 1284 I.,
741 1225 1025 1285 WOLLZEILE
1073 1222 1112 1282 11

580 1275 802 1335 TELEPHON
840 1273 1018 1333 R-23-0-43

1056 1404 1169 1464 Vien

381 1416 616 1476 Ausschnitt
644 1419 714 1479 aus

696 1623 761 1683 22
818 1610 949 1670 OKT.
969 1593 1071 1653 1021

384 1642 510 1702 vom:

1441 1858 1570 1918 sanfter
1594 1855 1661 1915 Tod
1693 1855 1753 1915 aus
1807 1855 2066 1915 unermüdlicher
2113 1853 2349 1913 schöpferischer
2396 1854 2563 1914 Tätigkeit
2609 1852 2754 1912 späteren
2785 1852 2899 1912 Stelle
2923 1855 2990 1915 sagt
3022 1855 3074 1915 er,
3091 1855 3136 1915 ein
3167 1855 3273 1915 Feind

598 1897 777 1957 Arthur
816 1894 1091 1954 Schnitzler.

2604 1897 2784 1957 ordnung:
2815 1900 2935 1960 „Jeder
2966 1897 3099 1957 Dichter
3130 1899 3165 1959 ist
3196 1897 3298 1957 Reali

1436 1900 1577 1960 gerissen
1614 1900 1684 1960 hat,
1702 1900 1743 1960 ist
1767 1898 1832 1958 mit
1856 1898 1903 1958 ein
1933 1897 2074 1957 Spiegel
2099 1897 2186 1957 jener
2217 1897 2352 1957 Epoche,
2377 1897 2400 1957 in
2436 1897 2489 1957 der
2519 1897 2565 1957 sich

2600 1938 2792 1998 pressionist
2829 1938 2896 1998 und
2933 1940 3186 2000 Expressionist,
3211 1938 3301 1998 Nati

1437 1941 1491 2001 der
1514 1942 1607 2002 große
1630 1941 1818 2001 Uebergang
1841 1939 1901 1999 aus
1924 1940 1973 2000 der
2001 1938 2200 1998 Hochkultur
2217 1938 2266 1998 des
2311 1938 2393 1998 alten
2433 1938 2559 1998 Reiches

532 1964 631 2024 Zum
675 1959 768 2019 Tod
800 1959 874 2019 des
912 1958 1148 2018 Dichters.

2607 1983 2744 2043 zugleich
2776 1981 2844 2041 oder
2870 1980 2900 2040 er
2926 1980 2963 2040 ist
2983 1980 3170 2040 überhaupt
3196 1980 3295 2040 keiner

1445 1986 1474 2046 in
1504 1986 1550 2046 ein
1581 1986 1757 2046 unsicheres
1793 1984 1851 2044 und
1881 1982 2170 2042 zukunftsdunkles
2200 1983 2306 2043 Neues
2336 1983 2477 2043 vollzog.
2501 1980 2565 2040 Der

678 2013 739 2073 Von
779 2013 891 2073 Rudolf
919 2011 1014 2071 List.

2610 2023 2681 2083 eine
2713 2025 2809 2085 dieser
2840 2025 2966 2085 Kunst-
2997 2025 3058 2085 und
3094 2025 3306 2085 Weltanschau

1446 2028 1523 2088 erste
1551 2028 1678 2088 Schritt
1701 2027 1750 2087 des
1778 2025 1900 2085 jungen
1934 2026 2077 2086 Dichters
2105 2025 2171 2085 war
2200 2025 2288 2085 jener
2316 2025 2498 2085 „Anatol",
2516 2022 2565 2082 der

579 2069 685 2129 Heute
715 2069 808 2129 abend
839 2069 879 2129 ist
909 2070 956 2130 der
992 2069 1109 2129 Wiener
1145 2067 1263 2127 Dichter
1293 2064 1404 2124 Doktor

1443 2069 1544 2129 heute
1575 2073 1640 2133 noch
1671 2071 1718 2131 als
1755 2070 1893 2130 seltsame
1923 2067 2067 2127 Melodie
2098 2068 2157 2128 aus
2188 2070 2241 2130 den
2272 2069 2560 2129 Frühlingstagen
2608 2067 2800 2127 perament,
2825 2068 2950 2128 Anlage
3011 2069 3076 2129 und
3131 2067 3281 2127 Stimmu

499 2111 620 2171 Arthur
646 2109 879 2169 Schnitzler
926 2107 1043 2167 wenige
1079 2106 1206 2166 Monate
1257 2103 1308 2163 vor
1359 2102 1409 2162 der

2605 2111 2735 2171 Kampf
2762 2112 2819 2172 gilt
2840 2110 2891 2170 dem
2931 2110 3133 2170 Grotesken,
3154 2112 3205 2172 das
3232 2109 3277 2169 die

1442 2113 1499 2173 des
1528 2115 1793 2175 österreichischen
1829 2112 2088 2172 Naturalismus
2124 2112 2152 2172 in
2205 2110 2274 2170 uns
2326 2113 2453 2173 klingt:
2500 2109 2568 2169 vier

501 2147 692 2207 Vollendung
746 2144 841 2204 seines
895 2144 947 2204 70.
972 2144 1193 2204 Lebensjahres
1246 2141 1414 2201 gestorben.

1443 2157 1554 2217 Jahre
1585 2158 1649 2218 nach
1679 2156 1832 2216 Gerhart
1851 2154 2092 2214 Hauptmanns
2122 2153 2210 2213 „Vor
2235 2153 2577 2213 Sonnenaufgang",
2613 2153 2683 2213 dies
2713 2153 2843 2213 sondert
2861 2154 2907 2214 ihn
2944 2153 2996 2213 von
3026 2153 3079 2213 der
3103 2154 3215 2214 großen
3251 2153 3297 2213 M.

498 2189 662 2249 Schnitzler
697 2186 774 2246 hatte
808 2183 871 2243 noch
911 2183 944 2243 am
978 2183 1142 2243 Vormittag
1163 2180 1245 2240 einen
1269 2178 1409 2238 Spazier¬

2610 2198 2835 2258 Zeitgenossen
2871 2194 2887 2254 —
2946 2195 3043 2255 unter
3103 2197 3183 2257 seine
3218 2199 3304 2259 Herr

1446 2198 1491 2258 ein
1526 2201 1615 2261 Jahr
1650 2201 1717 2261 nach
1752 2199 1847 2259 dessen
1882 2198 2062 2258 „Webern"
2091 2198 2152 2258 und
2187 2198 2373 2258 „Hanneles
2408 2195 2554 2255 Himmel

505 2228 581 2288 gang
615 2225 845 2285 unternommen
884 2222 941 2282 und
975 2219 1037 2279 war
1085 2222 1176 2282 gegen
1210 2219 1320 2279 Mittag
1373 2216 1401 2276 in

2602 2240 2824 2300 „Innerhalb
2864 2240 2914 2300 des
2955 2240 3136 2300 Grotesken
3176 2239 3216 2299 ist
3251 2237 3278 2297 es

1639 2243 1737 2303 Dann
1795 2243 1903 2303 kamen
1987 2240 2070 2300 seine
2123 2239 2221 2299 ersten
2279 2238 2559 2298 Novellenbücher

1452 2246 1567 2306 fahrt"

510 2262 588 2322 seine
613 2264 770 2324 Wohnung
806 2261 1017 2321 heimgekehrt.
1037 2260 1090 2320 Als
1121 2258 1150 2318 er
1180 2258 1278 2318 seiner
1303 2255 1396 2315 Sekre

1449 2288 1660 2348 „Sterben",
1684 2285 1766 2345 „Die
1796 2287 1884 2347 Frau
1920 2284 1973 2344 des
2003 2283 2167 2343 Weisen",
2192 2282 2214 2342 im
2262 2284 2350 2344 Jahr
2386 2283 2432 2343 der
2462 2280 2574 2340 Jahr=
2610 2283 2821 2343 Vollendung
2857 2284 2886 2344 zu
2928 2282 3151 2342 erreichen...
3193 2282 3292 2342 Denn

503 2301 584 2361 tärin
637 2300 670 2360 zu
718 2300 857 2360 diktieren
910 2299 1054 2359 beginnen
1108 2295 1222 2355 wollte,
1261 2294 1332 2354 sank
1376 2291 1409 2351 er

1447 2332 1705 2392 hundertwende
1735 2327 1786 2387 der
1822 2327 2005 2387 „Leutnant
2035 2327 2167 2387 Gustl",
2190 2326 2242 2386 das
2277 2324 2490 2384 Paradestück
2514 2322 2565 2382 des
2606 2326 2784 2386 Tragische
2820 2324 2865 2384 als
2900 2324 2957 2384 das
2992 2325 3153 2385 Komische
3183 2323 3274 2383 auch¬

505 2341 625 2401 plötzlich
659 2338 827 2398 bewußtlos
861 2335 1053 2395 zusammen.
1097 2333 1140 2393 Er
1170 2333 1246 2393 starb
1295 2333 1410 2393 wenige

2610 2368 2800 2428 Intensität
2818 2368 2986 2428 innerhalb
3021 2367 3073 2427 des
3097 2366 3298 2426 Endlichenb

1440 2373 1687 2433 erzählerischen
1725 2371 2032 2431 Telegrammstils,
2053 2368 2132 2428 dann
2170 2368 2269 2428 kamen
2307 2368 2354 2428 die
2381 2367 2565 2427 handfesten

506 2377 650 2437 Minuten
684 2377 751 2437 nach
780 2375 852 2435 sechs
881 2374 943 2434 Uhr
973 2374 1102 2434 abends,
1141 2371 1218 2431 ohne
1262 2368 1310 2428 die
1353 2367 1396 2427 Be

1447 2416 1688 2476 Theaterstücke
1736 2413 1812 2473 voll
1860 2413 2077 2473 eigenartiger
2107 2410 2436 2470 Stimmungsreize,
2484 2409 2566 2469 „Die
2608 2410 2772 2470 Groteske
2808 2410 2860 2470 ins
2896 2411 3114 2471 Grenzenlose
3150 2411 3208 2471 und
3244 2408 3302 2468 schl

505 2419 634 2479 sinnung
683 2413 918 2473 wiedererlangt
967 2412 995 2472 zu
1054 2410 1164 2470 haben.
1207 2410 1269 2470 Dr.
1294 2405 1409 2465 Arthur

504 2455 667 2515 Schnitzler
694 2452 746 2512 litt
773 2452 804 2512 an
840 2449 923 2509 einer
955 2446 1317 2506 Herzmuskelentartung
1353 2443 1406 2503 und

2613 2454 2667 2514 der
2692 2455 2806 2515 Kunst
2831 2453 2934 2513 aus".

1450 2458 1630 2518 Liebelei“,
1659 2457 1874 2517 „Freiwild",
1898 2456 1982 2516 „Der
2010 2455 2111 2515 grüne
2141 2455 2293 2515 Kakadu"
2327 2452 2389 2512 und
2418 2452 2491 2512 auch
2520 2452 2570 2512 der

505 2495 588 2555 stand
624 2494 732 2554 bereits
767 2490 821 2550 seit
851 2491 960 2551 langem
995 2488 1014 2548 in
1034 2488 1187 2548 ärztlicher
1207 2485 1399 2545 Behandlung

2700 2495 2766 2555 Die
2793 2500 2919 2560 Tragik
2946 2497 3072 2557 dieses,
3098 2497 3293 2557 österreichis

1447 2503 1641 2563 „Reigen",
1665 2502 1718 2562 der
1748 2500 1818 2560 nach
1854 2501 2143 2561 zwanzigjährigem
2208 2497 2455 2557 Begrahensein
2509 2494 2573 2554 mit

2612 2542 2738 2602 Tragik
2765 2541 2818 2601 des
2852 2540 3117 2600 Naturalismus
3151 2538 3290 2598 überhau

1447 2544 1626 2604 einemmal
1662 2544 1713 2604 die
1749 2542 1998 2602 zeitgenössische
2040 2541 2155 2601 Bühne
2196 2538 2486 2598 revolutionierte,
2522 2536 2562 2596 ein

264 2538 452 2598 Nicht
480 2548 668 2608 allzuvieles
702 2546 770 2606 war
797 2544 897 2604 Woge
926 2542 1026 2602 echter
1054 2540 1242 2600 Dichtung,
1264 2538 1330 2598 was
1365 2535 1411 2595 die

1445 2589 1703 2649 unerfreuliches
1784 2586 1975 2646 Dokument
2049 2583 2261 2643 literarischer
2341 2583 2573 2643 Hemmungs=
2607 2585 2845 2645 Wirklichkeit,
2866 2583 2918 2643 die
2946 2583 3237 2643 Uebersteigerung
3271 2583 3303 2643 de

265 2592 670 2652 unruhig=ungebärdige
701 2589 783 2649 Flut
814 2586 867 2646 der
916 2585 1195 2645 naturalistischen
1232 2581 1404 2641 Erhebung

2607 2630 2802 2690 realistische
2828 2626 2941 2686 Kunst
2966 2626 3104 2686 nannte,
3131 2627 3256 2687 mußte,

279 2637 494 2697 emportrug.
517 2635 582 2695 Das
616 2633 694 2693 neue
722 2631 931 2691 Schlagwort
954 2631 1020 2691 hieß
1054 2630 1081 2690 ja
1109 2625 1324 2685 Wirklichkeit
1347 2622 1407 2682 und

1448 2631 1600 2691 losigkeit

2612 2670 2925 2730 Stimmunghaften
3012 2670 3064 2730 der
3136 2667 3279 2727 parallel

1542 2672 1587 2732 Es
1613 2672 1737 2732 folgten
1770 2672 1795 2732 in
1829 2670 1919 2730 schier
1946 2670 2148 2730 unendlicher
2175 2670 2278 2730 Reihe
2306 2667 2350 2727 die
2377 2667 2487 2727 Werke
2521 2666 2565 2726 des

284 2677 364 2737 diese
397 2679 667 2739 nachzugestalten
705 2676 796 2736 schien
835 2673 958 2733 leichter
991 2670 1071 2730 denn
1110 2670 1185 2730 aller
1218 2668 1411 2728 Aufgaben¬

1449 2718 1678 2778 dramatischen
1723 2715 1781 2775 und
1820 2715 2056 2775 erzählerischen
2095 2712 2254 2772 Reifens,
2280 2711 2330 2771 die
2363 2710 2574 2770 Schauspiele
2613 2713 2811 2773 Strömung
2843 2715 3092 2775 zwangsläufig
3125 2712 3290 2772 verbunde

286 2721 366 2781 kreis
401 2721 452 2781 der
488 2721 597 2781 Poesie
626 2720 748 2780 zuvor.
771 2718 846 2778 Man
887 2715 1037 2775 brauchte
1067 2713 1233 2773 schließlich
1269 2710 1326 2770 nur
1361 2707 1401 2767 ein

2613 2756 2846 2816 Spielerischen
2881 2756 3023 2816 führen,
3041 2756 3096 2816 zur
3126 2753 3301 2813 gekünstelt

1455 2761 1540 2821 „Der
1572 2759 1719 2819 Schleier
1751 2759 1805 2819 der
1837 2756 2027 2816 Beatrice",
2052 2756 2138 2816 „Der
2169 2754 2304 2814 einsame
2342 2754 2458 2814 Weg",
2483 2750 2569 2810 „Der

279 2766 455 2826 geschickter
483 2765 660 2825 Jongleur
710 2762 771 2822 und
821 2758 1026 2818 Arrangeur
1076 2756 1125 2816 des
1181 2753 1402 2813 gesprochenen

2614 2798 2690 2858 seits
2721 2798 2791 2858 aber
2821 2798 2892 2858 auch
2922 2799 2975 2859 zur
2999 2798 3276 2858 Ueberschreitung

1451 2802 1525 2862 Ruf
1572 2801 1630 2861 des
1665 2801 1833 2861 Lebens",
1874 2799 1925 2859 die
1978 2798 2157 2858 „Komödie
2211 2796 2262 2856 der
2315 2795 2471 2855 Worte",
2512 2792 2569 2852 das

276 2808 408 2868 Wortes
438 2809 467 2869 zu
497 2808 583 2868 sein,
601 2807 635 2867 um
683 2804 705 2864 in
740 2801 932 2861 nüchterner
955 2801 1054 2861 Prosa
1083 2798 1193 2858 Strich
1222 2798 1257 2858 um
1298 2795 1408 2855 Strich

2618 2843 2823 2903 dichterischen
2859 2840 3079 2900 Schilderung
3108 2840 3242 2900 gezogen

1454 2846 1761 2906 „Zwischenspiel",
1811 2843 1859 2903 die
1897 2843 2075 2903 „Komtesse
2112 2837 2240 2897 Mitzi",
2290 2839 2346 2899 der
2389 2837 2573 2897 „Professor

277 2853 560 2913 nachzuzeichnen,
588 2851 653 2911 was
692 2849 762 2909 man
801 2846 861 2906 mit
894 2844 997 2904 seinen
1036 2842 1160 2902 eigenen
1199 2839 1313 2899 Augen
1352 2837 1417 2897 sah.

1452 2890 1689 2950 Bernhardi",
1709 2887 1796 2947 „Der
1821 2885 1921 2945 junge
1953 2884 2178 2944 Medardus",
2198 2882 2403 2942 dramatische
2429 2881 2572 2941 Historie
2611 2885 2792 2945 Exotischen
2830 2885 2886 2945 hat
2918 2885 2986 2945 auch
3018 2884 3049 2944 in
3081 2882 3205 2942 Arthur
3237 2882 3293 2942 Sch

272 2897 355 2957 Man
389 2896 544 2956 brauchte
573 2894 639 2954 nur
668 2891 767 2951 etwas
801 2890 834 2950 zu
868 2886 990 2946 erleben
1046 2884 1112 2944 und
1169 2882 1218 2942 die
1247 2882 1402 2942 Dichtung

2606 2927 2812 2987 ernsthafter
2843 2927 3032 2987 Besinnung
3087 2925 3245 2985 gefunden

1444 2930 1512 2990 von
1570 2932 1820 2992 einprägsamer
1871 2929 2078 2989 Farbigkeit,
2142 2927 2192 2987 die
2243 2926 2575 2986 Erzählungsbücher

276 2936 343 2996 war
372 2938 492 2998 fertig.
515 2938 577 2998 Die
613 2934 812 2994 Kraftmeier
847 2929 909 2989 und
945 2928 1121 2988 Akrobaten
1162 2924 1212 2984 der
1247 2923 1412 2983 Literatur

2617 2971 2764 3031 mancher
2789 2968 2905 3028 andere
2931 2968 3028 3028 dieser
3054 2968 3238 3028 Verirrung
3269 2968 3293 3028 se

1453 2974 1784 3034 „Dämmerseelen",
1807 2971 1966 3031 „Masken
2006 2971 2066 3031 und
2100 2971 2265 3031 Wunder"
2305 2968 2370 3028 und
2409 2967 2552 3027 „Casano

281 2982 441 3042 witterten
478 2980 707 3040 Morgenluft.
726 2974 787 3034 Die
819 2974 991 3034 Geometer
1023 2971 1072 3031 der
1097 2968 1196 3028 Seele
1221 2967 1325 3027 traten
1357 2965 1412 3025 auf

2696 3013 2782 3073 Noch
2813 3013 2930 3073 stärker
2956 3012 3109 3072 vielleicht
3135 3009 3184 3069 als
3210 3008 3258 3068 die

1448 3016 1510 3076 vas
1544 3016 1754 3076 Heimfahrt“
1783 3016 1872 3076 sowie
1908 3016 1958 3076 der
1987 3016 2105 3076 Roman
2146 3012 2230 3072 „Der
2259 3012 2332 3072 Weg
2367 3010 2417 3070 ins
2452 3008 2559 3068 Freie“

281 3024 337 3084 den
369 3024 481 3084 Plan.

2608 3058 2889 3118 Hofmannsthal
2909 3055 2953 3115 ist
2973 3055 3004 3115 er
3037 3054 3088 3114 dem
3133 3052 3235 3112 Spiel
3255 3052 3293 3112 de

1532 3061 1588 3121 In
1628 3061 1678 3121 den
1725 3059 1945 3119 fruchtreichen
1985 3060 2110 3120 Jahren
2150 3055 2206 3115 der
2241 3052 2438 3112 herbstlichen
2484 3052 2574 3112 Reife

369 3068 453 3128 Was
482 3066 651 3126 Wunder,
691 3061 781 3121 wenn
815 3060 984 3120 Hunderte
1013 3058 1069 3118 von
1126 3055 1181 3115 den
1216 3052 1407 3112 Schreibern

1456 3105 1514 3165 gab
1551 3103 1587 3163 er
1618 3102 1683 3162 uns
1721 3100 1773 3160 die
1810 3101 2127 3161 „Traumnovelle",
2150 3098 2201 3158 die
2232 3097 2297 3157 wie
2327 3097 2394 3157 kein
2432 3094 2571 3154 anderes
2616 3096 2652 3156 es
2690 3098 2726 3158 ist
2757 3099 2800 3159 ein
2838 3097 3162 3157 Selbstbekenntnis,
3185 3095 3273 3155 wenn

270 3112 369 3172 dieser
382 3112 675 3172 naturlalistischen
694 3105 937 3165 Generationen
976 3100 1025 3160 sich
1057 3099 1125 3159 nur
1156 3097 1244 3157 mehr
1276 3095 1405 3155 dadurck

2612 3140 2717 3200 Verse
2744 3141 2881 3201 spricht:

1456 3145 1557 3205 seiner
1586 3144 1693 3204 Werke
1716 3143 1772 3203 das
1801 3144 1948 3204 Wunder
1971 3144 2055 3204 einer
2078 3144 2163 3204 ganz
2186 3143 2298 3203 großen
2333 3138 2564 3198 erzählerischen

279 3154 540 3214 unterschieden,
562 3150 616 3210 daß
655 3148 703 3208 sich
737 3147 905 3207 schließlich
933 3144 1026 3204 jeder
1054 3144 1113 3204 von
1146 3141 1239 3201 ihnen
1277 3138 1337 3198 auf
1365 3136 1407 3196 ein

1450 3189 1591 3249 Technik
1625 3187 1687 3247 mit
1716 3186 1935 3246 gedanklicher
1969 3186 2059 3246 Tiefe
2093 3183 2155 3243 und
2212 3183 2347 3243 zugleich
2404 3180 2465 3240 mit
2516 3180 2572 3240 der

2772 3186 2839 3246 Mit
2869 3185 3103 3245 Menschenseelen
3143 3184 3230 3244 spiele
3250 3182 3288 3242 ich

286 3200 540 3260 Spezialgebiet
568 3194 618 3254 des
651 3192 773 3252 Lebens
806 3189 911 3249 warf,
928 3188 1027 3248 dieser
1061 3186 1116 3246 auf
1144 3184 1210 3244 eine
1244 3181 1409 3241 besondere

2762 3225 2836 3285 wird
2867 3225 2926 3285 nur
2951 3225 3001 3285 von
3036 3223 3085 3283 dem
3131 3222 3294 3282 gefunden,

1446 3231 1801 3291 Liebenswürdigkeit
1825 3229 1937 3289 typisch
1966 3228 2174 3288 wienerischen
2214 3227 2405 3287 Leichtsinns
2440 3222 2580 3282 vereint.

284 3239 388 3299 Sorte
417 3240 476 3300 von
511 3237 703 3297 Spelunken
738 3233 790 3293 der
820 3231 1000 3291 Vorstadt,
1018 3228 1111 3288 jener
1140 3228 1198 3288 auf
1228 3225 1274 3285 ein
1304 3223 1419 3283 beson¬

2763 3261 2808 3321 Es
2834 3261 2939 3321 fließen
2975 3261 3152 3321 ineinander
3178 3258 3279 3318 Traun

1446 3274 1534 3334 Fast
1567 3273 1733 3333 unlösbar
1767 3273 1938 3333 verfließen
1983 3271 2048 3331 hier
2082 3269 2198 3329 Traum
2248 3267 2314 3327 und
2348 3266 2436 3326 reale
2475 3264 2580 3324 Wirk¬

278 3286 352 3346 ders
385 3282 613 3342 interessantes
646 3279 922 3339 Sumpfgelände
976 3273 1028 3333 der
1082 3270 1278 3330 vornehmen
1316 3265 1406 3325 Welt

2764 3300 2927 3360 Wahrheit
2952 3300 3006 3360 und
3037 3300 3127 3360 Lüge.
3147 3297 3285 3357 Sicherhe

1450 3317 1576 3377 lichkeit
1610 3317 1825 3377 ineinander.
1876 3315 1970 3375 Nicht
2003 3315 2141 3375 weniger
2181 3313 2252 3373 groß
2313 3309 2357 3369 ist
2391 3309 2435 3369 die
2474 3309 2578 3369 Kunst

283 3321 347 3381 Die
381 3326 549 3386 Literatur
583 3323 675 3383 jener
708 3321 784 3381 Zeit
818 3318 970 3378 erscheint
1003 3317 1068 3377 uns
1101 3315 1198 3375 heute
1232 3312 1286 3372 von
1330 3309 1417 3369 einer

2760 3338 2825 3398 Wir
2850 3338 2944 3398 wissen
2978 3335 3067 3395 nichts
3091 3335 3143 3395 von
3172 3335 3280 3395 andern

283 3369 396 3429 derart
425 3367 775 3427 einheitlich-flächigen
815 3360 1001 3420 Struktur,
1047 3359 1103 3419 daß
1138 3357 1171 3417 es
1206 3355 1273 3415 uns
1325 3353 1409 3413 nicht
1449 3361 1646 3421 Schnitzlers
1681 3359 1709 3419 in
1749 3357 1946 3417 „Therese",
1970 3357 2020 3417 der
2049 3355 2269 3415 ergreifenden
2309 3352 2450 3412 Chronik
2485 3348 2569 3408 eines

2761 3377 2828 3437 Wir
2850 3377 2954 3437 spielen
2985 3377 3115 3437 immer:
3137 3374 3194 3434 wer
3221 3375 3246 3435 es
3273 3375 3282 3435 w

1457 3404 1636 3464 schlichten,
1655 3403 1714 3463 fast
1733 3401 1931 3461 alltäglichen
1962 3398 2232 3458 Frauenlebens,
2251 3395 2305 3455 das
2335 3395 2425 3455 durch
2456 3393 2569 3453 Schuld

289 3415 401 3475 schwer
430 3410 519 3470 fällt,
542 3410 592 3470 die
621 3410 795 3470 wirklichen
830 3404 1049 3464 Gipfelhöhen
1106 3398 1229 3458 darauf
1280 3398 1308 3458 zu
1365 3394 1398 3454 er

2698 3428 2766 3488 Und
2805 3428 2893 3488 doch:
2919 3426 2950 3486 es
2976 3428 3020 3488 ist
3046 3428 3128 3488 nicht
3148 3427 3198 3487 so,
3217 3427 3274 3487 daß

1446 3448 1491 3508 an
1531 3446 1576 3506 ein
1610 3446 1780 3506 tragisches
1814 3443 1966 3503 Schicksal
1995 3443 2125 3503 gekettet
2154 3440 2317 3500 erscheint.

283 3458 427 3518 kennen:
456 3455 544 3515 Karl
573 3452 840 3512 Schönherr
896 3448 963 3508 und
997 3445 1130 3505 Arthur
1164 3442 1414 3502 Schnitzler

2607 3474 2769 3534 Schatten
2806 3470 2945 3530 stiegen,
2988 3470 3047 3530 wie
3078 3470 3241 3530 Sylvester

1545 3491 1587 3551 Im
1637 3490 1734 3550 „Buch
1766 3486 1820 3546 der
1846 3486 1993 3546 Sprüche
2018 3487 2079 3547 und
2104 3482 2295 3542 Bedenken"
2326 3479 2374 3539 hat
2400 3478 2571 3538 Schnitzlei

287 3500 394 3560 heißen
435 3500 491 3560 sie,
514 3497 628 3557 soweit
657 3494 707 3554 der
736 3493 981 3553 österreichische
1010 3487 1226 3547 Lebensraum
1273 3482 1329 3542 der
1358 3480 1419 3540 Be¬

2605 3518 2787 3578 Weiher",
2805 3518 2918 3578 müdem
2964 3518 3118 3578 Abglanz
3147 3515 3282 3575 greisen,

1458 3531 1617 3591 versucht,
1647 3529 1730 3589 seine
1766 3529 2150 3589 skeptisch-pessimistische
2186 3523 2481 3583 Weltanschauung
2540 3520 2569 3580 in

284 3543 420 3603 wegung
454 3541 506 3601 den
540 3538 763 3598 Fruchtboden
797 3535 877 3595 gab.
918 3532 1025 3592 Jener
1055 3530 1117 3590 aus
1169 3529 1225 3589 der
1255 3524 1419 3584 Wirklich¬

2615 3559 2674 3619 von
2711 3560 2758 3620 sich
2789 3559 2915 3619 wäynt.
2958 3556 3030 3616 Aus
3067 3556 3163 3616 seiner
3193 3555 3277 3615 Brus

1453 3574 1543 3634 ihrer
1578 3571 1793 3631 Anwendung
1827 3571 1889 3631 auf
1919 3571 1963 3631 die
1998 3569 2224 3629 verschiedenen
2259 3565 2513 3625 Lebensgebiete
2542 3562 2570 3622 in

280 3588 445 3648 keitsnähe
480 3586 531 3646 der
560 3583 691 3643 Scholle
743 3577 1046 3637 hervorwachsend,
1092 3572 1195 3632 dieser
1241 3569 1303 3629 aus
1361 3568 1412 3628 der

2614 3601 2775 3661 Dichtung
2810 3601 2879 3661 viel
2903 3601 3122 3661 empfangen,
3163 3598 3232 3658 was

1457 3617 1750 3677 eindeutig-klarer
1785 3613 2049 3673 Formulierung
2084 3610 2309 3670 aufzubauen.
2361 3609 2411 3669 Im
2457 3607 2569 3667 Motto

287 3629 633 3689 problemgesättigten
668 3622 890 3682 Atmosphäre
924 3619 975 3679 der
1010 3617 1209 3677 Großstadt,
1233 3613 1323 3673 jener
1352 3610 1414 3670 aus

2615 3644 2862 3704 Generationen
2900 3643 3020 3703 bleibt,
3045 3643 3123 3703 nicht
3154 3641 3214 3701 nur
3245 3639 3256 3699 S

1457 3660 1510 3720 des
1543 3659 1667 3719 Werkes
1700 3658 1824 3718 wendet
1852 3658 1878 3718 er
1906 3658 1954 3718 sich
1987 3658 2078 3718 gegen
2112 3655 2160 3715 den
2193 3652 2436 3712 übertriebenen
2469 3649 2576 3709 Sym¬

286 3673 339 3733 der
378 3671 731 3731 ungebrochen-derben
776 3664 911 3724 Urkraft
945 3661 999 3721 des
1038 3659 1293 3719 Bauerntums,
1321 3655 1418 3715 dieser

2614 3685 2753 3745 Tiefen,
2777 3687 2905 3747 sondern
2940 3687 3010 3747 auch
3040 3685 3190 3745 „blanken
3220 3682 3283 3742 Str

1452 3703 1644 3763 bolismus,
1673 3703 1740 3763 mit
1769 3701 1825 3761 den
1865 3699 1916 3759 ihn
1973 3700 2074 3760 selber
2126 3699 2159 3759 in
2222 3697 2273 3757 den
2313 3694 2567 3754 Jugendjahren

288 3718 350 3778 aus
387 3717 435 3777 der
472 3713 819 3773 seelisch-moralischen
855 3706 1103 3766 Verwirrtheit
1132 3703 1187 3763 des
1225 3700 1415 3760 dekadenten

2614 3729 2782 3789 Himmels
2818 3728 2981 3788 blauende
3010 3726 3254 3786 Unendlichkeit

1456 3747 1604 3807 manches
1643 3744 1831 3804 verbunden
1876 3744 1981 3804 hatte:
2014 3743 2174 3803 „Tiefsinn
2220 3740 2274 3800 hat
2308 3738 2363 3798 nie
2396 3736 2440 3796 ein
2479 3736 2567 3796 Ding

288 3759 546 3819 Bürgertums.

305 3819 458 3879 Das
495 3809 708 3869 Lebenswert
734 3807 863 3867 Arthur
888 3802 1112 3862 Schnizlers,
1150 3799 1208 3859 den
1245 3796 1303 3856 nun
1364 3794 1410 3854 ein
1459 3792 1613 3852 erhellt,
1627 3792 1767 3852 Klarsin
1804 3790 1910 3850 schaut
1923 3789 2018 3849 tiefer
2043 3789 2066 3849 in
2103 3788 2149 3848 die
2174 3786 2303 3846 Welt.
2328 3783 2398 3843 Und
2423 3782 2459 3842 an
2484 3780 2577 3840 einer
2626 3777 2684 3837 des
2709 3775 2814 3835 weiten
2852 3774 2982 3834 Landes
3007 3774 3053 3834 der
3090 3774 3279 3834 menschliche
