3392 4320
163 330 187 390 2

285 330 886 390 Schnitzler's
957 333 1192 393 Death

1399 330 1530 390 box
1608 335 1846 395 43/13

787 967 850 1027 und
888 966 993 1026 letzte
1026 966 1300 1026 Augenblicke.
1322 967 1364 1027 Es
1391 967 1470 1027 war
1497 967 1566 1027 wie
1593 969 1656 1029 bei
1677 969 1904 1029 Schnitzler.
1926 969 2005 1029 Man
2043 968 2095 1028 sah
2138 967 2190 1027 die

783 1019 1062 1079 Schauspieler,
1087 1019 1185 1079 froh,
1210 1016 1283 1076 sich
1318 1017 1441 1077 zeigen
1475 1019 1514 1079 zu
1549 1018 1701 1078 dürfen,
1731 1017 1966 1077 Traurigkeit
1996 1015 2050 1075 ins
2084 1016 2196 1076 unge¬

777 1067 985 1127 schminkte
1026 1067 1162 1127 Antlitz
1194 1067 1429 1127 geschminkt
1457 1064 1470 1124 —
1534 1068 1593 1128 für
1625 1064 1701 1124 eine
1738 1064 2046 1124 möglicherweise
2083 1066 2191 1126 statt¬

777 1115 949 1175 findende
993 1116 1370 1176 Tonfilmaufnahme.
1400 1116 1504 1176 Einer
1543 1113 1605 1173 der
1639 1115 1897 1175 Schauspieler
1936 1115 2046 1175 zeigte
2085 1115 2185 1175 einen

781 1166 982 1226 mächtigen
1026 1165 1208 1225 Vollbart.
1247 1165 1289 1225 Es
1328 1165 1400 1225 war
1439 1165 1486 1225 ein
1525 1164 1649 1224 echter
1683 1163 1783 1223 Bart,
1813 1163 1846 1223 er
1885 1165 1980 1225 hatte
2014 1165 2086 1225 sich
2129 1166 2182 1226 ihn

790 1213 952 1273 wachsen
993 1210 1128 1270 lassen,
1152 1213 1237 1273 aber
1269 1213 1305 1273 er
1337 1213 1463 1273 wirkte
1501 1213 1563 1273 wie
1596 1213 1645 1273 ein
1682 1213 1871 1273 geklebter
1903 1210 2002 1270 Bart,
2030 1212 2093 1272 wie
2129 1213 2192 1273 das

790 1261 956 1321 Theater,
977 1261 1041 1321 das
1066 1261 1114 1321 nie
1144 1261 1311 1321 aufhört,
1326 1262 1395 1322 sich
1425 1264 1537 1324 selber
1562 1262 1597 1322 zu
1627 1263 1783 1323 spielen.
1804 1261 1872 1321 Wie
1902 1261 1960 1321 bei
1976 1261 2201 1321 Schnitzler.

786 1311 853 1371 Die
881 1310 984 1370 Arzte
1012 1311 1183 1371 standen,
1197 1310 1310 1370 etwas
1333 1310 1491 1370 verlegen
1528 1312 1586 1372 und
1618 1312 1790 1372 wissend,
1808 1310 1975 1370 beiseite.
1989 1311 2043 1371 Sie
2071 1310 2188 1370 waren

786 1359 819 1419 es
848 1357 881 1417 so
915 1360 976 1420 aus
1006 1360 1230 1420 Schnitzlers
1260 1361 1460 1421 Komödien
1494 1362 1561 1422 und
1599 1360 1767 1420 Novellen
1805 1362 1991 1422 gewöhnt,
2016 1362 2082 1422 und
2121 1360 2197 1420 hier

786 1408 862 1468 beim
910 1407 1107 1467 Begräbnis
1136 1407 1255 1467 wurde
1285 1410 1365 1470 noch
1400 1411 1538 1471 einmal
1558 1410 1764 1470 Schnitzler
1788 1407 1960 1467 gespielt.

849 1459 922 1519 Der
953 1458 1296 1518 Bundespräsident
1326 1461 1454 1521 fehlte.
1479 1462 1522 1522 Er
1553 1462 1650 1522 hatte
1685 1463 1783 1523 nicht
1813 1462 1950 1522 einmal
1975 1461 2073 1521 einen
2113 1457 2196 1517 Ver¬

783 1509 896 1569 treter
926 1509 1117 1569 entsandt.
1143 1508 1270 1568 Warum
1320 1512 1432 1572 auch?
1462 1511 1561 1571 „Nur
1591 1510 1703 1570 Narr,
1723 1512 1792 1572 nur
1822 1512 2014 1572 Dichter“,
2034 1511 2137 1571 heißt
2167 1506 2201 1566 es

791 1557 848 1617 bei
872 1559 1082 1619 Nietzsche,
1107 1559 1168 1619 den
1202 1557 1263 1617 der
1293 1560 1636 1620 Bundespräsident
1662 1560 1747 1620 auch
1781 1560 1847 1620 nur
1876 1560 1938 1620 vom
1987 1559 2191 1619 Nichtlesen

790 1607 929 1667 kennen
967 1607 1111 1667 dürfte.
1139 1607 1209 1667 Von
1246 1607 1306 1667 den
1349 1609 1534 1669 Ministern
1572 1608 1646 1668 war
1679 1609 1846 1669 niemand
1884 1607 2111 1667 erschienen,
2140 1607 2190 1667 ein

791 1657 1072 1717 Ministerialrat
1111 1656 1177 1716 und
1221 1655 1273 1715 ein
1307 1658 1541 1718 Sektionsrat
1575 1657 1799 1717 „vertraten“
1847 1657 1909 1717 das
1952 1657 2200 1717 Unterrichts¬

795 1706 1051 1766 ministerium.
1071 1706 1166 1766 Auch
1195 1705 1256 1765 der
1281 1707 1562 1767 Bürgermeister
1586 1704 1643 1764 der
1662 1705 1771 1765 Stadt
1796 1706 1886 1766 Wien
1920 1706 1991 1766 war
2015 1706 2048 1766 zu
2077 1706 2195 1766 Hause

791 1757 1001 1817 geblieben.
1028 1756 1239 1816 Erkrankt?
1271 1756 1471 1816 Plötzlich?
1503 1755 1582 1815 Nur
1619 1756 1682 1816 daß
1725 1754 1841 1814 leider
1873 1756 1962 1816 auch
2005 1754 2057 1814 die
2095 1754 2199 1814 Vize¬

792 1804 1072 1864 bürgermeister
1102 1805 1228 1865 gerade
1258 1802 1297 1862 an
1332 1805 1449 1865 diesem
1500 1805 1695 1865 Vormittag
1735 1805 1926 1865 Wichtiges
1956 1804 2024 1864 und
2059 1805 2201 1865 Unauf¬

783 1854 1022 1914 schiebbares
1051 1852 1367 1912 amtshandelten.
1397 1854 1453 1914 Ein
1492 1854 1660 1914 Stadtrat
1689 1852 1890 1912 allerdings
1924 1852 1995 1912 war
2029 1854 2091 1914 da,
2116 1851 2201 1911 aber

794 1902 854 1962 der
887 1902 980 1962 wäre
1008 1903 1096 1963 auch
1129 1902 1216 1962 ohne
1255 1903 1458 1963 Vollmacht
1482 1903 1714 1963 gekommen,
1738 1901 1798 1961 aus
1826 1902 1937 1962 freien
1970 1902 2128 1962 Stücken
2156 1900 2169 1960 -

791 1951 845 2011 als
866 1954 956 2014 Arzt
982 1954 1041 2014 und
1072 1953 1122 2013 als
1148 1951 1358 2011 Enthusiast
1384 1954 1444 2014 der
1465 1953 1600 2013 Kunst.
1616 1953 1656 2013 So
1687 1951 1792 2011 fehlte
1817 1951 1877 2011 das
1903 1951 2073 2011 offizielle
2104 1951 2194 2011 Wien

796 2003 986 2063 vollzählig
1027 2000 1087 2060 bei
1112 2001 1177 2061 der
1208 2002 1419 2062 Bestattung
1455 2002 1570 2062 dieses
1601 2002 1787 2062 Dichters,
1812 1999 1877 2059 der
1908 2000 1968 2060 für
2004 2000 2099 2060 Wien
2139 2002 2204 2062 seit

794 2050 891 2110 einem
948 2049 1240 2109 Menschenalter
1273 2049 1375 2109 mehr
1408 2051 1509 2111 tan
1552 2049 1616 2109 hat
1645 2049 1695 2109 als
1733 2049 1797 2109 alle
1835 2049 2081 2109 Regierungen
2128 2049 2192 2109 und

795 2100 1157 2160 Stadtvertretungen
1189 2100 1252 2160 und
1280 2100 1442 2160 Parteien
1470 2100 1919 2160 zusammengenommen.
1937 2100 1973 2160 So
2001 2099 2046 2159 ist
2064 2099 2204 2159 einmal

800 2148 918 2208 Wien,
938 2150 1004 2210 und
1034 2149 1066 2209 so
1096 2150 1215 2210 wurde
1244 2150 1329 2210 auch
1359 2150 1564 2210 Schnitzler
1588 2148 1793 2208 wienerisch
1827 2151 1894 2211 mit
1918 2150 1999 2210 „gar
2023 2148 2084 2208 net
2104 2147 2209 2207 igno¬

790 2199 927 2259 rieren"
957 2198 1157 2258 begraben.
1173 2199 1266 2259 Aber
1291 2199 1320 2259 es
1345 2199 1531 2259 entsprach
1561 2201 1781 2261 Schnitzler,
1796 2199 1854 2259 der
1880 2200 2031 2260 niemals
2052 2199 2208 2259 offiziell

791 2246 954 2306 gewesen
986 2246 1056 2306 war
1083 2249 1149 2309 und
1181 2248 1273 2308 hatte
1300 2248 1367 2308 sein
1402 2249 1548 2309 wollen.

855 2297 932 2357 Der
963 2300 1051 2360 Sarg
1087 2300 1164 2360 war
1201 2299 1262 2359 von
1299 2300 1526 2360 Schnitzlers
1564 2300 1713 2360 Cottage
1739 2300 1806 2360 illa
1843 2302 2075 2362 gekommen.
2116 2297 2204 2357 Vier

795 2350 952 2410 Männer
977 2349 1094 2409 trugen
1129 2349 1207 2409 ihn.
1227 2349 1301 2409 Dem
1341 2350 1502 2410 schwarz
1532 2349 1856 2409 ausgeschlagenen
1891 2351 2063 2411 Holzsarg
2093 2348 2205 2408 folgte

799 2401 853 2461 die
887 2399 975 2459 Frau
1010 2399 1230 2459 Schnitzlers
1265 2398 1329 2458 und
1369 2399 1437 2459 sein
1472 2399 1584 2459 Sohn.
1609 2399 1672 2459 Als
1702 2399 1781 2459 man
1816 2399 1869 2459 ihn
1904 2399 1987 2459 sah,
2012 2399 2095 2459 jung
2135 2396 2198 2456 und

791 2448 1029 2508 schüchtern,
1053 2449 1090 2509 da
1123 2448 1188 2508 kam
1235 2448 1333 2508 einém
1380 2448 1450 2508 erst
1474 2449 1539 2509 zum
1582 2446 1834 2506 Bewußtsein,
1858 2446 1918 2506 wie
1951 2447 2063 2507 wenig
2097 2445 2204 2505 junge

795 2497 986 2557 Menschen
1020 2497 1062 2557 da
1096 2497 1230 2557 waren.
1259 2499 1330 2559 Und
1364 2497 1416 2557 als
1446 2497 1502 2557 der
1532 2497 1670 2557 Kantor
1699 2497 1761 2557 das
1790 2497 1895 2557 letzte
1924 2495 2043 2555 Gebet
2067 2494 2196 2554 sprach

800 2548 866 2608 und
895 2548 962 2608 sich
991 2545 1043 2605 die
1067 2545 1253 2605 Menschen
1283 2545 1311 2605 in
1335 2547 1397 2607 der
1422 2545 1521 2605 Halle
1546 2545 1957 2605 zusammendrängten,
1972 2545 2009 2605 da
2034 2545 2200 2605 erschrak

795 2597 901 2657 man:
925 2596 990 2656 alle
1019 2596 1111 2656 diese
1145 2596 1293 2656 Männer
1327 2596 1387 2656 und
1425 2595 1583 2655 Frauen,
1607 2595 1662 2655 die
1691 2595 1732 2655 um
1775 2595 1980 2655 Schnitzler
2008 2593 2213 2653 trauerten,

799 2645 852 2705 die
880 2646 1087 2706 gekommen
1120 2646 1255 2706 waren,
1273 2645 1313 2705 um
1355 2643 1413 2703 von
1445 2646 1499 2706 ihm
1541 2643 1716 2703 Abschied
1749 2643 1784 2703 zu
1812 2643 1983 2703 nehmen,
2002 2643 2114 2703 waren
2147 2641 2214 2701 alt.

859 2699 937 2759 Das
963 2699 1085 2759 Gebet
1110 2699 1183 2759 war
1213 2699 1321 2759 kurz,
1341 2698 1404 2758 wie
1434 2698 1468 2758 es
1493 2700 1699 2760 Schnitzler
1724 2697 1940 2757 gewünscht
1970 2697 2082 2757 hatte,
2108 2697 2200 2757 dann

792 2748 892 2808 stand
926 2749 1003 2809 man
1032 2748 1166 2808 wieder
1186 2748 1215 2808 in
1244 2748 1306 2808 der
1325 2748 1445 2808 kalten
1475 2748 1719 2808 Herbstsonne
1749 2748 1805 2808 vor
1831 2748 1888 2808 dem
1931 2748 2070 2808 offenen
2095 2747 2219 2807 Grab,

802 2796 866 2856 und
907 2799 1057 2859 Männer
1093 2795 1153 2855 wie
1189 2797 1344 2857 Frauen,
1370 2797 1424 2857 die
1455 2798 1741 2858 Schriftsteller,
1762 2796 1817 2856 die
1848 2796 2129 2856 Schauspieler,
2155 2796 2209 2856 die

805 2847 909 2907 Ärzte
940 2846 1070 2906 warfen
1106 2846 1191 2906 Erde
1222 2846 1286 2906 auf
1312 2846 1372 2906 den
1403 2846 1508 2906 Sarg,
1528 2846 1588 2906 der
1614 2846 1714 2906 schon
1744 2844 1774 2904 in
1805 2843 1864 2903 der
1890 2843 1980 2903 Erde
2011 2845 2131 2905 ruhte.
2151 2843 2206 2903 Sie

801 2896 829 2956 im
887 2897 1092 2957 Tageslicht
1126 2896 1163 2956 zu
1197 2896 1326 2956 sehen,
1350 2896 1426 2956 war
1455 2894 1722 2954 gespenstisch.
1761 2892 1803 2952 Es
1837 2894 1913 2954 war
1947 2894 1994 2954 ein
2033 2894 2099 2954 Zug
2143 2892 2199 2952 von

795 2947 995 3007 Schatten,
1010 2945 1067 3005 der
1091 2945 1129 3005 da
1158 2945 1215 3005 vor
1240 2946 1296 3006 ihm
1335 2945 1421 3005 noch
1450 2945 1584 3005 einmal
1608 2945 1961 3005 vorbeiparadierte.
1976 2942 2043 3002 Die
2067 2942 2200 3002 Frauen

858 2995 901 3055 sie
931 2995 1047 3055 waren
1082 2995 1220 3055 einmal
1242 2995 1319 3055 sehr
1346 2995 1453 3055 schön
1484 2994 1669 3054 gewesen,
1691 2996 1763 3056 man
1799 2995 1854 3055 sah
1889 2992 1923 3052 es
1954 2991 2035 3051 noch
2070 2992 2216 3052 immer,

801 3045 889 3105 aber
913 3044 977 3104 wie
1006 3044 1085 3104 weit
1109 3043 1183 3103 war
1206 3043 1257 3103 die
1281 3043 1360 3103 Zeit
1379 3042 1439 3102 der
1463 3042 1593 3102 „süßen
1621 3041 1761 3101 Mädel“
1790 3038 1798 3098 —
1846 3040 1892 3100 sie
1920 3041 2036 3101 hatten
2070 3040 2204 3100 Tränen

805 3091 828 3151 in
866 3091 926 3151 den
959 3090 1103 3150 Augen.
1127 3088 1284 3148 Weinten
1317 3089 1363 3149 sie
1392 3088 1433 3148 um
1475 3090 1568 3150 ihren
1601 3088 1749 3148 Dichter
1778 3087 1861 3147 oder
1890 3088 1926 3148 um
1973 3088 2038 3148 sich
2071 3088 2210 3148 selber?

795 3138 862 3198 Die
895 3139 1062 3199 Männer,
1081 3136 1126 3196 sie
1158 3138 1271 3198 waren
1303 3139 1444 3199 einmal
1462 3139 1616 3199 Anatols
1644 3136 1798 3196 gewesen
1830 3136 1843 3196 —
1894 3138 1989 3198 jetzt
2012 3138 2129 3198 waren
2162 3136 2207 3196 sie

806 3189 935 3249 müde,
959 3187 1198 3247 verbraucht,
1222 3188 1289 3248 und
1328 3187 1399 3247 ihre
1433 3187 1610 3247 gelbliche
1644 3187 1744 3247 Haut
1773 3187 1954 3247 erinnerte
1989 3187 2026 3247 an
2065 3184 2117 3244 die
2156 3185 2213 3245 des

801 3241 939 3301 Toten,
957 3239 1002 3299 als
1026 3238 1112 3298 seien
1141 3239 1187 3299 sie
1211 3238 1326 3298 selber
1350 3238 1412 3298 und
1442 3238 1517 3298 ihre
1541 3238 1615 3298 Zeit
1639 3238 1701 3298 mit
1720 3238 1776 3298 ihm
1818 3239 1869 3299 ins
1893 3238 1985 3298 Grab
2014 3237 2216 3297 gesunken.

852 3305 923 3365 Mit
953 3306 1154 3366 einemmal
1178 3307 1293 3367 schrie
1327 3308 1418 3368 über
1452 3309 1514 3369 den
1553 3311 1768 3371 Menschen,
1793 3312 1850 3372 die
1884 3313 1917 3373 so
1951 3315 2080 3375 seltsam
2134 3315 2200 3375 das

790 3354 995 3414 Gewesene
1029 3355 1224 3415 spiegelten
1268 3360 1330 3420 und
1373 3360 1430 3420 die
1469 3360 1560 3420 Erde
1594 3360 1660 3420 auf
1694 3363 1789 3423 einen
1833 3362 1918 3422 Sarg
1957 3363 2114 3423 warfen,
2148 3364 2195 3424 ein

788 3405 1009 3465 Käuzchen,
1029 3406 1122 3466 hell.
1142 3408 1461 3468 durchdringend,
1487 3409 1604 3469 mitten
1644 3411 1683 3471 am
1728 3411 1821 3471 Tag.
1846 3411 1929 3471 War
1959 3411 1998 3471 es
2028 3413 2092 3473 auf
2122 3414 2185 3474 dem

795 3453 967 3513 Friedhof
1000 3454 1061 3514 aus
1094 3455 1191 3515 einem
1243 3458 1444 3518 steinernen
1486 3458 1650 3518 Versteck
1692 3461 1912 3521 gescheucht
1945 3461 2089 3521 worden
2127 3463 2197 3523 und

792 3503 858 3563 flog
888 3505 954 3565 nun
988 3503 1150 3563 tagblind
1184 3505 1240 3565 hin
1275 3506 1336 3566 und
1370 3506 1451 3566 her?
1480 3507 1580 3567 Oder
1604 3508 1680 3568 war
1704 3510 1738 3570 es
1767 3511 2000 3571 gekommen,
2020 3512 2058 3572 um
2106 3512 2191 3572 auch

790 3552 995 3612 seinerseits
1019 3553 1076 3613 von
1106 3554 1162 3614 dem
1201 3557 1353 3617 Dichter
1374 3554 1430 3614 des
1455 3557 1621 3617 Sterbens
1641 3560 1813 3620 Abschied
1842 3561 1875 3621 zu
1904 3563 2081 3623 nehmen?
2101 3563 2200 3623 Oder

791 3602 862 3662 rief
894 3602 929 3662 es
955 3602 1022 3662 den
1058 3605 1320 3665 Gezeichneten
1357 3608 1464 3668 unten
1501 3610 1645 3670 Verfall
1676 3610 1737 3670 und
1779 3611 2108 3671 Vergänglichkeit
2134 3614 2195 3674 zu?

851 3661 897 3721 Es
923 3662 1073 3722 flatterte
1104 3664 1222 3724 lange.
1239 3666 1300 3726 das
1332 3665 1543 3725 Käuzchen,
1564 3666 1646 3726 über
1673 3668 1889 3728 Schnitzlers
1916 3668 2034 3728 Grab.
2056 3670 2096 3730 Es
2123 3669 2195 3729 war

792 3712 875 3772 noch
908 3712 940 3772 zu
968 3711 1093 3771 sehen.
1108 3714 1159 3774 als
1178 3714 1243 3774 alle
1267 3712 1322 3772 die
1346 3717 1536 3777 Menschen
1565 3717 1741 3777 gegangen
1769 3718 1881 3778 waren
1914 3718 1978 3778 und
2011 3718 2062 3778 die
2086 3718 2197 3778 Autos

792 3762 860 3822 und
895 3762 953 3822 die
983 3760 1209 3820 Elektrische
1239 3762 1415 3822 bestiegen
1455 3766 1597 3826 hatten,
1622 3766 1661 3826 um
1705 3765 1842 3825 wieder
1872 3766 1896 3826 in
1936 3766 1990 3826 die
2020 3769 2132 3829 Stadt
2157 3769 2196 3829 zu

783 3811 936 3871 fahren.
955 3811 995 3871 um
1041 3811 1127 3871 neue
1155 3811 1349 3871 Schminke
1382 3814 1617 3874 aufzulegen.
1636 3815 1726 3875 neue
1754 3814 1935 3874 Literatur
1962 3817 1998 3877 zu
2030 3817 2202 3877 machen,

790 3859 873 3919 neue
908 3859 1085 3919 Morituri
1110 3861 1143 3921 zu
1178 3861 1384 3921 begrüßen.
1410 3863 1487 3923 Nur
1518 3863 1581 3923 das
1611 3865 1803 3925 Käuzchen
1838 3865 1930 3925 blieb
1970 3867 2034 3927 und
2069 3868 2205 3928 schrie.

782 3908 877 3968 Über
903 3909 963 3969 dem
1009 3909 1104 3969 Grab
1140 3909 1230 3969 eines
1256 3909 1447 3969 Dichters.
1463 3912 1558 3972 Über
1584 3914 1644 3974 dem
1690 3915 1785 3975 Grab
1816 3915 1912 3975 einer
1937 3917 2048 3977 Stadt
2069 3916 2083 3976 —
2134 3918 2194 3978 der

778 3962 896 4022 alten,
918 3961 1120 4021 barocken,
1142 3962 1489 4022 völkergemischten
1526 3963 1755 4023 Kaiserstadt
1781 3967 1900 4027 Wien.
