3392 4320
1347 115 1512 175 Pohemien

715 143 793 203 wenn
827 146 893 206 uns
919 143 972 203 der
1002 149 1122 209 Lichter
1152 148 1239 208 eines
1269 150 1389 210 Auches
1419 155 1477 215 von
1510 155 1605 215 hohen

711 189 852 249 tichen
893 186 989 246 Ernst
1021 192 1074 252 als
1109 192 1153 252 ein
1198 195 1455 255 oberflüchlicher
1490 199 1627 259 frivoter

702 231 849 291 Geselle;
876 237 889 297 —
946 234 1037 294 wenn
1072 235 1137 295 une
1168 238 1224 298 der
1251 240 1416 300 Verfasser
1447 240 1534 300 eines
1569 242 1625 302 von

701 272 851 332 delsinn
904 278 975 338 und
1024 281 1280 341 Menschwmlieve
1329 285 1612 345 Werstremenden

715 318 829 378 Werkes
874 320 926 380 als
971 323 1014 383 ein
1063 326 1270 386 engherziger
1314 327 1389 387 uder
1420 330 1477 390 gar
1512 333 1609 393 harte

707 363 824 423 Mensch
863 368 1118 428 entgegentritt,
1149 370 1214 430 und
1253 370 1279 430 in
1323 371 1452 431 unserer
1487 374 1634 434 Enttäu¬

709 406 811 466 schung
854 411 919 471 sind
957 409 1017 469 wir
1055 413 1148 473 leicht
1177 416 1321 476 geneigt,
1355 419 1447 479 solche
1490 416 1630 476 Schrift¬

714 451 810 511 steller
844 454 896 514 für
930 458 1193 518 schwindelhafte
1227 460 1304 520 oder
1347 464 1409 524 gar
1453 465 1625 525 verlogene

710 495 861 555 Subfekte
886 497 1087 557 anzusehen.

747 542 863 602 Tamit
888 543 936 603 tun
972 546 1034 606 wir
1059 548 1151 608 ihnen
1181 546 1327 606 unrecht.
1347 549 1390 609 Rs
1420 551 1483 611 sind
1513 552 1638 612 keines¬

707 583 787 643 wegs
818 588 1045 648 Schwindler,
1067 587 1098 647 es
1130 590 1192 650 sind
1223 594 1294 654 eben
1330 596 1512 656 Literaten,
1534 595 1623 655 deren

708 632 1030 692 Schaffensmethode
1049 637 1308 697 gewissermaßen
1340 640 1363 700 in
1391 643 1463 703 zwei
1482 644 1622 704 Etappen

697 676 750 736 vor
785 676 833 736 sich
873 677 975 737 geht;
1004 679 1043 739 sie
1073 681 1252 741 beginnen,
1277 685 1442 745 durchaus
1482 687 1564 747 nicht
1599 689 1623 749 in

703 721 905 781 unehrlicher
934 724 1069 784 Absicht,
1093 726 1225 786 sondern
1268 727 1352 787 einem
1399 733 1531 793 inneren
1569 733 1634 793 Ge¬

702 763 754 823 setz
773 766 924 826 folgend,
943 770 1066 830 damit,
1081 771 1141 831 daß
1170 772 1208 832 sie
1232 772 1288 832 vor
1312 776 1397 836 allem
1435 777 1567 837 einmal
1591 781 1633 841 die

703 807 827 867 Gestalt
863 812 946 872 eines
986 814 1135 874 Dichters
1171 816 1324 876 schaffen,
1350 817 1404 877 der
1449 820 1499 880 sich
1549 821 1622 881 dazu

697 855 816 915 eignet,
840 858 904 918 aus
932 858 1033 918 seinem
1075 858 1134 918 von
1167 861 1263 921 ihnen
1296 864 1485 924 erdichteten
1517 868 1622 928 Wesen

703 900 822 960 heraus
858 900 903 960 ein
938 898 1033 958 Werk
1058 905 1088 965 zu
1123 906 1268 966 dichten,
1288 909 1353 969 das
1383 909 1423 969 sie
1453 910 1518 970 aus
1548 912 1637 972 ihrer

700 948 820 1008 oigenen
855 948 966 1008 Natur
991 948 1019 1008 zu
1049 948 1179 1008 schaffen
1214 952 1296 1012 nicht
1321 954 1480 1014 imstande
1505 956 1635 1016 wären.

747 989 873 1049 Freilich
909 991 949 1051 ist
969 992 1020 1052 die
1051 994 1228 1054 Wahrheit
1254 996 1299 1056 ein
1335 995 1360 1055 so
1396 1000 1628 1060 unwidersteh¬

701 1036 793 1096 liches
822 1037 986 1097 Eliment,
1006 1038 1068 1098 daß
1098 1040 1136 1100 an
1171 1040 1252 1100 chdie
1282 1041 1552 1101 bedeutendsten,
1577 1047 1635 1107 auf

709 1082 803 1142 solche
839 1081 942 1141 Weise
978 1085 1131 1145 zustande
1166 1086 1394 1146 gekommenen
1439 1086 1548 1146 Werke
1588 1088 1622 1148 an

708 1124 912 1184 irgendeiner
931 1127 1053 1187 Stelle,
1072 1130 1258 1190 manchmal
1277 1133 1349 1193 auch
1377 1133 1399 1193 in
1432 1133 1481 1193 der
1504 1136 1618 1196 ganzen

713 1172 982 1232 Durchführung,
1008 1174 1063 1234 das
1095 1175 1293 1235 Geheimnis
1324 1179 1415 1239 ihres
1446 1179 1634 1239 Ursprungs

708 1214 873 1274 verraten,
897 1216 984 1276 wäre
1012 1216 1044 1276 es
1072 1219 1146 1279 auch
1179 1219 1239 1279 nur
1267 1221 1359 1281 durch
1391 1222 1437 1282 ein
1470 1225 1635 1285 seltsames

707 1261 923 1321 Unbehagen,
938 1263 996 1323 das
1026 1262 1059 1322 sie
1083 1265 1208 1325 erregen
1238 1267 1300 1327 und
1324 1267 1382 1327 das
1412 1267 1459 1327 sich
1489 1269 1537 1329 bis
1561 1270 1614 1330 zum

713 1306 935 1366 Widerstand,
950 1308 975 1368 ja
1011 1308 1056 1368 bis
1087 1310 1137 1370 zum
1183 1309 1254 1369 Ekel
1279 1312 1405 1372 steigern
1441 1315 1537 1375 kann.
1563 1314 1628 1374 Und

710 1354 734 1414 in
770 1351 851 1411 jedem
897 1351 993 1411 Falle
1019 1354 1099 1414 wird
1131 1355 1176 1415 ein
1212 1356 1323 1416 solches
1354 1357 1450 1417 Werk
1476 1357 1526 1417 der
1557 1358 1637 1418 Ver¬

701 1398 914 1458 gänglichkeit
939 1399 1063 1459 rascher
1089 1401 1326 1461 anheimfallen
1362 1402 1411 1462 als
1437 1401 1505 1461 jene
1531 1403 1634 1463 ande¬

708 1440 761 1500 ren
800 1440 1061 1500 Schöpfungen,
1085 1444 1138 1504 die
1177 1443 1220 1503 ein
1264 1444 1375 1504 Genie
1409 1446 1631 1506 unmittelbar

713 1486 974 1546 hervorbrachte,
1009 1488 1087 1548 ohne
1122 1488 1185 1548 erst
1220 1488 1308 1548 einer
1348 1493 1628 1553 Zwischengestalt

708 1530 732 1590 zu
768 1533 940 1593 bødürfen,
955 1534 1004 1594 die
1030 1533 1059 1593 es
1089 1535 1153 1595 mit
1174 1536 1222 1596 den
1257 1536 1301 1596 ihm
1352 1536 1440 1596 selbst
1465 1542 1623 1602 versagten

706 1578 806 1638 hohen
847 1579 1084 1639 Serlenkräften
1120 1581 1301 1641 ausstatten
1337 1581 1468 1641 mußte.

748 1681 786 1741 In
821 1676 873 1736 der
903 1676 1003 1736 Kunst
1028 1679 1148 1739 müssen
1182 1676 1244 1736 wir
1269 1679 1331 1739 uns
1360 1682 1413 1742 von
1452 1682 1500 1742 dem
1544 1682 1630 1742 Vor¬

701 1718 805 1778 urteil
830 1721 1092 1781 emanzipieren,
1113 1722 1172 1782 daß
1207 1724 1261 1784 der
1291 1724 1355 1784 Tod
1390 1724 1424 1784 an
1460 1724 1509 1784 sich
1539 1726 1622 1786 schon

706 1766 810 1826 etwas
841 1768 1029 1828 Trauriges
1059 1769 1088 1829 zu
1124 1767 1272 1827 bedeuten
1307 1769 1406 1829 habe.
1427 1771 1471 1831 Er
1496 1770 1536 1830 ist
1561 1771 1639 1831 viel¬

712 1810 799 1870 mehr
828 1809 940 1869 otwas
980 1811 1008 1871 so
1047 1813 1197 1873 eminent
1232 1816 1465 1876 Natürliches,
1489 1816 1552 1876 daß
1597 1812 1630 1872 er

707 1855 880 1915 innerhalb
906 1855 994 1915 eines
1020 1858 1223 1918 Kunstwerks
1248 1857 1357 1917 ebenso
1387 1858 1441 1918 zur
1461 1858 1634 1918 Heiterkeit

714 1900 768 1960 wie
804 1900 860 1960 zur
890 1900 1142 1960 Erschütterung
1184 1903 1289 1963 Anlaß
1325 1905 1420 1965 goben
1461 1906 1562 1966 kann.
1593 1906 1632 1966 Je

707 1945 812 2005 serner
842 1945 906 2005 uns
942 1945 1011 2005 eine
1041 1948 1165 2008 Figur,
1186 1948 1216 2008 je
1246 1948 1340 2008 mehr
1371 1949 1405 2009 sie
1441 1949 1490 2009 ins
1525 1948 1639 2008 Epifo¬

708 1990 803 2050 dische
829 1993 956 2053 gerückt
977 1987 1032 2047 ist,
1052 1990 1087 2050 um
1133 1990 1163 2050 so
1195 1992 1316 2052 leichter
1347 1994 1473 2054 gelingt
1499 1995 1524 2055 es
1560 1996 1640 2056 uns,

708 2031 801 2091 diesen
844 2036 1059 2096 Standpunkt
1087 2037 1344 2097 einzunehmen,
1368 2039 1522 2099 offenvar
1551 2038 1630 2098 dar¬

708 2079 782 2139 um,
806 2082 881 2142 weil
909 2082 965 2142 von
1003 2081 1087 2141 jenen
1125 2082 1232 2142 ferner
1266 2082 1420 2142 gerückten
1458 2082 1636 2142 Episoden¬

714 2126 834 2186 figuren
871 2127 956 2187 nicht
982 2124 1006 2184 so
1043 2124 1118 2184 viele
1149 2125 1214 2185 und
1245 2126 1275 2186 so
1306 2128 1457 2188 mächtige
1494 2127 1634 2187 Assozia¬

709 2169 891 2229 tionsläden
926 2172 955 2232 zu
991 2172 1118 2232 unserem
1163 2172 1291 2232 eigenen
1326 2174 1478 2234 Schicksal
1503 2175 1636 2235 laufen.

709 2217 769 2277 Der
795 2215 866 2275 Tod
897 2217 953 2277 des
979 2217 1116 2277 Hamlet
1142 2218 1279 2278 berührt
1310 2218 1345 2278 un
1381 2220 1554 2280 Stragisch.
1580 2217 1630 2277 der

708 2261 759 2321 des
791 2261 962 2321 Polonius
994 2261 1181 2321 besiensalls
1218 2261 1462 2321 tragikomisch,
1488 2261 1551 2321 und
1598 2261 1623 2321 in

709 2306 842 2366 gleicher
869 2306 987 2366 Weise,
1008 2307 1162 2367 vielleicht
1189 2306 1214 2366 in
1246 2308 1317 2368 noch
1349 2306 1482 2366 höherem
1529 2308 1632 2368 Maße

713 2351 949 2411 tragikomisch,
988 2351 1080 2411 wenn
1143 2351 1220 2411 auch
1268 2351 1418 2411 zuweilen
1476 2351 1639 2411 rührend,

713 2396 806 2456 wirkt
831 2396 890 2456 auf
916 2396 974 2456 uns
1004 2395 1058 2455 der
1089 2396 1152 2456 Tod
1187 2396 1211 2456 im
1256 2396 1493 2456 Puppenspiel.
1533 2397 1635 2457 Unser

715 2440 863 2500 Schmrez
893 2439 971 2499 über
1006 2439 1060 2499 den
1100 2440 1287 2500 Untergang
1327 2440 1380 2500 der
1415 2441 1636 2501 Marionette,

714 2486 760 2546 den
803 2485 864 2545 das
902 2485 1000 2545 ewige
1039 2485 1241 2545 Kinderherz
1274 2485 1297 2545 in
1345 2484 1405 2544 uns
1444 2485 1641 2545 empfindet,

713 2530 791 2590 wird
826 2530 885 2590 von
925 2529 1057 2589 unserer
1087 2530 1303 2590 erwachsenen
1343 2530 1436 2590 Logik
1466 2530 1569 2590 sofort
1599 2530 1623 2590 in

708 2572 880 2632 Heiterkeit
906 2575 1134 2635 umgedeutet,
1155 2575 1231 2635 weil
1257 2575 1338 2635 diese
1364 2574 1516 2634 ehrlichen
1558 2574 1638 2634 Ma¬

709 2620 865 2680 rionetten
897 2620 920 2680 im
961 2620 1136 2680 Gegensatz
1155 2620 1177 2680 zu
1210 2621 1356 2681 manchen
1385 2620 1545 2680 scheinbar
1568 2620 1636 2680 tra¬

714 2667 825 2727 gischen
861 2664 1028 2724 Figuren,
1054 2664 1099 2724 die
1131 2664 1324 2724 manchmal
1355 2664 1451 2724 nichts
1487 2663 1548 2723 sind
1584 2664 1634 2724 als

708 2710 890 2770 unehrliche
919 2709 1167 2769 Marionetten,
1187 2709 1242 2769 von
1276 2708 1467 2768 vornherein
1505 2706 1561 2766 auf
1585 2707 1631 2767 die

715 2754 897 2814 Tänschung
935 2756 1128 2816 verzichten,
1150 2754 1214 2814 uns
1247 2753 1289 2813 ein
1327 2748 1644 2808 Menschenschicksal

716 2799 956 2859 vorzuspielen.

754 2843 833 2903 Eine
863 2843 1035 2903 besondere
1071 2841 1145 2901 Lust
1175 2839 1328 2899 gewährt
1373 2838 1407 2898 es
1462 2840 1615 2900 manchem

709 2888 943 2948 Rezensenten,
964 2888 1014 2948 den
1051 2888 1285 2948 entschiedenen
1321 2885 1515 2945 Rückschritt
1546 2885 1632 2945 eines

703 2934 827 2994 Antors
883 2933 1112 2993 festzustellen,
1157 2931 1206 2991 wo
1242 2930 1276 2990 es
1307 2931 1361 2991 sich
1417 2931 1456 2991 um
1526 2932 1630 2992 nichts

708 2980 847 3040 anderes
877 2978 1044 3038 handelte,
1064 2978 1112 3038 als
1136 2976 1174 3036 um
1213 2976 1280 3036 eine
1305 2972 1535 3032 Schwankung
1560 2975 1627 3035 nach

708 3025 827 3085 unten,
853 3023 911 3083 wie
937 3023 971 3083 sie
1002 3022 1026 3082 im
1071 3020 1280 3080 Lebenswerk
1305 3018 1389 3078 jedes
1420 3020 1632 3080 Schaffenden

708 3069 1009 3129 natürlicherweise
1039 3064 1287 3124 vorzukommen
1326 3066 1441 3126 pilegt.
1489 3064 1623 3124 Solchen

707 3115 886 3175 voreiligen
920 3112 1155 3172 Grabrednern
1194 3109 1377 3169 gegenüber
1430 3111 1519 3171 fühlt
1558 3109 1632 3169 man

715 3160 759 3220 sich
789 3160 946 3220 versucht.
962 3160 1000 3220 an
1031 3155 1292 3215 Eintagsfliegen
1322 3156 1346 3216 zu
1376 3155 1513 3215 denken,
1529 3154 1627 3214 denen

713 3204 742 3264 es
768 3205 935 3265 bestimmt
950 3205 1038 3265 war.
1054 3202 1108 3262 von
1143 3202 1226 3262 einer
1256 3201 1335 3261 Flut
1350 3199 1394 3259 bis
1419 3202 1468 3262 zur
1488 3199 1626 3259 nächsten

715 3247 795 3307 Ebbe
821 3251 856 3311 an
887 3250 974 3310 einem
1020 3247 1096 3307 Uier
1122 3247 1402 3307 hinzuschweben,
1423 3247 1483 3307 und
1515 3247 1560 3307 die
1586 3245 1636 3305 sich

704 3294 889 3354 einbilden,
914 3294 989 3354 weil
1009 3294 1049 3354 sie
1075 3293 1124 3353 die
1155 3291 1235 3351 neue
1261 3291 1341 3351 Flut
1366 3291 1451 3351 nicht
1476 3291 1566 3351 mehr
1597 3291 1646 3351 er¬

713 3342 818 3402 leben,
843 3340 875 3400 sie
905 3339 1009 3399 hätten
1044 3337 1100 3397 das
1135 3336 1225 3396 Meer
1249 3335 1455 3395 austrocknen
1489 3336 1637 3396 gesehen.

754 3384 835 3444 Eine
859 3383 1085 3443 unerläßliche
1110 3378 1373 3438 Voraussetzung
1403 3378 1455 3438 des
1485 3381 1633 3441 Dramas

714 3429 747 3489 ist
777 3429 834 3489 das
868 3429 1142 3489 Vorhandensein
1181 3427 1268 3487 einer
1302 3426 1499 3486 bestimmten
1538 3421 1638 3481 Wolt¬

708 3475 918 3535 anschauung
958 3473 1021 3533 und
1057 3469 1106 3529 die
1142 3469 1320 3529 Annahme
1370 3467 1518 3527 gewisser
1572 3467 1642 3527 fest¬

720 3519 878 3579 stehender
906 3515 1056 3575 ethischer
1084 3509 1211 3569 Werte.
1253 3510 1466 3570 Keineswegs
1499 3512 1575 3572 geht
1603 3511 1635 3571 es

714 3561 778 3621 an,
798 3562 834 3622 am
881 3560 1006 3620 Beginn
1040 3557 1127 3617 eines
1161 3559 1309 3619 Dramas
1343 3557 1393 3617 den
1431 3557 1565 3617 Mythys

714 3608 847 3668 bejahen
887 3607 946 3667 und
981 3605 1005 3665 im
1055 3603 1204 3663 weiteren
1239 3605 1401 3665 Verlaufe
1451 3604 1500 3664 ihn
1540 3602 1643 3662 anm¬

714 3651 878 3711 zweifeln;
898 3650 931 3710 es
956 3648 1033 3708 geht
1058 3647 1139 3707 nicht
1164 3651 1227 3711 an.
1242 3650 1323 3710 über
1348 3650 1396 3710 die
1416 3648 1633 3708 dramatische

717 3688 892 3748 Handlung
923 3691 1012 3751 einen
1043 3689 1193 3749 Himmel
1237 3691 1292 3751 von
1327 3694 1412 3754 ganz
1434 3691 1635 3751 bestimmter

724 3732 852 3792 chi
1059 3728 1627 3788 aen

718 3784 779 3844 und
812 3781 863 3841 ihn
901 3781 1008 3841 später
1037 3778 1238 3838 herabsinken
1276 3778 1303 3838 zu
1342 3772 1435 3832 lassen
1473 3777 1533 3837 wie
1567 3780 1636 3840 eine

720 3826 899 3886 bewealiche
924 3826 1011 3886 Decke
1046 3826 1123 3886 oder
1138 3823 1196 3883 gar
1230 3823 1278 3883 ihn
1322 3823 1531 3883 aufmreißen
1575 3823 1638 3883 und

719 3879 855 3939 plötzlich
884 3879 911 3939 in
940 3876 990 3936 die
1014 3872 1252 3932 Unendlichkeit
1275 3871 1456 3931 ungelöster
1485 3870 1547 3930 und
1576 3868 1637 3928 un¬
