<?xml version="1.0" encoding="UTF-8" standalone="yes"?>
<PcGts xmlns="http://schema.primaresearch.org/PAGE/gts/pagecontent/2013-07-15" xmlns:xsi="http://www.w3.org/2001/XMLSchema-instance" xsi:schemaLocation="http://schema.primaresearch.org/PAGE/gts/pagecontent/2013-07-15 http://schema.primaresearch.org/PAGE/gts/pagecontent/2013-07-15/pagecontent.xsd">
    <Metadata>
        <Creator>prov=READ-COOP:name=PyLaia@TranskribusPlatform:version=2.12.1:model_id=39995:lm=none:date=09_04_2024_22:50</Creator>
        <Created>2019-10-07T20:39:06.907+02:00</Created>
        <LastChange>2024-04-09T22:50:50.093+02:00</LastChange>
        <TranskribusMetadata docId="224459" pageId="9582352" pageNr="409" tsid="157630436" status="IN_PROGRESS" userId="64420" imgUrl="https://files.transkribus.eu/Get?id=QVENWANEYMKNEFTDTCNYZMSO&amp;fileType=view" xmlUrl="https://files.transkribus.eu/Get?id=GXZQLTTDPXMTJIMZZDPVYUAN" imageId="6209160"/>
    </Metadata>
    <Page imageFilename="224459_0409.jpeg" imageWidth="3436" imageHeight="4256">
        <ReadingOrder>
            <OrderedGroup id="ro_1712938146853" caption="Regions reading order">
                <RegionRefIndexed index="0" regionRef="tr_1"/>
                <RegionRefIndexed index="1" regionRef="tr_2"/>
            </OrderedGroup>
        </ReadingOrder>
        <TextRegion orientation="0.0" id="tr_1" custom="readingOrder {index:0;}">
            <Coords points="199,268 199,3587 2298,3587 2298,268"/>
            <TextLine id="tr_1_tl_1" custom="readingOrder {index:0;}">
                <Coords points="190,309 1274,336 1243,233 1100,263 381,236 302,279 190,243"/>
                <Baseline points="199,292 252,296 306,296 360,294 414,295 468,295 522,296 576,298 630,298 684,300 738,301 791,299 845,301 899,305 953,309 1007,310 1061,304 1115,304 1169,304 1223,304 1277,304"/>
                <Word id="tr_1_tl_1_w1" custom="readingOrder {index:0;}">
                    <Coords points="199,255 199,315 285,315 285,255"/>
                    <TextEquiv>
                        <Unicode>2.</Unicode>
                    </TextEquiv>
                </Word>
                <Word id="tr_1_tl_1_w2" custom="readingOrder {index:1;}">
                    <Coords points="346,258 346,318 939,318 939,258"/>
                    <TextEquiv>
                        <Unicode>Schnitzler's</Unicode>
                    </TextEquiv>
                </Word>
                <Word id="tr_1_tl_1_w3" custom="readingOrder {index:2;}">
                    <Coords points="1010,264 1010,324 1233,324 1233,264"/>
                    <TextEquiv>
                        <Unicode>Death</Unicode>
                    </TextEquiv>
                </Word>
                <TextEquiv>
                    <Unicode>2. Schnitzler's Death</Unicode>
                </TextEquiv>
            </TextLine>
            <TextLine id="tr_1_tl_2" custom="readingOrder {index:1;}">
                <Coords points="1452,317 1660,334 1708,315 1764,331 1808,315 1842,329 1867,311 1921,324 1923,256 1764,259 1689,234 1655,256 1588,250 1565,265 1454,233"/>
                <Baseline points="1462,301 1487,303 1513,304 1539,304 1564,305 1590,307 1616,307 1642,307 1667,307 1693,307 1719,307 1744,306 1770,304 1796,304 1822,304 1847,304 1873,303 1899,302 1925,301"/>
                <Word id="tr_1_tl_2_w1" custom="readingOrder {index:0;}">
                    <Coords points="1457,264 1457,324 1581,324 1581,264"/>
                    <TextEquiv>
                        <Unicode>box</Unicode>
                    </TextEquiv>
                </Word>
                <Word id="tr_1_tl_2_w2" custom="readingOrder {index:1;}">
                    <Coords points="1660,264 1660,324 1885,324 1885,264"/>
                    <TextEquiv>
                        <Unicode>43/16</Unicode>
                    </TextEquiv>
                </Word>
                <TextEquiv>
                    <Unicode>box 43/16</Unicode>
                </TextEquiv>
            </TextLine>
            <TextLine id="tr_1_tl_3" custom="readingOrder {index:2;}">
                <Coords points="859,1148 2284,1156 2261,1088 1567,1122 859,1091"/>
                <Baseline points="868,1140 939,1143 1010,1143 1081,1143 1152,1143 1223,1143 1294,1143 1365,1143 1436,1143 1507,1144 1578,1146 1649,1146 1720,1146 1791,1148 1862,1149 1933,1149 2004,1148 2075,1149 2146,1149 2217,1149 2289,1149"/>
                <Word id="tr_1_tl_3_w1" custom="readingOrder {index:0;}">
                    <Coords points="865,1101 865,1161 933,1161 933,1101"/>
                    <TextEquiv>
                        <Unicode>und</Unicode>
                    </TextEquiv>
                </Word>
                <Word id="tr_1_tl_3_w2" custom="readingOrder {index:1;}">
                    <Coords points="967,1103 967,1163 1074,1163 1074,1103"/>
                    <TextEquiv>
                        <Unicode>letzte</Unicode>
                    </TextEquiv>
                </Word>
                <Word id="tr_1_tl_3_w3" custom="readingOrder {index:2;}">
                    <Coords points="1109,1103 1109,1163 1380,1163 1380,1103"/>
                    <TextEquiv>
                        <Unicode>Augenblicke.</Unicode>
                    </TextEquiv>
                </Word>
                <Word id="tr_1_tl_3_w4" custom="readingOrder {index:3;}">
                    <Coords points="1404,1103 1404,1163 1448,1163 1448,1103"/>
                    <TextEquiv>
                        <Unicode>Es</Unicode>
                    </TextEquiv>
                </Word>
                <Word id="tr_1_tl_3_w5" custom="readingOrder {index:4;}">
                    <Coords points="1477,1104 1477,1164 1550,1164 1550,1104"/>
                    <TextEquiv>
                        <Unicode>war</Unicode>
                    </TextEquiv>
                </Word>
                <Word id="tr_1_tl_3_w6" custom="readingOrder {index:5;}">
                    <Coords points="1579,1106 1579,1166 1646,1166 1646,1106"/>
                    <TextEquiv>
                        <Unicode>wie</Unicode>
                    </TextEquiv>
                </Word>
                <Word id="tr_1_tl_3_w7" custom="readingOrder {index:6;}">
                    <Coords points="1675,1106 1675,1166 1737,1166 1737,1106"/>
                    <TextEquiv>
                        <Unicode>bei</Unicode>
                    </TextEquiv>
                </Word>
                <Word id="tr_1_tl_3_w8" custom="readingOrder {index:7;}">
                    <Coords points="1760,1109 1760,1169 1986,1169 1986,1109"/>
                    <TextEquiv>
                        <Unicode>Schnitzler.</Unicode>
                    </TextEquiv>
                </Word>
                <Word id="tr_1_tl_3_w9" custom="readingOrder {index:8;}">
                    <Coords points="2010,1108 2010,1168 2088,1168 2088,1108"/>
                    <TextEquiv>
                        <Unicode>Man</Unicode>
                    </TextEquiv>
                </Word>
                <Word id="tr_1_tl_3_w10" custom="readingOrder {index:9;}">
                    <Coords points="2123,1109 2123,1169 2184,1169 2184,1109"/>
                    <TextEquiv>
                        <Unicode>sah</Unicode>
                    </TextEquiv>
                </Word>
                <Word id="tr_1_tl_3_w11" custom="readingOrder {index:10;}">
                    <Coords points="2219,1109 2219,1169 2275,1169 2275,1109"/>
                    <TextEquiv>
                        <Unicode>die</Unicode>
                    </TextEquiv>
                </Word>
                <TextEquiv>
                    <Unicode>und letzte Augenblicke. Es war wie bei Schnitzler. Man sah die</Unicode>
                </TextEquiv>
            </TextLine>
            <TextLine id="tr_1_tl_4" custom="readingOrder {index:3;}">
                <Coords points="859,1215 2281,1202 2281,1154 2214,1148 859,1159"/>
                <Baseline points="868,1190 938,1192 1009,1190 1080,1190 1151,1193 1222,1193 1293,1193 1364,1193 1435,1193 1506,1193 1577,1196 1647,1194 1718,1196 1789,1198 1860,1199 1931,1196 2002,1196 2073,1196 2144,1196 2215,1199 2286,1196"/>
                <Word id="tr_1_tl_4_w1" custom="readingOrder {index:0;}">
                    <Coords points="864,1150 864,1210 1144,1210 1144,1150"/>
                    <TextEquiv>
                        <Unicode>Schauspieler,</Unicode>
                    </TextEquiv>
                </Word>
                <Word id="tr_1_tl_4_w2" custom="readingOrder {index:1;}">
                    <Coords points="1165,1153 1165,1213 1265,1213 1265,1153"/>
                    <TextEquiv>
                        <Unicode>froh,</Unicode>
                    </TextEquiv>
                </Word>
                <Word id="tr_1_tl_4_w3" custom="readingOrder {index:2;}">
                    <Coords points="1292,1153 1292,1213 1360,1213 1360,1153"/>
                    <TextEquiv>
                        <Unicode>sich</Unicode>
                    </TextEquiv>
                </Word>
                <Word id="tr_1_tl_4_w4" custom="readingOrder {index:3;}">
                    <Coords points="1403,1153 1403,1213 1519,1213 1519,1153"/>
                    <TextEquiv>
                        <Unicode>zeigen</Unicode>
                    </TextEquiv>
                </Word>
                <Word id="tr_1_tl_4_w5" custom="readingOrder {index:4;}">
                    <Coords points="1556,1155 1556,1215 1593,1215 1593,1155"/>
                    <TextEquiv>
                        <Unicode>zu</Unicode>
                    </TextEquiv>
                </Word>
                <Word id="tr_1_tl_4_w6" custom="readingOrder {index:5;}">
                    <Coords points="1630,1155 1630,1215 1788,1215 1788,1155"/>
                    <TextEquiv>
                        <Unicode>dürfen,</Unicode>
                    </TextEquiv>
                </Word>
                <Word id="tr_1_tl_4_w7" custom="readingOrder {index:6;}">
                    <Coords points="1815,1156 1815,1216 2047,1216 2047,1156"/>
                    <TextEquiv>
                        <Unicode>Traurigkeit</Unicode>
                    </TextEquiv>
                </Word>
                <Word id="tr_1_tl_4_w8" custom="readingOrder {index:7;}">
                    <Coords points="2079,1156 2079,1216 2131,1216 2131,1156"/>
                    <TextEquiv>
                        <Unicode>ins</Unicode>
                    </TextEquiv>
                </Word>
                <Word id="tr_1_tl_4_w9" custom="readingOrder {index:8;}">
                    <Coords points="2169,1158 2169,1218 2279,1218 2279,1158"/>
                    <TextEquiv>
                        <Unicode>unge-</Unicode>
                    </TextEquiv>
                </Word>
                <TextEquiv>
                    <Unicode>Schauspieler, froh, sich zeigen zu dürfen, Traurigkeit ins unge-</Unicode>
                </TextEquiv>
            </TextLine>
            <TextLine id="tr_1_tl_5" custom="readingOrder {index:4;}">
                <Coords points="859,1252 1567,1256 1567,1209 1504,1202 859,1216"/>
                <Baseline points="868,1238 903,1240 938,1241 973,1241 1008,1241 1044,1241 1079,1241 1114,1241 1149,1241 1184,1241 1220,1241 1255,1241 1290,1240 1325,1239 1360,1241 1396,1241 1431,1243 1466,1243 1501,1241 1536,1241 1572,1238"/>
                <Word id="tr_1_tl_5_w1" custom="readingOrder {index:0;}">
                    <Coords points="864,1201 864,1261 1066,1261 1066,1201"/>
                    <TextEquiv>
                        <Unicode>schminkte</Unicode>
                    </TextEquiv>
                </Word>
                <Word id="tr_1_tl_5_w2" custom="readingOrder {index:1;}">
                    <Coords points="1108,1201 1108,1261 1248,1261 1248,1201"/>
                    <TextEquiv>
                        <Unicode>Antlitz</Unicode>
                    </TextEquiv>
                </Word>
                <Word id="tr_1_tl_5_w3" custom="readingOrder {index:2;}">
                    <Coords points="1280,1201 1280,1261 1518,1261 1518,1201"/>
                    <TextEquiv>
                        <Unicode>geschminkt</Unicode>
                    </TextEquiv>
                </Word>
                <Word id="tr_1_tl_5_w4" custom="readingOrder {index:3;}">
                    <Coords points="1545,1199 1545,1259 1560,1259 1560,1199"/>
                    <TextEquiv>
                        <Unicode>-</Unicode>
                    </TextEquiv>
                </Word>
                <TextEquiv>
                    <Unicode>schminkte Antlitz geschminkt -</Unicode>
                </TextEquiv>
            </TextLine>
            <TextLine id="tr_1_tl_6" custom="readingOrder {index:5;}">
                <Coords points="1610,1254 1810,1250 1842,1270 2281,1250 2281,1207 2159,1224 1746,1206 1708,1225 1610,1206"/>
                <Baseline points="1620,1241 1653,1243 1686,1244 1719,1245 1753,1247 1786,1247 1819,1247 1853,1247 1886,1247 1919,1247 1953,1247 1986,1247 2019,1247 2052,1247 2086,1247 2119,1247 2152,1247 2186,1247 2219,1247 2252,1246 2286,1241"/>
                <Word id="tr_1_tl_6_w1" custom="readingOrder {index:0;}">
                    <Coords points="1610,1202 1610,1262 1675,1262 1675,1202"/>
                    <TextEquiv>
                        <Unicode>für</Unicode>
                    </TextEquiv>
                </Word>
                <Word id="tr_1_tl_6_w2" custom="readingOrder {index:1;}">
                    <Coords points="1711,1206 1711,1266 1787,1266 1787,1206"/>
                    <TextEquiv>
                        <Unicode>eine</Unicode>
                    </TextEquiv>
                </Word>
                <Word id="tr_1_tl_6_w3" custom="readingOrder {index:2;}">
                    <Coords points="1823,1207 1823,1267 2137,1267 2137,1207"/>
                    <TextEquiv>
                        <Unicode>möglicherweise</Unicode>
                    </TextEquiv>
                </Word>
                <Word id="tr_1_tl_6_w4" custom="readingOrder {index:3;}">
                    <Coords points="2173,1206 2173,1266 2279,1266 2279,1206"/>
                    <TextEquiv>
                        <Unicode>statt¬</Unicode>
                    </TextEquiv>
                </Word>
                <TextEquiv>
                    <Unicode>für eine möglicherweise statt¬</Unicode>
                </TextEquiv>
            </TextLine>
            <TextLine id="tr_1_tl_7" custom="readingOrder {index:6;}">
                <Coords points="868,1302 2102,1320 2279,1309 2277,1252 866,1254"/>
                <Baseline points="877,1289 947,1289 1017,1289 1087,1288 1158,1289 1228,1292 1298,1290 1369,1289 1439,1291 1509,1292 1580,1292 1650,1292 1720,1292 1790,1295 1861,1295 1931,1295 2001,1295 2072,1295 2142,1295 2212,1297 2283,1295"/>
                <Word id="tr_1_tl_7_w1" custom="readingOrder {index:0;}">
                    <Coords points="866,1249 866,1309 1034,1309 1034,1249"/>
                    <TextEquiv>
                        <Unicode>findende</Unicode>
                    </TextEquiv>
                </Word>
                <Word id="tr_1_tl_7_w2" custom="readingOrder {index:1;}">
                    <Coords points="1078,1250 1078,1310 1457,1310 1457,1250"/>
                    <TextEquiv>
                        <Unicode>Tonfilmaufnahme.</Unicode>
                    </TextEquiv>
                </Word>
                <Word id="tr_1_tl_7_w3" custom="readingOrder {index:2;}">
                    <Coords points="1490,1252 1490,1312 1595,1312 1595,1252"/>
                    <TextEquiv>
                        <Unicode>Einer</Unicode>
                    </TextEquiv>
                </Word>
                <Word id="tr_1_tl_7_w4" custom="readingOrder {index:3;}">
                    <Coords points="1632,1252 1632,1312 1696,1312 1696,1252"/>
                    <TextEquiv>
                        <Unicode>der</Unicode>
                    </TextEquiv>
                </Word>
                <Word id="tr_1_tl_7_w5" custom="readingOrder {index:4;}">
                    <Coords points="1728,1255 1728,1315 1991,1315 1991,1255"/>
                    <TextEquiv>
                        <Unicode>Schauspieler</Unicode>
                    </TextEquiv>
                </Word>
                <Word id="tr_1_tl_7_w6" custom="readingOrder {index:5;}">
                    <Coords points="2024,1255 2024,1315 2140,1315 2140,1255"/>
                    <TextEquiv>
                        <Unicode>zeigte</Unicode>
                    </TextEquiv>
                </Word>
                <Word id="tr_1_tl_7_w7" custom="readingOrder {index:6;}">
                    <Coords points="2177,1256 2177,1316 2271,1316 2271,1256"/>
                    <TextEquiv>
                        <Unicode>einen</Unicode>
                    </TextEquiv>
                </Word>
                <TextEquiv>
                    <Unicode>findende Tonfilmaufnahme. Einer der Schauspieler zeigte einen</Unicode>
                </TextEquiv>
            </TextLine>
            <TextLine id="tr_1_tl_8" custom="readingOrder {index:7;}">
                <Coords points="859,1356 2281,1370 2281,1308 2166,1297 859,1322"/>
                <Baseline points="868,1337 938,1337 1009,1340 1080,1337 1151,1338 1222,1340 1293,1340 1364,1340 1435,1339 1506,1342 1577,1343 1647,1343 1718,1343 1789,1345 1860,1346 1931,1346 2002,1346 2073,1343 2144,1344 2215,1346 2286,1343"/>
                <Word id="tr_1_tl_8_w1" custom="readingOrder {index:0;}">
                    <Coords points="865,1298 865,1358 1064,1358 1064,1298"/>
                    <TextEquiv>
                        <Unicode>mächtigen</Unicode>
                    </TextEquiv>
                </Word>
                <Word id="tr_1_tl_8_w2" custom="readingOrder {index:1;}">
                    <Coords points="1108,1299 1108,1359 1292,1359 1292,1299"/>
                    <TextEquiv>
                        <Unicode>Vollbart.</Unicode>
                    </TextEquiv>
                </Word>
                <Word id="tr_1_tl_8_w3" custom="readingOrder {index:2;}">
                    <Coords points="1331,1300 1331,1360 1379,1360 1379,1300"/>
                    <TextEquiv>
                        <Unicode>Es</Unicode>
                    </TextEquiv>
                </Word>
                <Word id="tr_1_tl_8_w4" custom="readingOrder {index:3;}">
                    <Coords points="1412,1299 1412,1359 1487,1359 1487,1299"/>
                    <TextEquiv>
                        <Unicode>war</Unicode>
                    </TextEquiv>
                </Word>
                <Word id="tr_1_tl_8_w5" custom="readingOrder {index:4;}">
                    <Coords points="1520,1302 1520,1362 1574,1362 1574,1302"/>
                    <TextEquiv>
                        <Unicode>ein</Unicode>
                    </TextEquiv>
                </Word>
                <Word id="tr_1_tl_8_w6" custom="readingOrder {index:5;}">
                    <Coords points="1612,1303 1612,1363 1736,1363 1736,1303"/>
                    <TextEquiv>
                        <Unicode>echter</Unicode>
                    </TextEquiv>
                </Word>
                <Word id="tr_1_tl_8_w7" custom="readingOrder {index:6;}">
                    <Coords points="1769,1305 1769,1365 1872,1365 1872,1305"/>
                    <TextEquiv>
                        <Unicode>Bart,</Unicode>
                    </TextEquiv>
                </Word>
                <Word id="tr_1_tl_8_w8" custom="readingOrder {index:7;}">
                    <Coords points="1900,1306 1900,1366 1937,1366 1937,1306"/>
                    <TextEquiv>
                        <Unicode>er</Unicode>
                    </TextEquiv>
                </Word>
                <Word id="tr_1_tl_8_w9" custom="readingOrder {index:8;}">
                    <Coords points="1970,1305 1970,1365 2067,1365 2067,1305"/>
                    <TextEquiv>
                        <Unicode>hatte</Unicode>
                    </TextEquiv>
                </Word>
                <Word id="tr_1_tl_8_w10" custom="readingOrder {index:9;}">
                    <Coords points="2106,1303 2106,1363 2175,1363 2175,1303"/>
                    <TextEquiv>
                        <Unicode>sich</Unicode>
                    </TextEquiv>
                </Word>
                <Word id="tr_1_tl_8_w11" custom="readingOrder {index:10;}">
                    <Coords points="2214,1304 2214,1364 2273,1364 2273,1304"/>
                    <TextEquiv>
                        <Unicode>ihn</Unicode>
                    </TextEquiv>
                </Word>
                <TextEquiv>
                    <Unicode>mächtigen Vollbart. Es war ein echter Bart, er hatte sich ihn</Unicode>
                </TextEquiv>
            </TextLine>
            <TextLine id="tr_1_tl_9" custom="readingOrder {index:8;}">
                <Coords points="864,1392 2288,1413 2288,1368 2206,1352 864,1356"/>
                <Baseline points="874,1384 944,1387 1015,1387 1086,1387 1157,1387 1228,1390 1299,1387 1370,1387 1441,1388 1512,1390 1583,1390 1653,1390 1724,1390 1795,1393 1866,1393 1937,1393 2008,1393 2079,1393 2150,1393 2221,1393 2292,1396"/>
                <Word id="tr_1_tl_9_w1" custom="readingOrder {index:0;}">
                    <Coords points="869,1347 869,1407 1034,1407 1034,1347"/>
                    <TextEquiv>
                        <Unicode>wachsen</Unicode>
                    </TextEquiv>
                </Word>
                <Word id="tr_1_tl_9_w2" custom="readingOrder {index:1;}">
                    <Coords points="1069,1347 1069,1407 1209,1407 1209,1347"/>
                    <TextEquiv>
                        <Unicode>lassen,</Unicode>
                    </TextEquiv>
                </Word>
                <Word id="tr_1_tl_9_w3" custom="readingOrder {index:2;}">
                    <Coords points="1236,1347 1236,1407 1321,1407 1321,1347"/>
                    <TextEquiv>
                        <Unicode>aber</Unicode>
                    </TextEquiv>
                </Word>
                <Word id="tr_1_tl_9_w4" custom="readingOrder {index:3;}">
                    <Coords points="1351,1347 1351,1407 1386,1407 1386,1347"/>
                    <TextEquiv>
                        <Unicode>er</Unicode>
                    </TextEquiv>
                </Word>
                <Word id="tr_1_tl_9_w5" custom="readingOrder {index:4;}">
                    <Coords points="1417,1349 1417,1409 1547,1409 1547,1349"/>
                    <TextEquiv>
                        <Unicode>wirkte</Unicode>
                    </TextEquiv>
                </Word>
                <Word id="tr_1_tl_9_w6" custom="readingOrder {index:5;}">
                    <Coords points="1583,1350 1583,1410 1648,1410 1648,1350"/>
                    <TextEquiv>
                        <Unicode>wie</Unicode>
                    </TextEquiv>
                </Word>
                <Word id="tr_1_tl_9_w7" custom="readingOrder {index:6;}">
                    <Coords points="1678,1350 1678,1410 1728,1410 1728,1350"/>
                    <TextEquiv>
                        <Unicode>ein</Unicode>
                    </TextEquiv>
                </Word>
                <Word id="tr_1_tl_9_w8" custom="readingOrder {index:7;}">
                    <Coords points="1769,1353 1769,1413 1955,1413 1955,1353"/>
                    <TextEquiv>
                        <Unicode>geklebter</Unicode>
                    </TextEquiv>
                </Word>
                <Word id="tr_1_tl_9_w9" custom="readingOrder {index:8;}">
                    <Coords points="1985,1353 1985,1413 2090,1413 2090,1353"/>
                    <TextEquiv>
                        <Unicode>Bart,</Unicode>
                    </TextEquiv>
                </Word>
                <Word id="tr_1_tl_9_w10" custom="readingOrder {index:9;}">
                    <Coords points="2116,1353 2116,1413 2181,1413 2181,1353"/>
                    <TextEquiv>
                        <Unicode>wie</Unicode>
                    </TextEquiv>
                </Word>
                <Word id="tr_1_tl_9_w11" custom="readingOrder {index:10;}">
                    <Coords points="2217,1354 2217,1414 2281,1414 2281,1354"/>
                    <TextEquiv>
                        <Unicode>das</Unicode>
                    </TextEquiv>
                </Word>
                <TextEquiv>
                    <Unicode>wachsen lassen, aber er wirkte wie ein geklebter Bart, wie das</Unicode>
                </TextEquiv>
            </TextLine>
            <TextLine id="tr_1_tl_10" custom="readingOrder {index:9;}">
                <Coords points="864,1436 2279,1456 2279,1411 2213,1399 864,1395"/>
                <Baseline points="874,1435 944,1436 1014,1435 1085,1436 1155,1438 1226,1438 1296,1438 1367,1438 1437,1438 1508,1438 1578,1441 1648,1441 1719,1444 1789,1442 1860,1444 1930,1443 2001,1444 2071,1444 2142,1444 2212,1444 2283,1444"/>
                <Word id="tr_1_tl_10_w1" custom="readingOrder {index:0;}">
                    <Coords points="870,1395 870,1455 1042,1455 1042,1395"/>
                    <TextEquiv>
                        <Unicode>Theater,</Unicode>
                    </TextEquiv>
                </Word>
                <Word id="tr_1_tl_10_w2" custom="readingOrder {index:1;}">
                    <Coords points="1059,1396 1059,1456 1117,1456 1117,1396"/>
                    <TextEquiv>
                        <Unicode>das</Unicode>
                    </TextEquiv>
                </Word>
                <Word id="tr_1_tl_10_w3" custom="readingOrder {index:2;}">
                    <Coords points="1145,1398 1145,1458 1198,1458 1198,1398"/>
                    <TextEquiv>
                        <Unicode>nie</Unicode>
                    </TextEquiv>
                </Word>
                <Word id="tr_1_tl_10_w4" custom="readingOrder {index:3;}">
                    <Coords points="1226,1398 1226,1458 1392,1458 1392,1398"/>
                    <TextEquiv>
                        <Unicode>aufhört,</Unicode>
                    </TextEquiv>
                </Word>
                <Word id="tr_1_tl_10_w5" custom="readingOrder {index:4;}">
                    <Coords points="1409,1398 1409,1458 1473,1458 1473,1398"/>
                    <TextEquiv>
                        <Unicode>sich</Unicode>
                    </TextEquiv>
                </Word>
                <Word id="tr_1_tl_10_w6" custom="readingOrder {index:5;}">
                    <Coords points="1506,1400 1506,1460 1619,1460 1619,1400"/>
                    <TextEquiv>
                        <Unicode>selber</Unicode>
                    </TextEquiv>
                </Word>
                <Word id="tr_1_tl_10_w7" custom="readingOrder {index:6;}">
                    <Coords points="1647,1401 1647,1461 1678,1461 1678,1401"/>
                    <TextEquiv>
                        <Unicode>zu</Unicode>
                    </TextEquiv>
                </Word>
                <Word id="tr_1_tl_10_w8" custom="readingOrder {index:7;}">
                    <Coords points="1706,1402 1706,1462 1867,1462 1867,1402"/>
                    <TextEquiv>
                        <Unicode>spielen.</Unicode>
                    </TextEquiv>
                </Word>
                <Word id="tr_1_tl_10_w9" custom="readingOrder {index:8;}">
                    <Coords points="1884,1403 1884,1463 1959,1463 1959,1403"/>
                    <TextEquiv>
                        <Unicode>Wie</Unicode>
                    </TextEquiv>
                </Word>
                <Word id="tr_1_tl_10_w10" custom="readingOrder {index:9;}">
                    <Coords points="1986,1404 1986,1464 2040,1464 2040,1404"/>
                    <TextEquiv>
                        <Unicode>bei</Unicode>
                    </TextEquiv>
                </Word>
                <Word id="tr_1_tl_10_w11" custom="readingOrder {index:10;}">
                    <Coords points="2062,1404 2062,1464 2282,1464 2282,1404"/>
                    <TextEquiv>
                        <Unicode>Schnitzler.</Unicode>
                    </TextEquiv>
                </Word>
                <TextEquiv>
                    <Unicode>Theater, das nie aufhört, sich selber zu spielen. Wie bei Schnitzler.</Unicode>
                </TextEquiv>
            </TextLine>
            <TextLine id="tr_1_tl_11" custom="readingOrder {index:10;}">
                <Coords points="859,1499 2281,1506 2266,1452 859,1438"/>
                <Baseline points="868,1483 938,1486 1009,1486 1080,1486 1151,1486 1222,1486 1293,1486 1364,1489 1435,1488 1506,1489 1577,1489 1647,1492 1718,1489 1789,1492 1860,1492 1931,1492 2002,1492 2073,1492 2144,1492 2215,1492 2286,1492"/>
                <Word id="tr_1_tl_11_w1" custom="readingOrder {index:0;}">
                    <Coords points="864,1444 864,1504 933,1504 933,1444"/>
                    <TextEquiv>
                        <Unicode>Die</Unicode>
                    </TextEquiv>
                </Word>
                <Word id="tr_1_tl_11_w2" custom="readingOrder {index:1;}">
                    <Coords points="959,1446 959,1506 1064,1506 1064,1446"/>
                    <TextEquiv>
                        <Unicode>Ärzte</Unicode>
                    </TextEquiv>
                </Word>
                <Word id="tr_1_tl_11_w3" custom="readingOrder {index:2;}">
                    <Coords points="1089,1446 1089,1506 1260,1506 1260,1446"/>
                    <TextEquiv>
                        <Unicode>standen,</Unicode>
                    </TextEquiv>
                </Word>
                <Word id="tr_1_tl_11_w4" custom="readingOrder {index:3;}">
                    <Coords points="1280,1447 1280,1507 1390,1507 1390,1447"/>
                    <TextEquiv>
                        <Unicode>etwas</Unicode>
                    </TextEquiv>
                </Word>
                <Word id="tr_1_tl_11_w5" custom="readingOrder {index:4;}">
                    <Coords points="1416,1448 1416,1508 1576,1508 1576,1448"/>
                    <TextEquiv>
                        <Unicode>verlegen</Unicode>
                    </TextEquiv>
                </Word>
                <Word id="tr_1_tl_11_w6" custom="readingOrder {index:5;}">
                    <Coords points="1607,1451 1607,1511 1672,1511 1672,1451"/>
                    <TextEquiv>
                        <Unicode>und</Unicode>
                    </TextEquiv>
                </Word>
                <Word id="tr_1_tl_11_w7" custom="readingOrder {index:6;}">
                    <Coords points="1703,1452 1703,1512 1878,1512 1878,1452"/>
                    <TextEquiv>
                        <Unicode>wissend,</Unicode>
                    </TextEquiv>
                </Word>
                <Word id="tr_1_tl_11_w8" custom="readingOrder {index:7;}">
                    <Coords points="1893,1452 1893,1512 2058,1512 2058,1452"/>
                    <TextEquiv>
                        <Unicode>beiseite.</Unicode>
                    </TextEquiv>
                </Word>
                <Word id="tr_1_tl_11_w9" custom="readingOrder {index:8;}">
                    <Coords points="2074,1452 2074,1512 2129,1512 2129,1452"/>
                    <TextEquiv>
                        <Unicode>Sie</Unicode>
                    </TextEquiv>
                </Word>
                <Word id="tr_1_tl_11_w10" custom="readingOrder {index:9;}">
                    <Coords points="2154,1452 2154,1512 2269,1512 2269,1452"/>
                    <TextEquiv>
                        <Unicode>waren</Unicode>
                    </TextEquiv>
                </Word>
                <TextEquiv>
                    <Unicode>Die Ärzte standen, etwas verlegen und wissend, beiseite. Sie waren</Unicode>
                </TextEquiv>
            </TextLine>
            <TextLine id="tr_1_tl_12" custom="readingOrder {index:11;}">
                <Coords points="860,1538 2281,1553 2281,1508 2186,1499 860,1499"/>
                <Baseline points="871,1531 941,1534 1012,1537 1082,1536 1153,1537 1224,1537 1294,1535 1365,1537 1435,1537 1506,1537 1577,1539 1647,1540 1718,1540 1788,1540 1859,1543 1930,1540 2000,1541 2071,1543 2141,1543 2212,1543 2283,1540"/>
                <Word id="tr_1_tl_12_w1" custom="readingOrder {index:0;}">
                    <Coords points="865,1491 865,1551 896,1551 896,1491"/>
                    <TextEquiv>
                        <Unicode>es</Unicode>
                    </TextEquiv>
                </Word>
                <Word id="tr_1_tl_12_w2" custom="readingOrder {index:1;}">
                    <Coords points="929,1494 929,1554 960,1554 960,1494"/>
                    <TextEquiv>
                        <Unicode>so</Unicode>
                    </TextEquiv>
                </Word>
                <Word id="tr_1_tl_12_w3" custom="readingOrder {index:2;}">
                    <Coords points="992,1496 992,1556 1055,1556 1055,1496"/>
                    <TextEquiv>
                        <Unicode>aus</Unicode>
                    </TextEquiv>
                </Word>
                <Word id="tr_1_tl_12_w4" custom="readingOrder {index:3;}">
                    <Coords points="1087,1497 1087,1557 1308,1557 1308,1497"/>
                    <TextEquiv>
                        <Unicode>Schnitzlers</Unicode>
                    </TextEquiv>
                </Word>
                <Word id="tr_1_tl_12_w5" custom="readingOrder {index:4;}">
                    <Coords points="1340,1497 1340,1557 1540,1557 1540,1497"/>
                    <TextEquiv>
                        <Unicode>Komödien</Unicode>
                    </TextEquiv>
                </Word>
                <Word id="tr_1_tl_12_w6" custom="readingOrder {index:5;}">
                    <Coords points="1578,1499 1578,1559 1640,1559 1640,1499"/>
                    <TextEquiv>
                        <Unicode>und</Unicode>
                    </TextEquiv>
                </Word>
                <Word id="tr_1_tl_12_w7" custom="readingOrder {index:6;}">
                    <Coords points="1678,1500 1678,1560 1851,1560 1851,1500"/>
                    <TextEquiv>
                        <Unicode>Novellen</Unicode>
                    </TextEquiv>
                </Word>
                <Word id="tr_1_tl_12_w8" custom="readingOrder {index:7;}">
                    <Coords points="1884,1500 1884,1560 2073,1560 2073,1500"/>
                    <TextEquiv>
                        <Unicode>gewöhnt,</Unicode>
                    </TextEquiv>
                </Word>
                <Word id="tr_1_tl_12_w9" custom="readingOrder {index:8;}">
                    <Coords points="2100,1503 2100,1563 2163,1563 2163,1503"/>
                    <TextEquiv>
                        <Unicode>und</Unicode>
                    </TextEquiv>
                </Word>
                <Word id="tr_1_tl_12_w10" custom="readingOrder {index:9;}">
                    <Coords points="2200,1501 2200,1561 2279,1561 2279,1501"/>
                    <TextEquiv>
                        <Unicode>hier</Unicode>
                    </TextEquiv>
                </Word>
                <TextEquiv>
                    <Unicode>es so aus Schnitzlers Komödien und Novellen gewöhnt, und hier</Unicode>
                </TextEquiv>
            </TextLine>
            <TextLine id="tr_1_tl_13" custom="readingOrder {index:12;}">
                <Coords points="859,1601 2037,1597 2037,1553 859,1538"/>
                <Baseline points="868,1584 926,1583 985,1583 1043,1584 1102,1585 1161,1587 1219,1584 1278,1587 1337,1587 1395,1587 1454,1587 1513,1587 1571,1587 1630,1590 1689,1587 1747,1589 1806,1590 1865,1589 1923,1589 1982,1590 2041,1590"/>
                <Word id="tr_1_tl_13_w1" custom="readingOrder {index:0;}">
                    <Coords points="864,1543 864,1603 943,1603 943,1543"/>
                    <TextEquiv>
                        <Unicode>beim</Unicode>
                    </TextEquiv>
                </Word>
                <Word id="tr_1_tl_13_w2" custom="readingOrder {index:1;}">
                    <Coords points="986,1544 986,1604 1187,1604 1187,1544"/>
                    <TextEquiv>
                        <Unicode>Begräbnis</Unicode>
                    </TextEquiv>
                </Word>
                <Word id="tr_1_tl_13_w3" custom="readingOrder {index:2;}">
                    <Coords points="1214,1546 1214,1606 1335,1606 1335,1546"/>
                    <TextEquiv>
                        <Unicode>wurde</Unicode>
                    </TextEquiv>
                </Word>
                <Word id="tr_1_tl_13_w4" custom="readingOrder {index:3;}">
                    <Coords points="1362,1547 1362,1607 1447,1607 1447,1547"/>
                    <TextEquiv>
                        <Unicode>noch</Unicode>
                    </TextEquiv>
                </Word>
                <Word id="tr_1_tl_13_w5" custom="readingOrder {index:4;}">
                    <Coords points="1479,1547 1479,1607 1616,1607 1616,1547"/>
                    <TextEquiv>
                        <Unicode>einmal</Unicode>
                    </TextEquiv>
                </Word>
                <Word id="tr_1_tl_13_w6" custom="readingOrder {index:5;}">
                    <Coords points="1638,1548 1638,1608 1844,1608 1844,1548"/>
                    <TextEquiv>
                        <Unicode>Schnitzler</Unicode>
                    </TextEquiv>
                </Word>
                <Word id="tr_1_tl_13_w7" custom="readingOrder {index:6;}">
                    <Coords points="1871,1549 1871,1609 2040,1609 2040,1549"/>
                    <TextEquiv>
                        <Unicode>gespielt.</Unicode>
                    </TextEquiv>
                </Word>
                <TextEquiv>
                    <Unicode>beim Begräbnis wurde noch einmal Schnitzler gespielt.</Unicode>
                </TextEquiv>
            </TextLine>
            <TextLine id="tr_1_tl_14" custom="readingOrder {index:13;}">
                <Coords points="936,1646 2284,1655 2284,1603 2240,1597 936,1594"/>
                <Baseline points="946,1635 1013,1635 1080,1635 1147,1636 1214,1638 1281,1638 1348,1638 1416,1638 1483,1641 1550,1641 1617,1641 1684,1641 1751,1641 1818,1644 1886,1641 1953,1644 2020,1644 2087,1644 2154,1644 2221,1643 2289,1638"/>
                <Word id="tr_1_tl_14_w1" custom="readingOrder {index:0;}">
                    <Coords points="936,1595 936,1655 1006,1655 1006,1595"/>
                    <TextEquiv>
                        <Unicode>Der</Unicode>
                    </TextEquiv>
                </Word>
                <Word id="tr_1_tl_14_w2" custom="readingOrder {index:1;}">
                    <Coords points="1039,1597 1039,1657 1384,1657 1384,1597"/>
                    <TextEquiv>
                        <Unicode>Bundespräsident</Unicode>
                    </TextEquiv>
                </Word>
                <Word id="tr_1_tl_14_w3" custom="readingOrder {index:2;}">
                    <Coords points="1406,1600 1406,1660 1541,1660 1541,1600"/>
                    <TextEquiv>
                        <Unicode>fehlte.</Unicode>
                    </TextEquiv>
                </Word>
                <Word id="tr_1_tl_14_w4" custom="readingOrder {index:3;}">
                    <Coords points="1563,1601 1563,1661 1612,1661 1612,1601"/>
                    <TextEquiv>
                        <Unicode>Er</Unicode>
                    </TextEquiv>
                </Word>
                <Word id="tr_1_tl_14_w5" custom="readingOrder {index:4;}">
                    <Coords points="1639,1601 1639,1661 1736,1661 1736,1601"/>
                    <TextEquiv>
                        <Unicode>hatte</Unicode>
                    </TextEquiv>
                </Word>
                <Word id="tr_1_tl_14_w6" custom="readingOrder {index:5;}">
                    <Coords points="1769,1603 1769,1663 1871,1663 1871,1603"/>
                    <TextEquiv>
                        <Unicode>nicht</Unicode>
                    </TextEquiv>
                </Word>
                <Word id="tr_1_tl_14_w7" custom="readingOrder {index:6;}">
                    <Coords points="1898,1604 1898,1664 2039,1664 2039,1604"/>
                    <TextEquiv>
                        <Unicode>einmal</Unicode>
                    </TextEquiv>
                </Word>
                <Word id="tr_1_tl_14_w8" custom="readingOrder {index:7;}">
                    <Coords points="2061,1604 2061,1664 2157,1664 2157,1604"/>
                    <TextEquiv>
                        <Unicode>einen</Unicode>
                    </TextEquiv>
                </Word>
                <Word id="tr_1_tl_14_w9" custom="readingOrder {index:8;}">
                    <Coords points="2201,1601 2201,1661 2287,1661 2287,1601"/>
                    <TextEquiv>
                        <Unicode>Ver-</Unicode>
                    </TextEquiv>
                </Word>
                <TextEquiv>
                    <Unicode>Der Bundespräsident fehlte. Er hatte nicht einmal einen Ver-</Unicode>
                </TextEquiv>
            </TextLine>
            <TextLine id="tr_1_tl_15" custom="readingOrder {index:14;}">
                <Coords points="864,1694 2288,1712 2288,1664 2188,1642 864,1658"/>
                <Baseline points="874,1683 944,1684 1015,1686 1086,1686 1157,1687 1228,1689 1299,1689 1370,1689 1441,1689 1512,1690 1583,1689 1653,1689 1724,1689 1795,1692 1866,1692 1937,1692 2008,1692 2079,1695 2150,1694 2221,1695 2292,1692"/>
                <Word id="tr_1_tl_15_w1" custom="readingOrder {index:0;}">
                    <Coords points="864,1643 864,1703 977,1703 977,1643"/>
                    <TextEquiv>
                        <Unicode>treter</Unicode>
                    </TextEquiv>
                </Word>
                <Word id="tr_1_tl_15_w2" custom="readingOrder {index:1;}">
                    <Coords points="1005,1646 1005,1706 1194,1706 1194,1646"/>
                    <TextEquiv>
                        <Unicode>entsandt.</Unicode>
                    </TextEquiv>
                </Word>
                <Word id="tr_1_tl_15_w3" custom="readingOrder {index:2;}">
                    <Coords points="1221,1649 1221,1709 1350,1709 1350,1649"/>
                    <TextEquiv>
                        <Unicode>Warum</Unicode>
                    </TextEquiv>
                </Word>
                <Word id="tr_1_tl_15_w4" custom="readingOrder {index:3;}">
                    <Coords points="1400,1649 1400,1709 1513,1709 1513,1649"/>
                    <TextEquiv>
                        <Unicode>auch?</Unicode>
                    </TextEquiv>
                </Word>
                <Word id="tr_1_tl_15_w5" custom="readingOrder {index:4;}">
                    <Coords points="1546,1649 1546,1709 1642,1709 1642,1649"/>
                    <TextEquiv>
                        <Unicode>„Nur</Unicode>
                    </TextEquiv>
                </Word>
                <Word id="tr_1_tl_15_w6" custom="readingOrder {index:5;}">
                    <Coords points="1670,1649 1670,1709 1783,1709 1783,1649"/>
                    <TextEquiv>
                        <Unicode>Narr,</Unicode>
                    </TextEquiv>
                </Word>
                <Word id="tr_1_tl_15_w7" custom="readingOrder {index:6;}">
                    <Coords points="1805,1652 1805,1712 1875,1712 1875,1652"/>
                    <TextEquiv>
                        <Unicode>nur</Unicode>
                    </TextEquiv>
                </Word>
                <Word id="tr_1_tl_15_w8" custom="readingOrder {index:7;}">
                    <Coords points="1903,1652 1903,1712 2097,1712 2097,1652"/>
                    <TextEquiv>
                        <Unicode>Dichter“,</Unicode>
                    </TextEquiv>
                </Word>
                <Word id="tr_1_tl_15_w9" custom="readingOrder {index:8;}">
                    <Coords points="2119,1654 2119,1714 2221,1714 2221,1654"/>
                    <TextEquiv>
                        <Unicode>heißt</Unicode>
                    </TextEquiv>
                </Word>
                <Word id="tr_1_tl_15_w10" custom="readingOrder {index:9;}">
                    <Coords points="2249,1653 2249,1713 2281,1713 2281,1653"/>
                    <TextEquiv>
                        <Unicode>es</Unicode>
                    </TextEquiv>
                </Word>
                <TextEquiv>
                    <Unicode>treter entsandt. Warum auch? „Nur Narr, nur Dichter“, heißt es</Unicode>
                </TextEquiv>
            </TextLine>
            <TextLine id="tr_1_tl_16" custom="readingOrder {index:15;}">
                <Coords points="864,1749 2284,1760 2284,1714 2143,1699 864,1694"/>
                <Baseline points="874,1734 944,1736 1015,1737 1086,1737 1157,1737 1227,1737 1298,1737 1369,1737 1440,1740 1510,1740 1581,1740 1652,1740 1723,1742 1793,1740 1864,1742 1935,1741 2006,1742 2076,1742 2147,1742 2218,1742 2289,1740"/>
                <Word id="tr_1_tl_16_w1" custom="readingOrder {index:0;}">
                    <Coords points="869,1694 869,1754 927,1754 927,1694"/>
                    <TextEquiv>
                        <Unicode>bei</Unicode>
                    </TextEquiv>
                </Word>
                <Word id="tr_1_tl_16_w2" custom="readingOrder {index:1;}">
                    <Coords points="954,1697 954,1757 1164,1757 1164,1697"/>
                    <TextEquiv>
                        <Unicode>Nietzsche,</Unicode>
                    </TextEquiv>
                </Word>
                <Word id="tr_1_tl_16_w3" custom="readingOrder {index:2;}">
                    <Coords points="1185,1697 1185,1757 1248,1757 1248,1697"/>
                    <TextEquiv>
                        <Unicode>den</Unicode>
                    </TextEquiv>
                </Word>
                <Word id="tr_1_tl_16_w4" custom="readingOrder {index:3;}">
                    <Coords points="1285,1697 1285,1757 1343,1757 1343,1697"/>
                    <TextEquiv>
                        <Unicode>der</Unicode>
                    </TextEquiv>
                </Word>
                <Word id="tr_1_tl_16_w5" custom="readingOrder {index:4;}">
                    <Coords points="1376,1700 1376,1760 1717,1760 1717,1700"/>
                    <TextEquiv>
                        <Unicode>Bundespräsident</Unicode>
                    </TextEquiv>
                </Word>
                <Word id="tr_1_tl_16_w6" custom="readingOrder {index:5;}">
                    <Coords points="1744,1700 1744,1760 1829,1760 1829,1700"/>
                    <TextEquiv>
                        <Unicode>auch</Unicode>
                    </TextEquiv>
                </Word>
                <Word id="tr_1_tl_16_w7" custom="readingOrder {index:6;}">
                    <Coords points="1866,1701 1866,1761 1934,1761 1934,1701"/>
                    <TextEquiv>
                        <Unicode>nur</Unicode>
                    </TextEquiv>
                </Word>
                <Word id="tr_1_tl_16_w8" custom="readingOrder {index:7;}">
                    <Coords points="1961,1701 1961,1761 2018,1761 2018,1701"/>
                    <TextEquiv>
                        <Unicode>vom</Unicode>
                    </TextEquiv>
                </Word>
                <Word id="tr_1_tl_16_w9" custom="readingOrder {index:8;}">
                    <Coords points="2066,1702 2066,1762 2271,1762 2271,1702"/>
                    <TextEquiv>
                        <Unicode>Nichtlesen</Unicode>
                    </TextEquiv>
                </Word>
                <TextEquiv>
                    <Unicode>bei Nietzsche, den der Bundespräsident auch nur vom Nichtlesen</Unicode>
                </TextEquiv>
            </TextLine>
            <TextLine id="tr_1_tl_17" custom="readingOrder {index:16;}">
                <Coords points="864,1796 2288,1808 2265,1749 864,1748"/>
                <Baseline points="874,1781 944,1784 1015,1784 1086,1784 1157,1787 1228,1787 1299,1787 1370,1787 1441,1787 1512,1789 1583,1790 1653,1790 1724,1790 1795,1790 1866,1790 1937,1790 2008,1790 2079,1790 2150,1790 2221,1790 2292,1793"/>
                <Word id="tr_1_tl_17_w1" custom="readingOrder {index:0;}">
                    <Coords points="869,1743 869,1803 1007,1803 1007,1743"/>
                    <TextEquiv>
                        <Unicode>kennen</Unicode>
                    </TextEquiv>
                </Word>
                <Word id="tr_1_tl_17_w2" custom="readingOrder {index:1;}">
                    <Coords points="1044,1745 1044,1805 1187,1805 1187,1745"/>
                    <TextEquiv>
                        <Unicode>dürfte.</Unicode>
                    </TextEquiv>
                </Word>
                <Word id="tr_1_tl_17_w3" custom="readingOrder {index:2;}">
                    <Coords points="1220,1747 1220,1807 1286,1807 1286,1747"/>
                    <TextEquiv>
                        <Unicode>Von</Unicode>
                    </TextEquiv>
                </Word>
                <Word id="tr_1_tl_17_w4" custom="readingOrder {index:3;}">
                    <Coords points="1328,1747 1328,1807 1389,1807 1389,1747"/>
                    <TextEquiv>
                        <Unicode>den</Unicode>
                    </TextEquiv>
                </Word>
                <Word id="tr_1_tl_17_w5" custom="readingOrder {index:4;}">
                    <Coords points="1426,1749 1426,1809 1616,1809 1616,1749"/>
                    <TextEquiv>
                        <Unicode>Ministern</Unicode>
                    </TextEquiv>
                </Word>
                <Word id="tr_1_tl_17_w6" custom="readingOrder {index:5;}">
                    <Coords points="1653,1750 1653,1810 1729,1810 1729,1750"/>
                    <TextEquiv>
                        <Unicode>war</Unicode>
                    </TextEquiv>
                </Word>
                <Word id="tr_1_tl_17_w7" custom="readingOrder {index:6;}">
                    <Coords points="1761,1750 1761,1810 1930,1810 1930,1750"/>
                    <TextEquiv>
                        <Unicode>niemand</Unicode>
                    </TextEquiv>
                </Word>
                <Word id="tr_1_tl_17_w8" custom="readingOrder {index:7;}">
                    <Coords points="1973,1750 1973,1810 2198,1810 2198,1750"/>
                    <TextEquiv>
                        <Unicode>erschienen,</Unicode>
                    </TextEquiv>
                </Word>
                <Word id="tr_1_tl_17_w9" custom="readingOrder {index:8;}">
                    <Coords points="2225,1751 2225,1811 2276,1811 2276,1751"/>
                    <TextEquiv>
                        <Unicode>ein</Unicode>
                    </TextEquiv>
                </Word>
                <TextEquiv>
                    <Unicode>kennen dürfte. Von den Ministern war niemand erschienen, ein</Unicode>
                </TextEquiv>
            </TextLine>
            <TextLine id="tr_1_tl_18" custom="readingOrder {index:17;}">
                <Coords points="868,1848 2279,1851 2279,1807 2222,1799 1658,1828 868,1794"/>
                <Baseline points="877,1835 947,1835 1017,1832 1087,1835 1158,1835 1228,1838 1298,1838 1369,1838 1439,1838 1509,1838 1580,1838 1650,1840 1720,1838 1790,1839 1861,1841 1931,1840 2001,1838 2072,1841 2142,1841 2212,1841 2283,1838"/>
                <Word id="tr_1_tl_18_w1" custom="readingOrder {index:0;}">
                    <Coords points="868,1792 868,1852 1152,1852 1152,1792"/>
                    <TextEquiv>
                        <Unicode>Ministerialrat</Unicode>
                    </TextEquiv>
                </Word>
                <Word id="tr_1_tl_18_w2" custom="readingOrder {index:1;}">
                    <Coords points="1190,1797 1190,1857 1253,1857 1253,1797"/>
                    <TextEquiv>
                        <Unicode>und</Unicode>
                    </TextEquiv>
                </Word>
                <Word id="tr_1_tl_18_w3" custom="readingOrder {index:2;}">
                    <Coords points="1301,1798 1301,1858 1353,1858 1353,1798"/>
                    <TextEquiv>
                        <Unicode>ein</Unicode>
                    </TextEquiv>
                </Word>
                <Word id="tr_1_tl_18_w4" custom="readingOrder {index:3;}">
                    <Coords points="1385,1798 1385,1858 1622,1858 1622,1798"/>
                    <TextEquiv>
                        <Unicode>Sektionsrat</Unicode>
                    </TextEquiv>
                </Word>
                <Word id="tr_1_tl_18_w5" custom="readingOrder {index:4;}">
                    <Coords points="1655,1798 1655,1858 1860,1858 1860,1798"/>
                    <TextEquiv>
                        <Unicode>„vertraten</Unicode>
                    </TextEquiv>
                </Word>
                <Word id="tr_1_tl_18_w6" custom="readingOrder {index:5;}">
                    <Coords points="1929,1799 1929,1859 1992,1859 1992,1799"/>
                    <TextEquiv>
                        <Unicode>das</Unicode>
                    </TextEquiv>
                </Word>
                <Word id="tr_1_tl_18_w7" custom="readingOrder {index:6;}">
                    <Coords points="2035,1801 2035,1861 2282,1861 2282,1801"/>
                    <TextEquiv>
                        <Unicode>Unterrichts-</Unicode>
                    </TextEquiv>
                </Word>
                <TextEquiv>
                    <Unicode>Ministerialrat und ein Sektionsrat „vertraten das Unterrichts-</Unicode>
                </TextEquiv>
            </TextLine>
            <TextLine id="tr_1_tl_19" custom="readingOrder {index:18;}">
                <Coords points="869,1909 2290,1910 2261,1848 868,1850"/>
                <Baseline points="877,1883 947,1884 1018,1883 1089,1885 1160,1886 1230,1886 1301,1886 1372,1886 1443,1887 1513,1887 1584,1887 1655,1887 1726,1889 1796,1889 1867,1889 1938,1889 2009,1889 2079,1892 2150,1892 2221,1892 2292,1889"/>
                <Word id="tr_1_tl_19_w1" custom="readingOrder {index:0;}">
                    <Coords points="868,1843 868,1903 1131,1903 1131,1843"/>
                    <TextEquiv>
                        <Unicode>ministerium.</Unicode>
                    </TextEquiv>
                </Word>
                <Word id="tr_1_tl_19_w2" custom="readingOrder {index:1;}">
                    <Coords points="1147,1846 1147,1906 1242,1906 1242,1846"/>
                    <TextEquiv>
                        <Unicode>Auch</Unicode>
                    </TextEquiv>
                </Word>
                <Word id="tr_1_tl_19_w3" custom="readingOrder {index:2;}">
                    <Coords points="1275,1846 1275,1906 1332,1906 1332,1846"/>
                    <TextEquiv>
                        <Unicode>der</Unicode>
                    </TextEquiv>
                </Word>
                <Word id="tr_1_tl_19_w4" custom="readingOrder {index:3;}">
                    <Coords points="1359,1847 1359,1907 1638,1907 1638,1847"/>
                    <TextEquiv>
                        <Unicode>Bürgermeister</Unicode>
                    </TextEquiv>
                </Word>
                <Word id="tr_1_tl_19_w5" custom="readingOrder {index:4;}">
                    <Coords points="1665,1848 1665,1908 1723,1908 1723,1848"/>
                    <TextEquiv>
                        <Unicode>der</Unicode>
                    </TextEquiv>
                </Word>
                <Word id="tr_1_tl_19_w6" custom="readingOrder {index:5;}">
                    <Coords points="1745,1849 1745,1909 1855,1909 1855,1849"/>
                    <TextEquiv>
                        <Unicode>Stadt</Unicode>
                    </TextEquiv>
                </Word>
                <Word id="tr_1_tl_19_w7" custom="readingOrder {index:6;}">
                    <Coords points="1876,1849 1876,1909 1971,1909 1971,1849"/>
                    <TextEquiv>
                        <Unicode>Wien</Unicode>
                    </TextEquiv>
                </Word>
                <Word id="tr_1_tl_19_w8" custom="readingOrder {index:7;}">
                    <Coords points="2004,1850 2004,1910 2077,1910 2077,1850"/>
                    <TextEquiv>
                        <Unicode>war</Unicode>
                    </TextEquiv>
                </Word>
                <Word id="tr_1_tl_19_w9" custom="readingOrder {index:8;}">
                    <Coords points="2098,1852 2098,1912 2135,1912 2135,1852"/>
                    <TextEquiv>
                        <Unicode>zu</Unicode>
                    </TextEquiv>
                </Word>
                <Word id="tr_1_tl_19_w10" custom="readingOrder {index:9;}">
                    <Coords points="2162,1852 2162,1912 2277,1912 2277,1852"/>
                    <TextEquiv>
                        <Unicode>Hause</Unicode>
                    </TextEquiv>
                </Word>
                <TextEquiv>
                    <Unicode>ministerium. Auch der Bürgermeister der Stadt Wien war zu Hause</Unicode>
                </TextEquiv>
            </TextLine>
            <TextLine id="tr_1_tl_20" custom="readingOrder {index:19;}">
                <Coords points="864,1944 2281,1948 2281,1900 864,1912"/>
                <Baseline points="874,1934 944,1934 1015,1934 1085,1934 1156,1934 1227,1936 1297,1936 1368,1934 1438,1936 1509,1936 1580,1934 1650,1937 1721,1939 1791,1939 1862,1936 1933,1939 2003,1939 2074,1939 2144,1939 2215,1939 2286,1939"/>
                <Word id="tr_1_tl_20_w1" custom="readingOrder {index:0;}">
                    <Coords points="865,1894 865,1954 1079,1954 1079,1894"/>
                    <TextEquiv>
                        <Unicode>geblieben.</Unicode>
                    </TextEquiv>
                </Word>
                <Word id="tr_1_tl_20_w2" custom="readingOrder {index:1;}">
                    <Coords points="1108,1895 1108,1955 1316,1955 1316,1895"/>
                    <TextEquiv>
                        <Unicode>Erkrankt?</Unicode>
                    </TextEquiv>
                </Word>
                <Word id="tr_1_tl_20_w3" custom="readingOrder {index:2;}">
                    <Coords points="1352,1896 1352,1956 1554,1956 1554,1896"/>
                    <TextEquiv>
                        <Unicode>Plötzlich?</Unicode>
                    </TextEquiv>
                </Word>
                <Word id="tr_1_tl_20_w4" custom="readingOrder {index:3;}">
                    <Coords points="1583,1895 1583,1955 1663,1955 1663,1895"/>
                    <TextEquiv>
                        <Unicode>Nur</Unicode>
                    </TextEquiv>
                </Word>
                <Word id="tr_1_tl_20_w5" custom="readingOrder {index:4;}">
                    <Coords points="1699,1899 1699,1959 1762,1959 1762,1899"/>
                    <TextEquiv>
                        <Unicode>daß</Unicode>
                    </TextEquiv>
                </Word>
                <Word id="tr_1_tl_20_w6" custom="readingOrder {index:5;}">
                    <Coords points="1809,1896 1809,1956 1919,1956 1919,1896"/>
                    <TextEquiv>
                        <Unicode>leider</Unicode>
                    </TextEquiv>
                </Word>
                <Word id="tr_1_tl_20_w7" custom="readingOrder {index:6;}">
                    <Coords points="1960,1899 1960,1959 2046,1959 2046,1899"/>
                    <TextEquiv>
                        <Unicode>auch</Unicode>
                    </TextEquiv>
                </Word>
                <Word id="tr_1_tl_20_w8" custom="readingOrder {index:7;}">
                    <Coords points="2088,1899 2088,1959 2145,1959 2145,1899"/>
                    <TextEquiv>
                        <Unicode>die</Unicode>
                    </TextEquiv>
                </Word>
                <Word id="tr_1_tl_20_w9" custom="readingOrder {index:8;}">
                    <Coords points="2180,1899 2180,1959 2283,1959 2283,1899"/>
                    <TextEquiv>
                        <Unicode>Vize-</Unicode>
                    </TextEquiv>
                </Word>
                <TextEquiv>
                    <Unicode>geblieben. Erkrankt? Plötzlich? Nur daß leider auch die Vize-</Unicode>
                </TextEquiv>
            </TextLine>
            <TextLine id="tr_1_tl_21" custom="readingOrder {index:20;}">
                <Coords points="864,1996 2281,2007 2268,1946 864,1944"/>
                <Baseline points="874,1981 944,1984 1015,1984 1085,1984 1156,1984 1227,1984 1297,1984 1368,1984 1438,1987 1509,1987 1580,1987 1650,1987 1721,1987 1791,1987 1862,1987 1933,1989 2003,1987 2074,1989 2144,1990 2215,1990 2286,1987"/>
                <Word id="tr_1_tl_21_w1" custom="readingOrder {index:0;}">
                    <Coords points="870,1944 870,2004 1150,2004 1150,1944"/>
                    <TextEquiv>
                        <Unicode>bürgermeister</Unicode>
                    </TextEquiv>
                </Word>
                <Word id="tr_1_tl_21_w2" custom="readingOrder {index:1;}">
                    <Coords points="1177,1944 1177,2004 1306,2004 1306,1944"/>
                    <TextEquiv>
                        <Unicode>gerade</Unicode>
                    </TextEquiv>
                </Word>
                <Word id="tr_1_tl_21_w3" custom="readingOrder {index:2;}">
                    <Coords points="1339,1944 1339,2004 1376,2004 1376,1944"/>
                    <TextEquiv>
                        <Unicode>an</Unicode>
                    </TextEquiv>
                </Word>
                <Word id="tr_1_tl_21_w4" custom="readingOrder {index:3;}">
                    <Coords points="1409,1947 1409,2007 1528,2007 1528,1947"/>
                    <TextEquiv>
                        <Unicode>diesem</Unicode>
                    </TextEquiv>
                </Word>
                <Word id="tr_1_tl_21_w5" custom="readingOrder {index:4;}">
                    <Coords points="1577,1947 1577,2007 1776,2007 1776,1947"/>
                    <TextEquiv>
                        <Unicode>Vormittag</Unicode>
                    </TextEquiv>
                </Word>
                <Word id="tr_1_tl_21_w6" custom="readingOrder {index:5;}">
                    <Coords points="1815,1948 1815,2008 2008,2008 2008,1948"/>
                    <TextEquiv>
                        <Unicode>Wichtiges</Unicode>
                    </TextEquiv>
                </Word>
                <Word id="tr_1_tl_21_w7" custom="readingOrder {index:6;}">
                    <Coords points="2036,1948 2036,2008 2106,2008 2106,1948"/>
                    <TextEquiv>
                        <Unicode>und</Unicode>
                    </TextEquiv>
                </Word>
                <Word id="tr_1_tl_21_w8" custom="readingOrder {index:7;}">
                    <Coords points="2139,1950 2139,2010 2284,2010 2284,1950"/>
                    <TextEquiv>
                        <Unicode>Unauf-</Unicode>
                    </TextEquiv>
                </Word>
                <TextEquiv>
                    <Unicode>bürgermeister gerade an diesem Vormittag Wichtiges und Unauf-</Unicode>
                </TextEquiv>
            </TextLine>
            <TextLine id="tr_1_tl_22" custom="readingOrder {index:21;}">
                <Coords points="860,2045 2290,2046 2231,1996 860,1993"/>
                <Baseline points="871,2026 942,2032 1013,2032 1084,2032 1155,2035 1226,2035 1297,2035 1368,2035 1439,2035 1510,2036 1581,2035 1652,2035 1723,2038 1794,2038 1865,2038 1936,2038 2007,2036 2078,2038 2149,2041 2220,2038 2292,2038"/>
                <Word id="tr_1_tl_22_w1" custom="readingOrder {index:0;}">
                    <Coords points="865,1992 865,2052 1097,2052 1097,1992"/>
                    <TextEquiv>
                        <Unicode>schiebbares</Unicode>
                    </TextEquiv>
                </Word>
                <Word id="tr_1_tl_22_w2" custom="readingOrder {index:1;}">
                    <Coords points="1129,1995 1129,2055 1444,2055 1444,1995"/>
                    <TextEquiv>
                        <Unicode>amtshandelten.</Unicode>
                    </TextEquiv>
                </Word>
                <Word id="tr_1_tl_22_w3" custom="readingOrder {index:2;}">
                    <Coords points="1471,1995 1471,2055 1529,2055 1529,1995"/>
                    <TextEquiv>
                        <Unicode>Ein</Unicode>
                    </TextEquiv>
                </Word>
                <Word id="tr_1_tl_22_w4" custom="readingOrder {index:3;}">
                    <Coords points="1566,1995 1566,2055 1740,2055 1740,1995"/>
                    <TextEquiv>
                        <Unicode>Stadtrat</Unicode>
                    </TextEquiv>
                </Word>
                <Word id="tr_1_tl_22_w5" custom="readingOrder {index:4;}">
                    <Coords points="1767,1998 1767,2058 1966,2058 1966,1998"/>
                    <TextEquiv>
                        <Unicode>allerdings</Unicode>
                    </TextEquiv>
                </Word>
                <Word id="tr_1_tl_22_w6" custom="readingOrder {index:5;}">
                    <Coords points="1998,1996 1998,2056 2072,2056 2072,1996"/>
                    <TextEquiv>
                        <Unicode>war</Unicode>
                    </TextEquiv>
                </Word>
                <Word id="tr_1_tl_22_w7" custom="readingOrder {index:6;}">
                    <Coords points="2104,2000 2104,2060 2166,2060 2166,2000"/>
                    <TextEquiv>
                        <Unicode>da,</Unicode>
                    </TextEquiv>
                </Word>
                <Word id="tr_1_tl_22_w8" custom="readingOrder {index:7;}">
                    <Coords points="2193,1998 2193,2058 2277,2058 2277,1998"/>
                    <TextEquiv>
                        <Unicode>aber</Unicode>
                    </TextEquiv>
                </Word>
                <TextEquiv>
                    <Unicode>schiebbares amtshandelten. Ein Stadtrat allerdings war da, aber</Unicode>
                </TextEquiv>
            </TextLine>
            <TextLine id="tr_1_tl_23" custom="readingOrder {index:22;}">
                <Coords points="868,2093 2284,2091 2231,2048 868,2048"/>
                <Baseline points="877,2083 947,2080 1018,2083 1088,2083 1159,2083 1230,2083 1300,2084 1371,2083 1441,2086 1512,2084 1583,2086 1653,2087 1724,2086 1794,2087 1865,2086 1936,2086 2006,2086 2077,2088 2147,2089 2218,2089 2289,2083"/>
                <Word id="tr_1_tl_23_w1" custom="readingOrder {index:0;}">
                    <Coords points="873,2041 873,2101 934,2101 934,2041"/>
                    <TextEquiv>
                        <Unicode>der</Unicode>
                    </TextEquiv>
                </Word>
                <Word id="tr_1_tl_23_w2" custom="readingOrder {index:1;}">
                    <Coords points="960,2042 960,2102 1052,2102 1052,2042"/>
                    <TextEquiv>
                        <Unicode>wäre</Unicode>
                    </TextEquiv>
                </Word>
                <Word id="tr_1_tl_23_w3" custom="readingOrder {index:2;}">
                    <Coords points="1084,2043 1084,2103 1171,2103 1171,2043"/>
                    <TextEquiv>
                        <Unicode>auch</Unicode>
                    </TextEquiv>
                </Word>
                <Word id="tr_1_tl_23_w4" custom="readingOrder {index:3;}">
                    <Coords points="1207,2043 1207,2103 1294,2103 1294,2043"/>
                    <TextEquiv>
                        <Unicode>ohne</Unicode>
                    </TextEquiv>
                </Word>
                <Word id="tr_1_tl_23_w5" custom="readingOrder {index:4;}">
                    <Coords points="1326,2045 1326,2105 1536,2105 1536,2045"/>
                    <TextEquiv>
                        <Unicode>Vollmacht</Unicode>
                    </TextEquiv>
                </Word>
                <Word id="tr_1_tl_23_w6" custom="readingOrder {index:5;}">
                    <Coords points="1562,2046 1562,2106 1793,2106 1793,2046"/>
                    <TextEquiv>
                        <Unicode>gekommen,</Unicode>
                    </TextEquiv>
                </Word>
                <Word id="tr_1_tl_23_w7" custom="readingOrder {index:6;}">
                    <Coords points="1814,2046 1814,2106 1875,2106 1875,2046"/>
                    <TextEquiv>
                        <Unicode>aus</Unicode>
                    </TextEquiv>
                </Word>
                <Word id="tr_1_tl_23_w8" custom="readingOrder {index:7;}">
                    <Coords points="1907,2046 1907,2106 2014,2106 2014,2046"/>
                    <TextEquiv>
                        <Unicode>freien</Unicode>
                    </TextEquiv>
                </Word>
                <Word id="tr_1_tl_23_w9" custom="readingOrder {index:8;}">
                    <Coords points="2051,2048 2051,2108 2205,2108 2205,2048"/>
                    <TextEquiv>
                        <Unicode>Stücken</Unicode>
                    </TextEquiv>
                </Word>
                <Word id="tr_1_tl_23_w10" custom="readingOrder {index:9;}">
                    <Coords points="2241,2046 2241,2106 2251,2106 2251,2046"/>
                    <TextEquiv>
                        <Unicode>—</Unicode>
                    </TextEquiv>
                </Word>
                <TextEquiv>
                    <Unicode>der wäre auch ohne Vollmacht gekommen, aus freien Stücken —</Unicode>
                </TextEquiv>
            </TextLine>
            <TextLine id="tr_1_tl_24" custom="readingOrder {index:23;}">
                <Coords points="860,2154 2284,2148 2240,2091 860,2089"/>
                <Baseline points="871,2130 941,2130 1012,2130 1083,2133 1154,2133 1225,2133 1296,2133 1367,2133 1438,2133 1509,2134 1580,2133 1650,2134 1721,2136 1792,2136 1863,2136 1934,2136 2005,2136 2076,2136 2147,2136 2218,2136 2289,2136"/>
                <Word id="tr_1_tl_24_w1" custom="readingOrder {index:0;}">
                    <Coords points="866,2090 866,2150 915,2150 915,2090"/>
                    <TextEquiv>
                        <Unicode>als</Unicode>
                    </TextEquiv>
                </Word>
                <Word id="tr_1_tl_24_w2" custom="readingOrder {index:1;}">
                    <Coords points="938,2090 938,2150 1031,2150 1031,2090"/>
                    <TextEquiv>
                        <Unicode>Arzt</Unicode>
                    </TextEquiv>
                </Word>
                <Word id="tr_1_tl_24_w3" custom="readingOrder {index:2;}">
                    <Coords points="1054,2093 1054,2153 1114,2153 1114,2093"/>
                    <TextEquiv>
                        <Unicode>und</Unicode>
                    </TextEquiv>
                </Word>
                <Word id="tr_1_tl_24_w4" custom="readingOrder {index:3;}">
                    <Coords points="1148,2093 1148,2153 1197,2153 1197,2093"/>
                    <TextEquiv>
                        <Unicode>als</Unicode>
                    </TextEquiv>
                </Word>
                <Word id="tr_1_tl_24_w5" custom="readingOrder {index:4;}">
                    <Coords points="1220,2093 1220,2153 1435,2153 1435,2093"/>
                    <TextEquiv>
                        <Unicode>Enthusiast</Unicode>
                    </TextEquiv>
                </Word>
                <Word id="tr_1_tl_24_w6" custom="readingOrder {index:5;}">
                    <Coords points="1458,2093 1458,2153 1518,2153 1518,2093"/>
                    <TextEquiv>
                        <Unicode>der</Unicode>
                    </TextEquiv>
                </Word>
                <Word id="tr_1_tl_24_w7" custom="readingOrder {index:6;}">
                    <Coords points="1540,2093 1540,2153 1673,2153 1673,2093"/>
                    <TextEquiv>
                        <Unicode>Kunst.</Unicode>
                    </TextEquiv>
                </Word>
                <Word id="tr_1_tl_24_w8" custom="readingOrder {index:7;}">
                    <Coords points="1690,2095 1690,2155 1734,2155 1734,2095"/>
                    <TextEquiv>
                        <Unicode>So</Unicode>
                    </TextEquiv>
                </Word>
                <Word id="tr_1_tl_24_w9" custom="readingOrder {index:8;}">
                    <Coords points="1757,2096 1757,2156 1872,2156 1872,2096"/>
                    <TextEquiv>
                        <Unicode>fehlte</Unicode>
                    </TextEquiv>
                </Word>
                <Word id="tr_1_tl_24_w10" custom="readingOrder {index:9;}">
                    <Coords points="1895,2096 1895,2156 1960,2156 1960,2096"/>
                    <TextEquiv>
                        <Unicode>das</Unicode>
                    </TextEquiv>
                </Word>
                <Word id="tr_1_tl_24_w11" custom="readingOrder {index:10;}">
                    <Coords points="1983,2096 1983,2156 2148,2156 2148,2096"/>
                    <TextEquiv>
                        <Unicode>offizielle</Unicode>
                    </TextEquiv>
                </Word>
                <Word id="tr_1_tl_24_w12" custom="readingOrder {index:11;}">
                    <Coords points="2177,2096 2177,2156 2270,2156 2270,2096"/>
                    <TextEquiv>
                        <Unicode>Wien</Unicode>
                    </TextEquiv>
                </Word>
                <TextEquiv>
                    <Unicode>als Arzt und als Enthusiast der Kunst. So fehlte das offizielle Wien</Unicode>
                </TextEquiv>
            </TextLine>
            <TextLine id="tr_1_tl_25" custom="readingOrder {index:24;}">
                <Coords points="864,2186 2284,2198 2256,2146 864,2152"/>
                <Baseline points="874,2178 944,2181 1015,2181 1086,2181 1157,2181 1227,2181 1298,2181 1369,2184 1440,2184 1510,2186 1581,2184 1652,2184 1723,2184 1793,2184 1864,2184 1935,2184 2006,2184 2076,2184 2147,2185 2218,2187 2289,2187"/>
                <Word id="tr_1_tl_25_w1" custom="readingOrder {index:0;}">
                    <Coords points="870,2141 870,2201 1057,2201 1057,2141"/>
                    <TextEquiv>
                        <Unicode>vollzählig</Unicode>
                    </TextEquiv>
                </Word>
                <Word id="tr_1_tl_25_w2" custom="readingOrder {index:1;}">
                    <Coords points="1097,2141 1097,2201 1157,2201 1157,2141"/>
                    <TextEquiv>
                        <Unicode>bei</Unicode>
                    </TextEquiv>
                </Word>
                <Word id="tr_1_tl_25_w3" custom="readingOrder {index:2;}">
                    <Coords points="1185,2141 1185,2201 1246,2201 1246,2141"/>
                    <TextEquiv>
                        <Unicode>der</Unicode>
                    </TextEquiv>
                </Word>
                <Word id="tr_1_tl_25_w4" custom="readingOrder {index:3;}">
                    <Coords points="1280,2144 1280,2204 1489,2204 1489,2144"/>
                    <TextEquiv>
                        <Unicode>Bestattung</Unicode>
                    </TextEquiv>
                </Word>
                <Word id="tr_1_tl_25_w5" custom="readingOrder {index:4;}">
                    <Coords points="1529,2144 1529,2204 1639,2204 1639,2144"/>
                    <TextEquiv>
                        <Unicode>dieses</Unicode>
                    </TextEquiv>
                </Word>
                <Word id="tr_1_tl_25_w6" custom="readingOrder {index:5;}">
                    <Coords points="1673,2144 1673,2204 1866,2204 1866,2144"/>
                    <TextEquiv>
                        <Unicode>Dichters,</Unicode>
                    </TextEquiv>
                </Word>
                <Word id="tr_1_tl_25_w7" custom="readingOrder {index:6;}">
                    <Coords points="1889,2144 1889,2204 1955,2204 1955,2144"/>
                    <TextEquiv>
                        <Unicode>der</Unicode>
                    </TextEquiv>
                </Word>
                <Word id="tr_1_tl_25_w8" custom="readingOrder {index:7;}">
                    <Coords points="1983,2144 1983,2204 2043,2204 2043,2144"/>
                    <TextEquiv>
                        <Unicode>für</Unicode>
                    </TextEquiv>
                </Word>
                <Word id="tr_1_tl_25_w9" custom="readingOrder {index:8;}">
                    <Coords points="2083,2144 2083,2204 2176,2204 2176,2144"/>
                    <TextEquiv>
                        <Unicode>Wien</Unicode>
                    </TextEquiv>
                </Word>
                <Word id="tr_1_tl_25_w10" custom="readingOrder {index:9;}">
                    <Coords points="2215,2147 2215,2207 2281,2207 2281,2147"/>
                    <TextEquiv>
                        <Unicode>seit</Unicode>
                    </TextEquiv>
                </Word>
                <TextEquiv>
                    <Unicode>vollzählig bei der Bestattung dieses Dichters, der für Wien seit</Unicode>
                </TextEquiv>
            </TextLine>
            <TextLine id="tr_1_tl_26" custom="readingOrder {index:25;}">
                <Coords points="868,2240 2281,2247 2281,2207 1980,2191 868,2189"/>
                <Baseline points="877,2229 947,2229 1017,2229 1088,2229 1158,2232 1229,2232 1299,2232 1370,2232 1440,2232 1511,2232 1581,2233 1651,2233 1722,2235 1792,2235 1863,2235 1933,2235 2004,2235 2074,2237 2145,2238 2215,2238 2286,2235"/>
                <Word id="tr_1_tl_26_w1" custom="readingOrder {index:0;}">
                    <Coords points="868,2189 868,2249 968,2249 968,2189"/>
                    <TextEquiv>
                        <Unicode>einem</Unicode>
                    </TextEquiv>
                </Word>
                <Word id="tr_1_tl_26_w2" custom="readingOrder {index:1;}">
                    <Coords points="1021,2192 1021,2252 1317,2252 1317,2192"/>
                    <TextEquiv>
                        <Unicode>Menschenalter</Unicode>
                    </TextEquiv>
                </Word>
                <Word id="tr_1_tl_26_w3" custom="readingOrder {index:2;}">
                    <Coords points="1349,2192 1349,2252 1448,2252 1448,2192"/>
                    <TextEquiv>
                        <Unicode>mehr</Unicode>
                    </TextEquiv>
                </Word>
                <Word id="tr_1_tl_26_w4" custom="readingOrder {index:3;}">
                    <Coords points="1487,2192 1487,2252 1586,2252 1586,2192"/>
                    <TextEquiv>
                        <Unicode>getan</Unicode>
                    </TextEquiv>
                </Word>
                <Word id="tr_1_tl_26_w5" custom="readingOrder {index:4;}">
                    <Coords points="1629,2193 1629,2253 1692,2253 1692,2193"/>
                    <TextEquiv>
                        <Unicode>hat</Unicode>
                    </TextEquiv>
                </Word>
                <Word id="tr_1_tl_26_w6" custom="readingOrder {index:5;}">
                    <Coords points="1725,2195 1725,2255 1777,2255 1777,2195"/>
                    <TextEquiv>
                        <Unicode>als</Unicode>
                    </TextEquiv>
                </Word>
                <Word id="tr_1_tl_26_w7" custom="readingOrder {index:6;}">
                    <Coords points="1814,2195 1814,2255 1877,2255 1877,2195"/>
                    <TextEquiv>
                        <Unicode>alle</Unicode>
                    </TextEquiv>
                </Word>
                <Word id="tr_1_tl_26_w8" custom="readingOrder {index:7;}">
                    <Coords points="1915,2196 1915,2256 2168,2256 2168,2196"/>
                    <TextEquiv>
                        <Unicode>Regierungen</Unicode>
                    </TextEquiv>
                </Word>
                <Word id="tr_1_tl_26_w9" custom="readingOrder {index:8;}">
                    <Coords points="2211,2196 2211,2256 2279,2256 2279,2196"/>
                    <TextEquiv>
                        <Unicode>und</Unicode>
                    </TextEquiv>
                </Word>
                <TextEquiv>
                    <Unicode>einem Menschenalter mehr getan hat als alle Regierungen und</Unicode>
                </TextEquiv>
            </TextLine>
            <TextLine id="tr_1_tl_27" custom="readingOrder {index:26;}">
                <Coords points="864,2286 2281,2307 2281,2247 864,2245"/>
                <Baseline points="874,2277 944,2280 1015,2280 1085,2280 1156,2280 1227,2280 1297,2280 1368,2283 1438,2283 1509,2283 1580,2283 1650,2283 1721,2283 1791,2284 1862,2286 1933,2286 2003,2286 2074,2286 2144,2286 2215,2286 2286,2286"/>
                <Word id="tr_1_tl_27_w1" custom="readingOrder {index:0;}">
                    <Coords points="869,2240 869,2300 1230,2300 1230,2240"/>
                    <TextEquiv>
                        <Unicode>Stadtvertretungen</Unicode>
                    </TextEquiv>
                </Word>
                <Word id="tr_1_tl_27_w2" custom="readingOrder {index:1;}">
                    <Coords points="1265,2240 1265,2300 1330,2300 1330,2240"/>
                    <TextEquiv>
                        <Unicode>und</Unicode>
                    </TextEquiv>
                </Word>
                <Word id="tr_1_tl_27_w3" custom="readingOrder {index:2;}">
                    <Coords points="1361,2243 1361,2303 1516,2303 1516,2243"/>
                    <TextEquiv>
                        <Unicode>Parteien</Unicode>
                    </TextEquiv>
                </Word>
                <Word id="tr_1_tl_27_w4" custom="readingOrder {index:3;}">
                    <Coords points="1552,2243 1552,2303 1998,2303 1998,2243"/>
                    <TextEquiv>
                        <Unicode>zusammengenommen.</Unicode>
                    </TextEquiv>
                </Word>
                <Word id="tr_1_tl_27_w5" custom="readingOrder {index:4;}">
                    <Coords points="2014,2246 2014,2306 2053,2306 2053,2246"/>
                    <TextEquiv>
                        <Unicode>So</Unicode>
                    </TextEquiv>
                </Word>
                <Word id="tr_1_tl_27_w6" custom="readingOrder {index:5;}">
                    <Coords points="2079,2246 2079,2306 2124,2306 2124,2246"/>
                    <TextEquiv>
                        <Unicode>ist</Unicode>
                    </TextEquiv>
                </Word>
                <Word id="tr_1_tl_27_w7" custom="readingOrder {index:6;}">
                    <Coords points="2144,2246 2144,2306 2284,2306 2284,2246"/>
                    <TextEquiv>
                        <Unicode>einmal</Unicode>
                    </TextEquiv>
                </Word>
                <TextEquiv>
                    <Unicode>Stadtvertretungen und Parteien zusammengenommen. So ist einmal</Unicode>
                </TextEquiv>
            </TextLine>
            <TextLine id="tr_1_tl_28" custom="readingOrder {index:27;}">
                <Coords points="873,2336 2281,2340 2247,2295 873,2288"/>
                <Baseline points="883,2327 953,2327 1023,2330 1093,2327 1163,2328 1233,2330 1303,2330 1374,2330 1444,2330 1514,2330 1584,2333 1654,2333 1724,2333 1794,2333 1865,2333 1935,2334 2005,2336 2075,2336 2145,2337 2215,2337 2286,2330"/>
                <Word id="tr_1_tl_28_w1" custom="readingOrder {index:0;}">
                    <Coords points="873,2287 873,2347 991,2347 991,2287"/>
                    <TextEquiv>
                        <Unicode>Wien,</Unicode>
                    </TextEquiv>
                </Word>
                <Word id="tr_1_tl_28_w2" custom="readingOrder {index:1;}">
                    <Coords points="1014,2289 1014,2349 1072,2349 1072,2289"/>
                    <TextEquiv>
                        <Unicode>und</Unicode>
                    </TextEquiv>
                </Word>
                <Word id="tr_1_tl_28_w3" custom="readingOrder {index:2;}">
                    <Coords points="1111,2287 1111,2347 1137,2347 1137,2287"/>
                    <TextEquiv>
                        <Unicode>so</Unicode>
                    </TextEquiv>
                </Word>
                <Word id="tr_1_tl_28_w4" custom="readingOrder {index:3;}">
                    <Coords points="1171,2289 1171,2349 1289,2349 1289,2289"/>
                    <TextEquiv>
                        <Unicode>wurde</Unicode>
                    </TextEquiv>
                </Word>
                <Word id="tr_1_tl_28_w5" custom="readingOrder {index:4;}">
                    <Coords points="1322,2290 1322,2350 1402,2350 1402,2290"/>
                    <TextEquiv>
                        <Unicode>auch</Unicode>
                    </TextEquiv>
                </Word>
                <Word id="tr_1_tl_28_w6" custom="readingOrder {index:5;}">
                    <Coords points="1436,2291 1436,2351 1640,2351 1640,2291"/>
                    <TextEquiv>
                        <Unicode>Schnitzler</Unicode>
                    </TextEquiv>
                </Word>
                <Word id="tr_1_tl_28_w7" custom="readingOrder {index:6;}">
                    <Coords points="1663,2293 1663,2353 1873,2353 1873,2293"/>
                    <TextEquiv>
                        <Unicode>wienerisch</Unicode>
                    </TextEquiv>
                </Word>
                <Word id="tr_1_tl_28_w8" custom="readingOrder {index:7;}">
                    <Coords points="1906,2294 1906,2354 1970,2354 1970,2294"/>
                    <TextEquiv>
                        <Unicode>mit</Unicode>
                    </TextEquiv>
                </Word>
                <Word id="tr_1_tl_28_w9" custom="readingOrder {index:8;}">
                    <Coords points="1992,2296 1992,2356 2079,2356 2079,2296"/>
                    <TextEquiv>
                        <Unicode>„gar</Unicode>
                    </TextEquiv>
                </Word>
                <Word id="tr_1_tl_28_w10" custom="readingOrder {index:9;}">
                    <Coords points="2101,2296 2101,2356 2165,2356 2165,2296"/>
                    <TextEquiv>
                        <Unicode>net</Unicode>
                    </TextEquiv>
                </Word>
                <Word id="tr_1_tl_28_w11" custom="readingOrder {index:10;}">
                    <Coords points="2182,2295 2182,2355 2284,2355 2284,2295"/>
                    <TextEquiv>
                        <Unicode>igno-</Unicode>
                    </TextEquiv>
                </Word>
                <TextEquiv>
                    <Unicode>Wien, und so wurde auch Schnitzler wienerisch mit „gar net igno-</Unicode>
                </TextEquiv>
            </TextLine>
            <TextLine id="tr_1_tl_29" custom="readingOrder {index:28;}">
                <Coords points="864,2402 2284,2401 2274,2338 864,2334"/>
                <Baseline points="874,2375 944,2377 1015,2378 1086,2378 1157,2378 1227,2381 1298,2381 1369,2378 1440,2380 1510,2381 1581,2381 1652,2384 1723,2384 1793,2384 1864,2384 1935,2384 2006,2384 2076,2384 2147,2384 2218,2384 2289,2381"/>
                <Word id="tr_1_tl_29_w1" custom="readingOrder {index:0;}">
                    <Coords points="865,2336 865,2396 1002,2396 1002,2336"/>
                    <TextEquiv>
                        <Unicode>rieren“</Unicode>
                    </TextEquiv>
                </Word>
                <Word id="tr_1_tl_29_w2" custom="readingOrder {index:1;}">
                    <Coords points="1030,2338 1030,2398 1229,2398 1229,2338"/>
                    <TextEquiv>
                        <Unicode>begraben.</Unicode>
                    </TextEquiv>
                </Word>
                <Word id="tr_1_tl_29_w3" custom="readingOrder {index:2;}">
                    <Coords points="1246,2341 1246,2401 1340,2401 1340,2341"/>
                    <TextEquiv>
                        <Unicode>Aber</Unicode>
                    </TextEquiv>
                </Word>
                <Word id="tr_1_tl_29_w4" custom="readingOrder {index:3;}">
                    <Coords points="1363,2338 1363,2398 1395,2398 1395,2338"/>
                    <TextEquiv>
                        <Unicode>es</Unicode>
                    </TextEquiv>
                </Word>
                <Word id="tr_1_tl_29_w5" custom="readingOrder {index:4;}">
                    <Coords points="1418,2341 1418,2401 1606,2401 1606,2341"/>
                    <TextEquiv>
                        <Unicode>entsprach</Unicode>
                    </TextEquiv>
                </Word>
                <Word id="tr_1_tl_29_w6" custom="readingOrder {index:5;}">
                    <Coords points="1634,2344 1634,2404 1860,2404 1860,2344"/>
                    <TextEquiv>
                        <Unicode>Schnitzler,</Unicode>
                    </TextEquiv>
                </Word>
                <Word id="tr_1_tl_29_w7" custom="readingOrder {index:6;}">
                    <Coords points="1877,2344 1877,2404 1933,2404 1933,2344"/>
                    <TextEquiv>
                        <Unicode>der</Unicode>
                    </TextEquiv>
                </Word>
                <Word id="tr_1_tl_29_w8" custom="readingOrder {index:7;}">
                    <Coords points="1961,2344 1961,2404 2110,2404 2110,2344"/>
                    <TextEquiv>
                        <Unicode>niemals</Unicode>
                    </TextEquiv>
                </Word>
                <Word id="tr_1_tl_29_w9" custom="readingOrder {index:8;}">
                    <Coords points="2133,2344 2133,2404 2287,2404 2287,2344"/>
                    <TextEquiv>
                        <Unicode>offiziell</Unicode>
                    </TextEquiv>
                </Word>
                <TextEquiv>
                    <Unicode>rieren“ begraben. Aber es entsprach Schnitzler, der niemals offiziell</Unicode>
                </TextEquiv>
            </TextLine>
            <TextLine id="tr_1_tl_30" custom="readingOrder {index:29;}">
                <Coords points="859,2468 925,2431 1622,2460 1622,2406 1583,2392 859,2399"/>
                <Baseline points="868,2432 905,2427 943,2424 981,2425 1019,2427 1057,2428 1095,2426 1133,2429 1171,2429 1209,2429 1247,2429 1284,2429 1322,2429 1360,2429 1398,2429 1436,2429 1474,2429 1512,2430 1550,2432 1588,2432 1626,2432"/>
                <Word id="tr_1_tl_30_w1" custom="readingOrder {index:0;}">
                    <Coords points="863,2384 863,2444 1020,2444 1020,2384"/>
                    <TextEquiv>
                        <Unicode>gewesen</Unicode>
                    </TextEquiv>
                </Word>
                <Word id="tr_1_tl_30_w2" custom="readingOrder {index:1;}">
                    <Coords points="1055,2386 1055,2446 1129,2446 1129,2386"/>
                    <TextEquiv>
                        <Unicode>war</Unicode>
                    </TextEquiv>
                </Word>
                <Word id="tr_1_tl_30_w3" custom="readingOrder {index:2;}">
                    <Coords points="1154,2389 1154,2449 1217,2449 1217,2389"/>
                    <TextEquiv>
                        <Unicode>und</Unicode>
                    </TextEquiv>
                </Word>
                <Word id="tr_1_tl_30_w4" custom="readingOrder {index:3;}">
                    <Coords points="1247,2389 1247,2449 1345,2449 1345,2389"/>
                    <TextEquiv>
                        <Unicode>hatte</Unicode>
                    </TextEquiv>
                </Word>
                <Word id="tr_1_tl_30_w5" custom="readingOrder {index:4;}">
                    <Coords points="1371,2389 1371,2449 1439,2449 1439,2389"/>
                    <TextEquiv>
                        <Unicode>sein</Unicode>
                    </TextEquiv>
                </Word>
                <Word id="tr_1_tl_30_w6" custom="readingOrder {index:5;}">
                    <Coords points="1469,2391 1469,2451 1616,2451 1616,2391"/>
                    <TextEquiv>
                        <Unicode>wollen.</Unicode>
                    </TextEquiv>
                </Word>
                <TextEquiv>
                    <Unicode>gewesen war und hatte sein wollen.</Unicode>
                </TextEquiv>
            </TextLine>
            <TextLine id="tr_1_tl_31" custom="readingOrder {index:30;}">
                <Coords points="930,2490 2284,2495 2207,2420 2114,2461 930,2440"/>
                <Baseline points="940,2480 1007,2480 1074,2480 1142,2480 1209,2480 1277,2483 1344,2483 1412,2482 1479,2483 1547,2483 1614,2486 1681,2486 1749,2486 1816,2486 1884,2486 1951,2486 2019,2486 2086,2486 2154,2486 2221,2486 2289,2486"/>
                <Word id="tr_1_tl_31_w1" custom="readingOrder {index:0;}">
                    <Coords points="931,2440 931,2500 1009,2500 1009,2440"/>
                    <TextEquiv>
                        <Unicode>Der</Unicode>
                    </TextEquiv>
                </Word>
                <Word id="tr_1_tl_31_w2" custom="readingOrder {index:1;}">
                    <Coords points="1038,2440 1038,2500 1127,2500 1127,2440"/>
                    <TextEquiv>
                        <Unicode>Sarg</Unicode>
                    </TextEquiv>
                </Word>
                <Word id="tr_1_tl_31_w3" custom="readingOrder {index:2;}">
                    <Coords points="1168,2440 1168,2500 1241,2500 1241,2440"/>
                    <TextEquiv>
                        <Unicode>war</Unicode>
                    </TextEquiv>
                </Word>
                <Word id="tr_1_tl_31_w4" custom="readingOrder {index:3;}">
                    <Coords points="1276,2443 1276,2503 1337,2503 1337,2443"/>
                    <TextEquiv>
                        <Unicode>von</Unicode>
                    </TextEquiv>
                </Word>
                <Word id="tr_1_tl_31_w5" custom="readingOrder {index:4;}">
                    <Coords points="1377,2443 1377,2503 1603,2503 1603,2443"/>
                    <TextEquiv>
                        <Unicode>Schnitzlers</Unicode>
                    </TextEquiv>
                </Word>
                <Word id="tr_1_tl_31_w6" custom="readingOrder {index:5;}">
                    <Coords points="1637,2446 1637,2506 1885,2506 1885,2446"/>
                    <TextEquiv>
                        <Unicode>Cottagevilla</Unicode>
                    </TextEquiv>
                </Word>
                <Word id="tr_1_tl_31_w7" custom="readingOrder {index:6;}">
                    <Coords points="1920,2446 1920,2506 2157,2506 2157,2446"/>
                    <TextEquiv>
                        <Unicode>gekommen.</Unicode>
                    </TextEquiv>
                </Word>
                <Word id="tr_1_tl_31_w8" custom="readingOrder {index:7;}">
                    <Coords points="2197,2446 2197,2506 2281,2506 2281,2446"/>
                    <TextEquiv>
                        <Unicode>Vier</Unicode>
                    </TextEquiv>
                </Word>
                <TextEquiv>
                    <Unicode>Der Sarg war von Schnitzlers Cottagevilla gekommen. Vier</Unicode>
                </TextEquiv>
            </TextLine>
            <TextLine id="tr_1_tl_32" custom="readingOrder {index:31;}">
                <Coords points="868,2544 2291,2544 2291,2501 2200,2486 868,2481"/>
                <Baseline points="877,2527 947,2530 1018,2527 1089,2529 1160,2530 1231,2530 1302,2530 1373,2530 1444,2532 1515,2531 1586,2533 1656,2533 1727,2533 1798,2535 1869,2536 1940,2535 2011,2536 2082,2536 2153,2536 2224,2536 2295,2533"/>
                <Word id="tr_1_tl_32_w1" custom="readingOrder {index:0;}">
                    <Coords points="868,2489 868,2549 1019,2549 1019,2489"/>
                    <TextEquiv>
                        <Unicode>Männer</Unicode>
                    </TextEquiv>
                </Word>
                <Word id="tr_1_tl_32_w2" custom="readingOrder {index:1;}">
                    <Coords points="1046,2489 1046,2549 1170,2549 1170,2489"/>
                    <TextEquiv>
                        <Unicode>trugen</Unicode>
                    </TextEquiv>
                </Word>
                <Word id="tr_1_tl_32_w3" custom="readingOrder {index:2;}">
                    <Coords points="1203,2490 1203,2550 1278,2550 1278,2490"/>
                    <TextEquiv>
                        <Unicode>ihn.</Unicode>
                    </TextEquiv>
                </Word>
                <Word id="tr_1_tl_32_w4" custom="readingOrder {index:3;}">
                    <Coords points="1300,2490 1300,2550 1370,2550 1370,2490"/>
                    <TextEquiv>
                        <Unicode>Dem</Unicode>
                    </TextEquiv>
                </Word>
                <Word id="tr_1_tl_32_w5" custom="readingOrder {index:4;}">
                    <Coords points="1414,2491 1414,2551 1575,2551 1575,2491"/>
                    <TextEquiv>
                        <Unicode>schwarz</Unicode>
                    </TextEquiv>
                </Word>
                <Word id="tr_1_tl_32_w6" custom="readingOrder {index:5;}">
                    <Coords points="1608,2494 1608,2554 1932,2554 1932,2494"/>
                    <TextEquiv>
                        <Unicode>ausgeschlagenen</Unicode>
                    </TextEquiv>
                </Word>
                <Word id="tr_1_tl_32_w7" custom="readingOrder {index:6;}">
                    <Coords points="1965,2496 1965,2556 2137,2556 2137,2496"/>
                    <TextEquiv>
                        <Unicode>Holzsarg</Unicode>
                    </TextEquiv>
                </Word>
                <Word id="tr_1_tl_32_w8" custom="readingOrder {index:7;}">
                    <Coords points="2170,2496 2170,2556 2278,2556 2278,2496"/>
                    <TextEquiv>
                        <Unicode>folgte</Unicode>
                    </TextEquiv>
                </Word>
                <TextEquiv>
                    <Unicode>Männer trugen ihn. Dem schwarz ausgeschlagenen Holzsarg folgte</Unicode>
                </TextEquiv>
            </TextLine>
            <TextLine id="tr_1_tl_33" custom="readingOrder {index:32;}">
                <Coords points="860,2583 2284,2595 2284,2544 860,2553"/>
                <Baseline points="871,2578 941,2578 1012,2578 1083,2578 1154,2579 1225,2581 1296,2578 1367,2581 1438,2581 1509,2581 1580,2584 1650,2584 1721,2584 1792,2584 1863,2584 1934,2584 2005,2584 2076,2587 2147,2588 2218,2587 2289,2587"/>
                <Word id="tr_1_tl_33_w1" custom="readingOrder {index:0;}">
                    <Coords points="866,2538 866,2598 919,2598 919,2538"/>
                    <TextEquiv>
                        <Unicode>die</Unicode>
                    </TextEquiv>
                </Word>
                <Word id="tr_1_tl_33_w2" custom="readingOrder {index:1;}">
                    <Coords points="952,2538 952,2598 1044,2598 1044,2538"/>
                    <TextEquiv>
                        <Unicode>Frau</Unicode>
                    </TextEquiv>
                </Word>
                <Word id="tr_1_tl_33_w3" custom="readingOrder {index:2;}">
                    <Coords points="1077,2540 1077,2600 1305,2600 1305,2540"/>
                    <TextEquiv>
                        <Unicode>Schnitzlers</Unicode>
                    </TextEquiv>
                </Word>
                <Word id="tr_1_tl_33_w4" custom="readingOrder {index:3;}">
                    <Coords points="1338,2541 1338,2601 1402,2601 1402,2541"/>
                    <TextEquiv>
                        <Unicode>und</Unicode>
                    </TextEquiv>
                </Word>
                <Word id="tr_1_tl_33_w5" custom="readingOrder {index:4;}">
                    <Coords points="1441,2541 1441,2601 1506,2601 1506,2541"/>
                    <TextEquiv>
                        <Unicode>sein</Unicode>
                    </TextEquiv>
                </Word>
                <Word id="tr_1_tl_33_w6" custom="readingOrder {index:5;}">
                    <Coords points="1544,2544 1544,2604 1657,2604 1657,2544"/>
                    <TextEquiv>
                        <Unicode>Sohn.</Unicode>
                    </TextEquiv>
                </Word>
                <Word id="tr_1_tl_33_w7" custom="readingOrder {index:6;}">
                    <Coords points="1685,2544 1685,2604 1744,2604 1744,2544"/>
                    <TextEquiv>
                        <Unicode>Als</Unicode>
                    </TextEquiv>
                </Word>
                <Word id="tr_1_tl_33_w8" custom="readingOrder {index:7;}">
                    <Coords points="1777,2544 1777,2604 1853,2604 1853,2544"/>
                    <TextEquiv>
                        <Unicode>man</Unicode>
                    </TextEquiv>
                </Word>
                <Word id="tr_1_tl_33_w9" custom="readingOrder {index:8;}">
                    <Coords points="1892,2544 1892,2604 1945,2604 1945,2544"/>
                    <TextEquiv>
                        <Unicode>ihn</Unicode>
                    </TextEquiv>
                </Word>
                <Word id="tr_1_tl_33_w10" custom="readingOrder {index:9;}">
                    <Coords points="1984,2544 1984,2604 2064,2604 2064,2544"/>
                    <TextEquiv>
                        <Unicode>sah,</Unicode>
                    </TextEquiv>
                </Word>
                <Word id="tr_1_tl_33_w11" custom="readingOrder {index:10;}">
                    <Coords points="2093,2547 2093,2607 2173,2607 2173,2547"/>
                    <TextEquiv>
                        <Unicode>jung</Unicode>
                    </TextEquiv>
                </Word>
                <Word id="tr_1_tl_33_w12" custom="readingOrder {index:11;}">
                    <Coords points="2212,2547 2212,2607 2276,2607 2276,2547"/>
                    <TextEquiv>
                        <Unicode>und</Unicode>
                    </TextEquiv>
                </Word>
                <TextEquiv>
                    <Unicode>die Frau Schnitzlers und sein Sohn. Als man ihn sah, jung und</Unicode>
                </TextEquiv>
            </TextLine>
            <TextLine id="tr_1_tl_34" custom="readingOrder {index:33;}">
                <Coords points="864,2640 2284,2640 2265,2592 864,2588"/>
                <Baseline points="874,2626 944,2629 1015,2629 1086,2628 1157,2629 1227,2629 1298,2629 1369,2629 1440,2631 1510,2630 1581,2632 1652,2632 1723,2632 1793,2632 1864,2635 1935,2633 2006,2633 2076,2635 2147,2635 2218,2635 2289,2635"/>
                <Word id="tr_1_tl_34_w1" custom="readingOrder {index:0;}">
                    <Coords points="864,2589 864,2649 1106,2649 1106,2589"/>
                    <TextEquiv>
                        <Unicode>schüchtern,</Unicode>
                    </TextEquiv>
                </Word>
                <Word id="tr_1_tl_34_w2" custom="readingOrder {index:1;}">
                    <Coords points="1127,2588 1127,2648 1167,2648 1167,2588"/>
                    <TextEquiv>
                        <Unicode>da</Unicode>
                    </TextEquiv>
                </Word>
                <Word id="tr_1_tl_34_w3" custom="readingOrder {index:2;}">
                    <Coords points="1199,2589 1199,2649 1265,2649 1265,2589"/>
                    <TextEquiv>
                        <Unicode>kam</Unicode>
                    </TextEquiv>
                </Word>
                <Word id="tr_1_tl_34_w4" custom="readingOrder {index:3;}">
                    <Coords points="1312,2589 1312,2649 1405,2649 1405,2589"/>
                    <TextEquiv>
                        <Unicode>einem</Unicode>
                    </TextEquiv>
                </Word>
                <Word id="tr_1_tl_34_w5" custom="readingOrder {index:4;}">
                    <Coords points="1457,2590 1457,2650 1523,2650 1523,2590"/>
                    <TextEquiv>
                        <Unicode>erst</Unicode>
                    </TextEquiv>
                </Word>
                <Word id="tr_1_tl_34_w6" custom="readingOrder {index:5;}">
                    <Coords points="1550,2591 1550,2651 1611,2651 1611,2591"/>
                    <TextEquiv>
                        <Unicode>zum</Unicode>
                    </TextEquiv>
                </Word>
                <Word id="tr_1_tl_34_w7" custom="readingOrder {index:6;}">
                    <Coords points="1658,2592 1658,2652 1911,2652 1911,2592"/>
                    <TextEquiv>
                        <Unicode>Bewußtsein,</Unicode>
                    </TextEquiv>
                </Word>
                <Word id="tr_1_tl_34_w8" custom="readingOrder {index:7;}">
                    <Coords points="1937,2593 1937,2653 1998,2653 1998,2593"/>
                    <TextEquiv>
                        <Unicode>wie</Unicode>
                    </TextEquiv>
                </Word>
                <Word id="tr_1_tl_34_w9" custom="readingOrder {index:8;}">
                    <Coords points="2030,2595 2030,2655 2143,2655 2143,2595"/>
                    <TextEquiv>
                        <Unicode>wenig</Unicode>
                    </TextEquiv>
                </Word>
                <Word id="tr_1_tl_34_w10" custom="readingOrder {index:9;}">
                    <Coords points="2174,2595 2174,2655 2282,2655 2282,2595"/>
                    <TextEquiv>
                        <Unicode>junge</Unicode>
                    </TextEquiv>
                </Word>
                <TextEquiv>
                    <Unicode>schüchtern, da kam einem erst zum Bewußtsein, wie wenig junge</Unicode>
                </TextEquiv>
            </TextLine>
            <TextLine id="tr_1_tl_35" custom="readingOrder {index:34;}">
                <Coords points="864,2685 2281,2694 2281,2642 864,2640"/>
                <Baseline points="874,2674 944,2677 1015,2677 1085,2677 1156,2679 1227,2680 1297,2680 1368,2680 1438,2680 1509,2680 1580,2680 1650,2681 1721,2683 1791,2683 1862,2683 1933,2683 2003,2681 2074,2683 2144,2686 2215,2686 2286,2683"/>
                <Word id="tr_1_tl_35_w1" custom="readingOrder {index:0;}">
                    <Coords points="864,2637 864,2697 1058,2697 1058,2637"/>
                    <TextEquiv>
                        <Unicode>Menschen</Unicode>
                    </TextEquiv>
                </Word>
                <Word id="tr_1_tl_35_w2" custom="readingOrder {index:1;}">
                    <Coords points="1091,2637 1091,2697 1133,2697 1133,2637"/>
                    <TextEquiv>
                        <Unicode>da</Unicode>
                    </TextEquiv>
                </Word>
                <Word id="tr_1_tl_35_w3" custom="readingOrder {index:2;}">
                    <Coords points="1166,2640 1166,2700 1306,2700 1306,2640"/>
                    <TextEquiv>
                        <Unicode>waren.</Unicode>
                    </TextEquiv>
                </Word>
                <Word id="tr_1_tl_35_w4" custom="readingOrder {index:3;}">
                    <Coords points="1328,2640 1328,2700 1404,2700 1404,2640"/>
                    <TextEquiv>
                        <Unicode>Und</Unicode>
                    </TextEquiv>
                </Word>
                <Word id="tr_1_tl_35_w5" custom="readingOrder {index:4;}">
                    <Coords points="1437,2640 1437,2700 1490,2700 1490,2640"/>
                    <TextEquiv>
                        <Unicode>als</Unicode>
                    </TextEquiv>
                </Word>
                <Word id="tr_1_tl_35_w6" custom="readingOrder {index:5;}">
                    <Coords points="1518,2640 1518,2700 1576,2700 1576,2640"/>
                    <TextEquiv>
                        <Unicode>der</Unicode>
                    </TextEquiv>
                </Word>
                <Word id="tr_1_tl_35_w7" custom="readingOrder {index:6;}">
                    <Coords points="1604,2641 1604,2701 1744,2701 1744,2641"/>
                    <TextEquiv>
                        <Unicode>Kantor</Unicode>
                    </TextEquiv>
                </Word>
                <Word id="tr_1_tl_35_w8" custom="readingOrder {index:7;}">
                    <Coords points="1771,2643 1771,2703 1836,2703 1836,2643"/>
                    <TextEquiv>
                        <Unicode>das</Unicode>
                    </TextEquiv>
                </Word>
                <Word id="tr_1_tl_35_w9" custom="readingOrder {index:8;}">
                    <Coords points="1864,2643 1864,2703 1971,2703 1971,2643"/>
                    <TextEquiv>
                        <Unicode>letzte</Unicode>
                    </TextEquiv>
                </Word>
                <Word id="tr_1_tl_35_w10" custom="readingOrder {index:9;}">
                    <Coords points="1999,2642 1999,2702 2122,2702 2122,2642"/>
                    <TextEquiv>
                        <Unicode>Gebet</Unicode>
                    </TextEquiv>
                </Word>
                <Word id="tr_1_tl_35_w11" custom="readingOrder {index:10;}">
                    <Coords points="2144,2646 2144,2706 2273,2706 2273,2646"/>
                    <TextEquiv>
                        <Unicode>sprach</Unicode>
                    </TextEquiv>
                </Word>
                <TextEquiv>
                    <Unicode>Menschen da waren. Und als der Kantor das letzte Gebet sprach</Unicode>
                </TextEquiv>
            </TextLine>
            <TextLine id="tr_1_tl_36" custom="readingOrder {index:35;}">
                <Coords points="862,2740 2284,2748 2263,2692 860,2685"/>
                <Baseline points="871,2727 941,2727 1012,2727 1083,2727 1154,2727 1225,2727 1296,2727 1367,2730 1438,2727 1509,2728 1580,2730 1650,2731 1721,2733 1792,2732 1863,2733 1934,2733 2005,2733 2076,2733 2147,2733 2218,2733 2289,2736"/>
                <Word id="tr_1_tl_36_w1" custom="readingOrder {index:0;}">
                    <Coords points="865,2687 865,2747 933,2747 933,2687"/>
                    <TextEquiv>
                        <Unicode>und</Unicode>
                    </TextEquiv>
                </Word>
                <Word id="tr_1_tl_36_w2" custom="readingOrder {index:1;}">
                    <Coords points="960,2687 960,2747 1028,2747 1028,2687"/>
                    <TextEquiv>
                        <Unicode>sich</Unicode>
                    </TextEquiv>
                </Word>
                <Word id="tr_1_tl_36_w3" custom="readingOrder {index:2;}">
                    <Coords points="1056,2687 1056,2747 1108,2747 1108,2687"/>
                    <TextEquiv>
                        <Unicode>die</Unicode>
                    </TextEquiv>
                </Word>
                <Word id="tr_1_tl_36_w4" custom="readingOrder {index:3;}">
                    <Coords points="1135,2687 1135,2747 1324,2747 1324,2687"/>
                    <TextEquiv>
                        <Unicode>Menschen</Unicode>
                    </TextEquiv>
                </Word>
                <Word id="tr_1_tl_36_w5" custom="readingOrder {index:4;}">
                    <Coords points="1352,2689 1352,2749 1378,2749 1378,2689"/>
                    <TextEquiv>
                        <Unicode>in</Unicode>
                    </TextEquiv>
                </Word>
                <Word id="tr_1_tl_36_w6" custom="readingOrder {index:5;}">
                    <Coords points="1405,2687 1405,2747 1468,2747 1468,2687"/>
                    <TextEquiv>
                        <Unicode>der</Unicode>
                    </TextEquiv>
                </Word>
                <Word id="tr_1_tl_36_w7" custom="readingOrder {index:6;}">
                    <Coords points="1489,2688 1489,2748 1589,2748 1589,2688"/>
                    <TextEquiv>
                        <Unicode>Halle</Unicode>
                    </TextEquiv>
                </Word>
                <Word id="tr_1_tl_36_w8" custom="readingOrder {index:7;}">
                    <Coords points="1611,2692 1611,2752 2028,2752 2028,2692"/>
                    <TextEquiv>
                        <Unicode>zusammendrängten,</Unicode>
                    </TextEquiv>
                </Word>
                <Word id="tr_1_tl_36_w9" custom="readingOrder {index:8;}">
                    <Coords points="2045,2693 2045,2753 2081,2753 2081,2693"/>
                    <TextEquiv>
                        <Unicode>da</Unicode>
                    </TextEquiv>
                </Word>
                <Word id="tr_1_tl_36_w10" custom="readingOrder {index:9;}">
                    <Coords points="2108,2693 2108,2753 2271,2753 2271,2693"/>
                    <TextEquiv>
                        <Unicode>erschrak</Unicode>
                    </TextEquiv>
                </Word>
                <TextEquiv>
                    <Unicode>und sich die Menschen in der Halle zusammendrängten, da erschrak</Unicode>
                </TextEquiv>
            </TextLine>
            <TextLine id="tr_1_tl_37" custom="readingOrder {index:36;}">
                <Coords points="859,2778 2284,2792 2284,2748 2229,2742 859,2740"/>
                <Baseline points="868,2775 939,2776 1010,2775 1081,2775 1152,2775 1223,2778 1294,2778 1365,2778 1436,2778 1507,2779 1578,2781 1649,2781 1720,2781 1791,2781 1862,2781 1933,2781 2004,2781 2075,2781 2146,2781 2217,2784 2289,2784"/>
                <Word id="tr_1_tl_37_w1" custom="readingOrder {index:0;}">
                    <Coords points="864,2735 864,2795 969,2795 969,2735"/>
                    <TextEquiv>
                        <Unicode>man:</Unicode>
                    </TextEquiv>
                </Word>
                <Word id="tr_1_tl_37_w2" custom="readingOrder {index:1;}">
                    <Coords points="991,2735 991,2795 1059,2795 1059,2735"/>
                    <TextEquiv>
                        <Unicode>alle</Unicode>
                    </TextEquiv>
                </Word>
                <Word id="tr_1_tl_37_w3" custom="readingOrder {index:2;}">
                    <Coords points="1086,2735 1086,2795 1181,2795 1181,2735"/>
                    <TextEquiv>
                        <Unicode>diese</Unicode>
                    </TextEquiv>
                </Word>
                <Word id="tr_1_tl_37_w4" custom="readingOrder {index:3;}">
                    <Coords points="1213,2738 1213,2798 1366,2798 1366,2738"/>
                    <TextEquiv>
                        <Unicode>Männer</Unicode>
                    </TextEquiv>
                </Word>
                <Word id="tr_1_tl_37_w5" custom="readingOrder {index:4;}">
                    <Coords points="1394,2738 1394,2798 1461,2798 1461,2738"/>
                    <TextEquiv>
                        <Unicode>und</Unicode>
                    </TextEquiv>
                </Word>
                <Word id="tr_1_tl_37_w6" custom="readingOrder {index:5;}">
                    <Coords points="1494,2740 1494,2800 1657,2800 1657,2740"/>
                    <TextEquiv>
                        <Unicode>Frauen,</Unicode>
                    </TextEquiv>
                </Word>
                <Word id="tr_1_tl_37_w7" custom="readingOrder {index:6;}">
                    <Coords points="1679,2741 1679,2801 1731,2801 1731,2741"/>
                    <TextEquiv>
                        <Unicode>die</Unicode>
                    </TextEquiv>
                </Word>
                <Word id="tr_1_tl_37_w8" custom="readingOrder {index:7;}">
                    <Coords points="1764,2741 1764,2801 1805,2801 1805,2741"/>
                    <TextEquiv>
                        <Unicode>um</Unicode>
                    </TextEquiv>
                </Word>
                <Word id="tr_1_tl_37_w9" custom="readingOrder {index:8;}">
                    <Coords points="1849,2741 1849,2801 2055,2801 2055,2741"/>
                    <TextEquiv>
                        <Unicode>Schnitzler</Unicode>
                    </TextEquiv>
                </Word>
                <Word id="tr_1_tl_37_w10" custom="readingOrder {index:9;}">
                    <Coords points="2087,2742 2087,2802 2287,2802 2287,2742"/>
                    <TextEquiv>
                        <Unicode>trauerten,</Unicode>
                    </TextEquiv>
                </Word>
                <TextEquiv>
                    <Unicode>man: alle diese Männer und Frauen, die um Schnitzler trauerten,</Unicode>
                </TextEquiv>
            </TextLine>
            <TextLine id="tr_1_tl_38" custom="readingOrder {index:37;}">
                <Coords points="860,2841 2286,2848 2254,2790 859,2783"/>
                <Baseline points="868,2823 939,2826 1010,2827 1081,2829 1152,2826 1223,2826 1294,2829 1365,2829 1436,2829 1507,2829 1578,2832 1649,2829 1720,2832 1791,2831 1862,2831 1933,2831 2004,2832 2075,2832 2146,2834 2217,2835 2289,2832"/>
                <Word id="tr_1_tl_38_w1" custom="readingOrder {index:0;}">
                    <Coords points="864,2784 864,2844 923,2844 923,2784"/>
                    <TextEquiv>
                        <Unicode>die</Unicode>
                    </TextEquiv>
                </Word>
                <Word id="tr_1_tl_38_w2" custom="readingOrder {index:1;}">
                    <Coords points="949,2788 949,2848 1154,2848 1154,2788"/>
                    <TextEquiv>
                        <Unicode>gekommen</Unicode>
                    </TextEquiv>
                </Word>
                <Word id="tr_1_tl_38_w3" custom="readingOrder {index:2;}">
                    <Coords points="1190,2787 1190,2847 1325,2847 1325,2787"/>
                    <TextEquiv>
                        <Unicode>waren,</Unicode>
                    </TextEquiv>
                </Word>
                <Word id="tr_1_tl_38_w4" custom="readingOrder {index:3;}">
                    <Coords points="1346,2789 1346,2849 1380,2849 1380,2789"/>
                    <TextEquiv>
                        <Unicode>um</Unicode>
                    </TextEquiv>
                </Word>
                <Word id="tr_1_tl_38_w5" custom="readingOrder {index:4;}">
                    <Coords points="1426,2789 1426,2849 1486,2849 1486,2789"/>
                    <TextEquiv>
                        <Unicode>von</Unicode>
                    </TextEquiv>
                </Word>
                <Word id="tr_1_tl_38_w6" custom="readingOrder {index:5;}">
                    <Coords points="1516,2790 1516,2850 1571,2850 1571,2790"/>
                    <TextEquiv>
                        <Unicode>ihm</Unicode>
                    </TextEquiv>
                </Word>
                <Word id="tr_1_tl_38_w7" custom="readingOrder {index:6;}">
                    <Coords points="1612,2791 1612,2851 1787,2851 1787,2791"/>
                    <TextEquiv>
                        <Unicode>Abschied</Unicode>
                    </TextEquiv>
                </Word>
                <Word id="tr_1_tl_38_w8" custom="readingOrder {index:7;}">
                    <Coords points="1823,2791 1823,2851 1857,2851 1857,2791"/>
                    <TextEquiv>
                        <Unicode>zu</Unicode>
                    </TextEquiv>
                </Word>
                <Word id="tr_1_tl_38_w9" custom="readingOrder {index:8;}">
                    <Coords points="1883,2791 1883,2851 2058,2851 2058,2791"/>
                    <TextEquiv>
                        <Unicode>nehmen,</Unicode>
                    </TextEquiv>
                </Word>
                <Word id="tr_1_tl_38_w10" custom="readingOrder {index:9;}">
                    <Coords points="2079,2793 2079,2853 2189,2853 2189,2793"/>
                    <TextEquiv>
                        <Unicode>waren</Unicode>
                    </TextEquiv>
                </Word>
                <Word id="tr_1_tl_38_w11" custom="readingOrder {index:10;}">
                    <Coords points="2220,2793 2220,2853 2289,2853 2289,2793"/>
                    <TextEquiv>
                        <Unicode>alt.</Unicode>
                    </TextEquiv>
                </Word>
                <TextEquiv>
                    <Unicode>die gekommen waren, um von ihm Abschied zu nehmen, waren alt.</Unicode>
                </TextEquiv>
            </TextLine>
            <TextLine id="tr_1_tl_39" custom="readingOrder {index:38;}">
                <Coords points="930,2894 2291,2907 2291,2851 2191,2842 930,2837"/>
                <Baseline points="940,2880 1007,2880 1075,2880 1143,2881 1211,2883 1278,2883 1346,2883 1414,2883 1482,2886 1549,2885 1617,2886 1685,2886 1753,2886 1820,2886 1888,2887 1956,2889 2024,2889 2091,2889 2159,2889 2227,2889 2295,2886"/>
                <Word id="tr_1_tl_39_w1" custom="readingOrder {index:0;}">
                    <Coords points="930,2840 930,2900 1010,2900 1010,2840"/>
                    <TextEquiv>
                        <Unicode>Das</Unicode>
                    </TextEquiv>
                </Word>
                <Word id="tr_1_tl_39_w2" custom="readingOrder {index:1;}">
                    <Coords points="1038,2840 1038,2900 1156,2900 1156,2840"/>
                    <TextEquiv>
                        <Unicode>Gebet</Unicode>
                    </TextEquiv>
                </Word>
                <Word id="tr_1_tl_39_w3" custom="readingOrder {index:2;}">
                    <Coords points="1183,2843 1183,2903 1258,2903 1258,2843"/>
                    <TextEquiv>
                        <Unicode>war</Unicode>
                    </TextEquiv>
                </Word>
                <Word id="tr_1_tl_39_w4" custom="readingOrder {index:3;}">
                    <Coords points="1286,2843 1286,2903 1393,2903 1393,2843"/>
                    <TextEquiv>
                        <Unicode>kurz,</Unicode>
                    </TextEquiv>
                </Word>
                <Word id="tr_1_tl_39_w5" custom="readingOrder {index:4;}">
                    <Coords points="1416,2844 1416,2904 1479,2904 1479,2844"/>
                    <TextEquiv>
                        <Unicode>wie</Unicode>
                    </TextEquiv>
                </Word>
                <Word id="tr_1_tl_39_w6" custom="readingOrder {index:5;}">
                    <Coords points="1507,2845 1507,2905 1539,2905 1539,2845"/>
                    <TextEquiv>
                        <Unicode>es</Unicode>
                    </TextEquiv>
                </Word>
                <Word id="tr_1_tl_39_w7" custom="readingOrder {index:6;}">
                    <Coords points="1566,2846 1566,2906 1771,2906 1771,2846"/>
                    <TextEquiv>
                        <Unicode>Schnitzler</Unicode>
                    </TextEquiv>
                </Word>
                <Word id="tr_1_tl_39_w8" custom="readingOrder {index:7;}">
                    <Coords points="1804,2847 1804,2907 2019,2907 2019,2847"/>
                    <TextEquiv>
                        <Unicode>gewünscht</Unicode>
                    </TextEquiv>
                </Word>
                <Word id="tr_1_tl_39_w9" custom="readingOrder {index:8;}">
                    <Coords points="2041,2849 2041,2909 2159,2909 2159,2849"/>
                    <TextEquiv>
                        <Unicode>hatte,</Unicode>
                    </TextEquiv>
                </Word>
                <Word id="tr_1_tl_39_w10" custom="readingOrder {index:9;}">
                    <Coords points="2181,2849 2181,2909 2272,2909 2272,2849"/>
                    <TextEquiv>
                        <Unicode>dann</Unicode>
                    </TextEquiv>
                </Word>
                <TextEquiv>
                    <Unicode>Das Gebet war kurz, wie es Schnitzler gewünscht hatte, dann</Unicode>
                </TextEquiv>
            </TextLine>
            <TextLine id="tr_1_tl_40" custom="readingOrder {index:39;}">
                <Coords points="864,2944 2288,2948 2265,2894 864,2907"/>
                <Baseline points="874,2930 944,2930 1015,2933 1086,2930 1157,2930 1228,2933 1299,2933 1370,2933 1441,2935 1512,2934 1583,2936 1653,2936 1724,2936 1795,2936 1866,2936 1937,2936 2008,2936 2079,2936 2150,2936 2221,2939 2292,2942"/>
                <Word id="tr_1_tl_40_w1" custom="readingOrder {index:0;}">
                    <Coords points="869,2890 869,2950 969,2950 969,2890"/>
                    <TextEquiv>
                        <Unicode>stand</Unicode>
                    </TextEquiv>
                </Word>
                <Word id="tr_1_tl_40_w2" custom="readingOrder {index:1;}">
                    <Coords points="1001,2892 1001,2952 1074,2952 1074,2892"/>
                    <TextEquiv>
                        <Unicode>man</Unicode>
                    </TextEquiv>
                </Word>
                <Word id="tr_1_tl_40_w3" custom="readingOrder {index:2;}">
                    <Coords points="1106,2890 1106,2950 1237,2950 1237,2890"/>
                    <TextEquiv>
                        <Unicode>wieder</Unicode>
                    </TextEquiv>
                </Word>
                <Word id="tr_1_tl_40_w4" custom="readingOrder {index:3;}">
                    <Coords points="1259,2893 1259,2953 1285,2953 1285,2893"/>
                    <TextEquiv>
                        <Unicode>in</Unicode>
                    </TextEquiv>
                </Word>
                <Word id="tr_1_tl_40_w5" custom="readingOrder {index:4;}">
                    <Coords points="1317,2893 1317,2953 1374,2953 1374,2893"/>
                    <TextEquiv>
                        <Unicode>der</Unicode>
                    </TextEquiv>
                </Word>
                <Word id="tr_1_tl_40_w6" custom="readingOrder {index:5;}">
                    <Coords points="1401,2894 1401,2954 1516,2954 1516,2894"/>
                    <TextEquiv>
                        <Unicode>kalten</Unicode>
                    </TextEquiv>
                </Word>
                <Word id="tr_1_tl_40_w7" custom="readingOrder {index:6;}">
                    <Coords points="1543,2896 1543,2956 1791,2956 1791,2896"/>
                    <TextEquiv>
                        <Unicode>Herbstsonne</Unicode>
                    </TextEquiv>
                </Word>
                <Word id="tr_1_tl_40_w8" custom="readingOrder {index:7;}">
                    <Coords points="1818,2896 1818,2956 1875,2956 1875,2896"/>
                    <TextEquiv>
                        <Unicode>vor</Unicode>
                    </TextEquiv>
                </Word>
                <Word id="tr_1_tl_40_w9" custom="readingOrder {index:8;}">
                    <Coords points="1902,2896 1902,2956 1959,2956 1959,2896"/>
                    <TextEquiv>
                        <Unicode>dem</Unicode>
                    </TextEquiv>
                </Word>
                <Word id="tr_1_tl_40_w10" custom="readingOrder {index:9;}">
                    <Coords points="2002,2896 2002,2956 2138,2956 2138,2896"/>
                    <TextEquiv>
                        <Unicode>offenen</Unicode>
                    </TextEquiv>
                </Word>
                <Word id="tr_1_tl_40_w11" custom="readingOrder {index:10;}">
                    <Coords points="2170,2899 2170,2959 2286,2959 2286,2899"/>
                    <TextEquiv>
                        <Unicode>Grab,</Unicode>
                    </TextEquiv>
                </Word>
                <TextEquiv>
                    <Unicode>stand man wieder in der kalten Herbstsonne vor dem offenen Grab,</Unicode>
                </TextEquiv>
            </TextLine>
            <TextLine id="tr_1_tl_41" custom="readingOrder {index:40;}">
                <Coords points="869,2989 2290,2998 2290,2950 2245,2944 869,2944"/>
                <Baseline points="880,2978 950,2981 1021,2981 1091,2981 1162,2979 1233,2981 1303,2981 1374,2984 1444,2984 1515,2984 1586,2984 1656,2984 1727,2984 1797,2984 1868,2984 1939,2984 2009,2986 2080,2986 2150,2987 2221,2987 2292,2984"/>
                <Word id="tr_1_tl_41_w1" custom="readingOrder {index:0;}">
                    <Coords points="870,2938 870,2998 935,2998 935,2938"/>
                    <TextEquiv>
                        <Unicode>und</Unicode>
                    </TextEquiv>
                </Word>
                <Word id="tr_1_tl_41_w2" custom="readingOrder {index:1;}">
                    <Coords points="974,2941 974,3001 1123,3001 1123,2941"/>
                    <TextEquiv>
                        <Unicode>Männer</Unicode>
                    </TextEquiv>
                </Word>
                <Word id="tr_1_tl_41_w3" custom="readingOrder {index:2;}">
                    <Coords points="1157,2939 1157,2999 1222,2999 1222,2939"/>
                    <TextEquiv>
                        <Unicode>wie</Unicode>
                    </TextEquiv>
                </Word>
                <Word id="tr_1_tl_41_w4" custom="readingOrder {index:3;}">
                    <Coords points="1256,2942 1256,3002 1415,3002 1415,2942"/>
                    <TextEquiv>
                        <Unicode>Frauen,</Unicode>
                    </TextEquiv>
                </Word>
                <Word id="tr_1_tl_41_w5" custom="readingOrder {index:4;}">
                    <Coords points="1444,2944 1444,3004 1493,3004 1493,2944"/>
                    <TextEquiv>
                        <Unicode>die</Unicode>
                    </TextEquiv>
                </Word>
                <Word id="tr_1_tl_41_w6" custom="readingOrder {index:5;}">
                    <Coords points="1527,2944 1527,3004 1813,3004 1813,2944"/>
                    <TextEquiv>
                        <Unicode>Schriftsteller,</Unicode>
                    </TextEquiv>
                </Word>
                <Word id="tr_1_tl_41_w7" custom="readingOrder {index:6;}">
                    <Coords points="1836,2944 1836,3004 1890,3004 1890,2944"/>
                    <TextEquiv>
                        <Unicode>die</Unicode>
                    </TextEquiv>
                </Word>
                <Word id="tr_1_tl_41_w8" custom="readingOrder {index:7;}">
                    <Coords points="1924,2946 1924,3006 2199,3006 2199,2946"/>
                    <TextEquiv>
                        <Unicode>Schauspieler,</Unicode>
                    </TextEquiv>
                </Word>
                <Word id="tr_1_tl_41_w9" custom="readingOrder {index:8;}">
                    <Coords points="2228,2945 2228,3005 2277,3005 2277,2945"/>
                    <TextEquiv>
                        <Unicode>die</Unicode>
                    </TextEquiv>
                </Word>
                <TextEquiv>
                    <Unicode>und Männer wie Frauen, die Schriftsteller, die Schauspieler, die</Unicode>
                </TextEquiv>
            </TextLine>
            <TextLine id="tr_1_tl_42" custom="readingOrder {index:41;}">
                <Coords points="869,3036 2284,3053 2238,2994 869,2989"/>
                <Baseline points="880,3023 950,3029 1020,3029 1091,3032 1161,3032 1232,3032 1302,3032 1373,3032 1443,3034 1514,3035 1584,3035 1654,3035 1725,3035 1795,3036 1866,3035 1936,3034 2007,3033 2077,3035 2148,3035 2218,3035 2289,3032"/>
                <Word id="tr_1_tl_42_w1" custom="readingOrder {index:0;}">
                    <Coords points="870,2986 870,3046 979,3046 979,2986"/>
                    <TextEquiv>
                        <Unicode>Ärzte</Unicode>
                    </TextEquiv>
                </Word>
                <Word id="tr_1_tl_42_w2" custom="readingOrder {index:1;}">
                    <Coords points="1007,2991 1007,3051 1139,3051 1139,2991"/>
                    <TextEquiv>
                        <Unicode>warfen</Unicode>
                    </TextEquiv>
                </Word>
                <Word id="tr_1_tl_42_w3" custom="readingOrder {index:2;}">
                    <Coords points="1173,2992 1173,3052 1261,3052 1261,2992"/>
                    <TextEquiv>
                        <Unicode>Erde</Unicode>
                    </TextEquiv>
                </Word>
                <Word id="tr_1_tl_42_w4" custom="readingOrder {index:3;}">
                    <Coords points="1289,2992 1289,3052 1354,3052 1354,2992"/>
                    <TextEquiv>
                        <Unicode>auf</Unicode>
                    </TextEquiv>
                </Word>
                <Word id="tr_1_tl_42_w5" custom="readingOrder {index:4;}">
                    <Coords points="1383,2993 1383,3053 1443,3053 1443,2993"/>
                    <TextEquiv>
                        <Unicode>den</Unicode>
                    </TextEquiv>
                </Word>
                <Word id="tr_1_tl_42_w6" custom="readingOrder {index:5;}">
                    <Coords points="1471,2995 1471,3055 1580,3055 1580,2995"/>
                    <TextEquiv>
                        <Unicode>Sarg,</Unicode>
                    </TextEquiv>
                </Word>
                <Word id="tr_1_tl_42_w7" custom="readingOrder {index:6;}">
                    <Coords points="1598,2995 1598,3055 1658,3055 1658,2995"/>
                    <TextEquiv>
                        <Unicode>der</Unicode>
                    </TextEquiv>
                </Word>
                <Word id="tr_1_tl_42_w8" custom="readingOrder {index:7;}">
                    <Coords points="1680,2995 1680,3055 1785,3055 1785,2995"/>
                    <TextEquiv>
                        <Unicode>schon</Unicode>
                    </TextEquiv>
                </Word>
                <Word id="tr_1_tl_42_w9" custom="readingOrder {index:8;}">
                    <Coords points="1818,2995 1818,3055 1845,3055 1845,2995"/>
                    <TextEquiv>
                        <Unicode>in</Unicode>
                    </TextEquiv>
                </Word>
                <Word id="tr_1_tl_42_w10" custom="readingOrder {index:9;}">
                    <Coords points="1879,2994 1879,3054 1939,3054 1939,2994"/>
                    <TextEquiv>
                        <Unicode>der</Unicode>
                    </TextEquiv>
                </Word>
                <Word id="tr_1_tl_42_w11" custom="readingOrder {index:10;}">
                    <Coords points="1967,2993 1967,3053 2055,3053 2055,2993"/>
                    <TextEquiv>
                        <Unicode>Erde</Unicode>
                    </TextEquiv>
                </Word>
                <Word id="tr_1_tl_42_w12" custom="readingOrder {index:11;}">
                    <Coords points="2083,2995 2083,3055 2204,3055 2204,2995"/>
                    <TextEquiv>
                        <Unicode>ruhte.</Unicode>
                    </TextEquiv>
                </Word>
                <Word id="tr_1_tl_42_w13" custom="readingOrder {index:12;}">
                    <Coords points="2227,2993 2227,3053 2276,3053 2276,2993"/>
                    <TextEquiv>
                        <Unicode>Sie</Unicode>
                    </TextEquiv>
                </Word>
                <TextEquiv>
                    <Unicode>Ärzte warfen Erde auf den Sarg, der schon in der Erde ruhte. Sie</Unicode>
                </TextEquiv>
            </TextLine>
            <TextLine id="tr_1_tl_43" custom="readingOrder {index:42;}">
                <Coords points="868,3093 2207,3109 2284,3095 2284,3052 866,3039"/>
                <Baseline points="877,3080 947,3080 1018,3080 1088,3080 1159,3082 1230,3080 1300,3081 1371,3083 1441,3082 1512,3085 1583,3083 1653,3083 1724,3083 1794,3083 1865,3083 1936,3082 2006,3084 2077,3086 2147,3086 2218,3086 2289,3086"/>
                <Word id="tr_1_tl_43_w1" custom="readingOrder {index:0;}">
                    <Coords points="871,3040 871,3100 897,3100 897,3040"/>
                    <TextEquiv>
                        <Unicode>im</Unicode>
                    </TextEquiv>
                </Word>
                <Word id="tr_1_tl_43_w2" custom="readingOrder {index:1;}">
                    <Coords points="950,3040 950,3100 1161,3100 1161,3040"/>
                    <TextEquiv>
                        <Unicode>Tageslicht</Unicode>
                    </TextEquiv>
                </Word>
                <Word id="tr_1_tl_43_w3" custom="readingOrder {index:2;}">
                    <Coords points="1194,3040 1194,3100 1230,3100 1230,3040"/>
                    <TextEquiv>
                        <Unicode>zu</Unicode>
                    </TextEquiv>
                </Word>
                <Word id="tr_1_tl_43_w4" custom="readingOrder {index:3;}">
                    <Coords points="1262,3041 1262,3101 1394,3101 1394,3041"/>
                    <TextEquiv>
                        <Unicode>sehen,</Unicode>
                    </TextEquiv>
                </Word>
                <Word id="tr_1_tl_43_w5" custom="readingOrder {index:4;}">
                    <Coords points="1421,3042 1421,3102 1494,3102 1494,3042"/>
                    <TextEquiv>
                        <Unicode>war</Unicode>
                    </TextEquiv>
                </Word>
                <Word id="tr_1_tl_43_w6" custom="readingOrder {index:5;}">
                    <Coords points="1526,3043 1526,3103 1795,3103 1795,3043"/>
                    <TextEquiv>
                        <Unicode>gespenstisch.</Unicode>
                    </TextEquiv>
                </Word>
                <Word id="tr_1_tl_43_w7" custom="readingOrder {index:6;}">
                    <Coords points="1833,3043 1833,3103 1880,3103 1880,3043"/>
                    <TextEquiv>
                        <Unicode>Es</Unicode>
                    </TextEquiv>
                </Word>
                <Word id="tr_1_tl_43_w8" custom="readingOrder {index:7;}">
                    <Coords points="1913,3042 1913,3102 1986,3102 1986,3042"/>
                    <TextEquiv>
                        <Unicode>war</Unicode>
                    </TextEquiv>
                </Word>
                <Word id="tr_1_tl_43_w9" custom="readingOrder {index:8;}">
                    <Coords points="2023,3045 2023,3105 2071,3105 2071,3045"/>
                    <TextEquiv>
                        <Unicode>ein</Unicode>
                    </TextEquiv>
                </Word>
                <Word id="tr_1_tl_43_w10" custom="readingOrder {index:9;}">
                    <Coords points="2108,3046 2108,3106 2176,3106 2176,3046"/>
                    <TextEquiv>
                        <Unicode>Zug</Unicode>
                    </TextEquiv>
                </Word>
                <Word id="tr_1_tl_43_w11" custom="readingOrder {index:10;}">
                    <Coords points="2219,3046 2219,3106 2276,3106 2276,3046"/>
                    <TextEquiv>
                        <Unicode>von</Unicode>
                    </TextEquiv>
                </Word>
                <TextEquiv>
                    <Unicode>im Tageslicht zu sehen, war gespenstisch. Es war ein Zug von</Unicode>
                </TextEquiv>
            </TextLine>
            <TextLine id="tr_1_tl_44" custom="readingOrder {index:43;}">
                <Coords points="859,3137 2291,3145 2275,3095 859,3089"/>
                <Baseline points="868,3127 939,3127 1010,3128 1082,3130 1153,3130 1224,3130 1296,3130 1367,3130 1438,3131 1510,3131 1581,3133 1652,3130 1724,3133 1795,3133 1866,3133 1938,3133 2009,3133 2080,3133 2152,3133 2223,3133 2295,3136"/>
                <Word id="tr_1_tl_44_w1" custom="readingOrder {index:0;}">
                    <Coords points="864,3087 864,3147 1059,3147 1059,3087"/>
                    <TextEquiv>
                        <Unicode>Schatten,</Unicode>
                    </TextEquiv>
                </Word>
                <Word id="tr_1_tl_44_w2" custom="readingOrder {index:1;}">
                    <Coords points="1075,3090 1075,3150 1132,3150 1132,3090"/>
                    <TextEquiv>
                        <Unicode>der</Unicode>
                    </TextEquiv>
                </Word>
                <Word id="tr_1_tl_44_w3" custom="readingOrder {index:2;}">
                    <Coords points="1159,3090 1159,3150 1196,3150 1196,3090"/>
                    <TextEquiv>
                        <Unicode>da</Unicode>
                    </TextEquiv>
                </Word>
                <Word id="tr_1_tl_44_w4" custom="readingOrder {index:3;}">
                    <Coords points="1229,3090 1229,3150 1286,3150 1286,3090"/>
                    <TextEquiv>
                        <Unicode>vor</Unicode>
                    </TextEquiv>
                </Word>
                <Word id="tr_1_tl_44_w5" custom="readingOrder {index:4;}">
                    <Coords points="1308,3090 1308,3150 1360,3150 1360,3090"/>
                    <TextEquiv>
                        <Unicode>ihm</Unicode>
                    </TextEquiv>
                </Word>
                <Word id="tr_1_tl_44_w6" custom="readingOrder {index:5;}">
                    <Coords points="1403,3091 1403,3151 1486,3151 1486,3091"/>
                    <TextEquiv>
                        <Unicode>noch</Unicode>
                    </TextEquiv>
                </Word>
                <Word id="tr_1_tl_44_w7" custom="readingOrder {index:6;}">
                    <Coords points="1519,3092 1519,3152 1656,3152 1656,3092"/>
                    <TextEquiv>
                        <Unicode>einmal</Unicode>
                    </TextEquiv>
                </Word>
                <Word id="tr_1_tl_44_w8" custom="readingOrder {index:7;}">
                    <Coords points="1677,3093 1677,3153 2030,3153 2030,3093"/>
                    <TextEquiv>
                        <Unicode>vorbeiparadierte.</Unicode>
                    </TextEquiv>
                </Word>
                <Word id="tr_1_tl_44_w9" custom="readingOrder {index:8;}">
                    <Coords points="2047,3093 2047,3153 2115,3153 2115,3093"/>
                    <TextEquiv>
                        <Unicode>Die</Unicode>
                    </TextEquiv>
                </Word>
                <Word id="tr_1_tl_44_w10" custom="readingOrder {index:9;}">
                    <Coords points="2136,3093 2136,3153 2273,3153 2273,3093"/>
                    <TextEquiv>
                        <Unicode>Frauen</Unicode>
                    </TextEquiv>
                </Word>
                <TextEquiv>
                    <Unicode>Schatten, der da vor ihm noch einmal vorbeiparadierte. Die Frauen</Unicode>
                </TextEquiv>
            </TextLine>
            <TextLine id="tr_1_tl_45" custom="readingOrder {index:44;}">
                <Coords points="918,3189 2286,3202 2284,3154 2136,3141 918,3152"/>
                <Baseline points="928,3175 996,3178 1064,3178 1132,3180 1200,3181 1268,3181 1336,3181 1404,3181 1472,3181 1540,3183 1608,3181 1676,3181 1744,3183 1812,3183 1880,3184 1948,3182 2016,3181 2084,3183 2152,3184 2220,3184 2289,3184"/>
                <Word id="tr_1_tl_45_w1" custom="readingOrder {index:0;}">
                    <Coords points="927,3136 927,3196 979,3196 979,3136"/>
                    <TextEquiv>
                        <Unicode>sie</Unicode>
                    </TextEquiv>
                </Word>
                <Word id="tr_1_tl_45_w2" custom="readingOrder {index:1;}">
                    <Coords points="1008,3138 1008,3198 1122,3198 1122,3138"/>
                    <TextEquiv>
                        <Unicode>waren</Unicode>
                    </TextEquiv>
                </Word>
                <Word id="tr_1_tl_45_w3" custom="readingOrder {index:2;}">
                    <Coords points="1156,3141 1156,3201 1294,3201 1294,3141"/>
                    <TextEquiv>
                        <Unicode>einmal</Unicode>
                    </TextEquiv>
                </Word>
                <Word id="tr_1_tl_45_w4" custom="readingOrder {index:3;}">
                    <Coords points="1319,3141 1319,3201 1395,3201 1395,3141"/>
                    <TextEquiv>
                        <Unicode>sehr</Unicode>
                    </TextEquiv>
                </Word>
                <Word id="tr_1_tl_45_w5" custom="readingOrder {index:4;}">
                    <Coords points="1424,3141 1424,3201 1529,3201 1529,3141"/>
                    <TextEquiv>
                        <Unicode>schön</Unicode>
                    </TextEquiv>
                </Word>
                <Word id="tr_1_tl_45_w6" custom="readingOrder {index:5;}">
                    <Coords points="1563,3141 1563,3201 1744,3201 1744,3141"/>
                    <TextEquiv>
                        <Unicode>gewesen,</Unicode>
                    </TextEquiv>
                </Word>
                <Word id="tr_1_tl_45_w7" custom="readingOrder {index:6;}">
                    <Coords points="1764,3143 1764,3203 1845,3203 1845,3143"/>
                    <TextEquiv>
                        <Unicode>man</Unicode>
                    </TextEquiv>
                </Word>
                <Word id="tr_1_tl_45_w8" custom="readingOrder {index:7;}">
                    <Coords points="1874,3143 1874,3203 1931,3203 1931,3143"/>
                    <TextEquiv>
                        <Unicode>sah</Unicode>
                    </TextEquiv>
                </Word>
                <Word id="tr_1_tl_45_w9" custom="readingOrder {index:8;}">
                    <Coords points="1965,3141 1965,3201 1998,3201 1998,3141"/>
                    <TextEquiv>
                        <Unicode>es</Unicode>
                    </TextEquiv>
                </Word>
                <Word id="tr_1_tl_45_w10" custom="readingOrder {index:9;}">
                    <Coords points="2027,3142 2027,3202 2113,3202 2113,3142"/>
                    <TextEquiv>
                        <Unicode>noch</Unicode>
                    </TextEquiv>
                </Word>
                <Word id="tr_1_tl_45_w11" custom="readingOrder {index:10;}">
                    <Coords points="2147,3144 2147,3204 2290,3204 2290,3144"/>
                    <TextEquiv>
                        <Unicode>immer,</Unicode>
                    </TextEquiv>
                </Word>
                <TextEquiv>
                    <Unicode>sie waren einmal sehr schön gewesen, man sah es noch immer,</Unicode>
                </TextEquiv>
            </TextLine>
            <TextLine id="tr_1_tl_46" custom="readingOrder {index:45;}">
                <Coords points="864,3241 2288,3241 2268,3195 2141,3188 864,3207"/>
                <Baseline points="874,3226 944,3226 1015,3229 1086,3229 1157,3229 1228,3229 1299,3229 1370,3229 1441,3229 1512,3232 1583,3229 1653,3230 1724,3232 1795,3231 1866,3229 1937,3231 2008,3232 2079,3232 2150,3232 2221,3235 2292,3232"/>
                <Word id="tr_1_tl_46_w1" custom="readingOrder {index:0;}">
                    <Coords points="870,3186 870,3246 955,3246 955,3186"/>
                    <TextEquiv>
                        <Unicode>aber</Unicode>
                    </TextEquiv>
                </Word>
                <Word id="tr_1_tl_46_w2" custom="readingOrder {index:1;}">
                    <Coords points="978,3188 978,3248 1042,3248 1042,3188"/>
                    <TextEquiv>
                        <Unicode>wie</Unicode>
                    </TextEquiv>
                </Word>
                <Word id="tr_1_tl_46_w3" custom="readingOrder {index:2;}">
                    <Coords points="1069,3189 1069,3249 1150,3249 1150,3189"/>
                    <TextEquiv>
                        <Unicode>weit</Unicode>
                    </TextEquiv>
                </Word>
                <Word id="tr_1_tl_46_w4" custom="readingOrder {index:3;}">
                    <Coords points="1173,3189 1173,3249 1247,3249 1247,3189"/>
                    <TextEquiv>
                        <Unicode>war</Unicode>
                    </TextEquiv>
                </Word>
                <Word id="tr_1_tl_46_w5" custom="readingOrder {index:4;}">
                    <Coords points="1270,3189 1270,3249 1323,3249 1323,3189"/>
                    <TextEquiv>
                        <Unicode>die</Unicode>
                    </TextEquiv>
                </Word>
                <Word id="tr_1_tl_46_w6" custom="readingOrder {index:5;}">
                    <Coords points="1351,3189 1351,3249 1425,3249 1425,3189"/>
                    <TextEquiv>
                        <Unicode>Zeit</Unicode>
                    </TextEquiv>
                </Word>
                <Word id="tr_1_tl_46_w7" custom="readingOrder {index:6;}">
                    <Coords points="1448,3190 1448,3250 1507,3250 1507,3190"/>
                    <TextEquiv>
                        <Unicode>der</Unicode>
                    </TextEquiv>
                </Word>
                <Word id="tr_1_tl_46_w8" custom="readingOrder {index:7;}">
                    <Coords points="1535,3189 1535,3249 1658,3249 1658,3189"/>
                    <TextEquiv>
                        <Unicode>„süßen</Unicode>
                    </TextEquiv>
                </Word>
                <Word id="tr_1_tl_46_w9" custom="readingOrder {index:8;}">
                    <Coords points="1691,3191 1691,3251 1831,3251 1831,3191"/>
                    <TextEquiv>
                        <Unicode>Mädel“</Unicode>
                    </TextEquiv>
                </Word>
                <Word id="tr_1_tl_46_w10" custom="readingOrder {index:9;}">
                    <Coords points="1854,3189 1854,3249 1869,3249 1869,3189"/>
                    <TextEquiv>
                        <Unicode>—</Unicode>
                    </TextEquiv>
                </Word>
                <Word id="tr_1_tl_46_w11" custom="readingOrder {index:10;}">
                    <Coords points="1918,3191 1918,3251 1966,3251 1966,3191"/>
                    <TextEquiv>
                        <Unicode>sie</Unicode>
                    </TextEquiv>
                </Word>
                <Word id="tr_1_tl_46_w12" custom="readingOrder {index:11;}">
                    <Coords points="1989,3192 1989,3252 2107,3252 2107,3192"/>
                    <TextEquiv>
                        <Unicode>hatten</Unicode>
                    </TextEquiv>
                </Word>
                <Word id="tr_1_tl_46_w13" custom="readingOrder {index:12;}">
                    <Coords points="2140,3194 2140,3254 2275,3254 2275,3194"/>
                    <TextEquiv>
                        <Unicode>Tränen</Unicode>
                    </TextEquiv>
                </Word>
                <TextEquiv>
                    <Unicode>aber wie weit war die Zeit der „süßen Mädel“ — sie hatten Tränen</Unicode>
                </TextEquiv>
            </TextLine>
            <TextLine id="tr_1_tl_47" custom="readingOrder {index:46;}">
                <Coords points="859,3284 2279,3293 2279,3247 2211,3241 859,3234"/>
                <Baseline points="868,3277 938,3277 1009,3277 1080,3279 1151,3279 1221,3277 1292,3280 1363,3280 1434,3280 1504,3280 1575,3280 1646,3280 1717,3280 1787,3280 1858,3280 1929,3280 2000,3283 2070,3283 2141,3283 2212,3283 2283,3283"/>
                <Word id="tr_1_tl_47_w1" custom="readingOrder {index:0;}">
                    <Coords points="865,3237 865,3297 891,3297 891,3237"/>
                    <TextEquiv>
                        <Unicode>in</Unicode>
                    </TextEquiv>
                </Word>
                <Word id="tr_1_tl_47_w2" custom="readingOrder {index:1;}">
                    <Coords points="924,3237 924,3297 983,3297 983,3237"/>
                    <TextEquiv>
                        <Unicode>den</Unicode>
                    </TextEquiv>
                </Word>
                <Word id="tr_1_tl_47_w3" custom="readingOrder {index:2;}">
                    <Coords points="1022,3239 1022,3299 1168,3299 1168,3239"/>
                    <TextEquiv>
                        <Unicode>Augen.</Unicode>
                    </TextEquiv>
                </Word>
                <Word id="tr_1_tl_47_w4" custom="readingOrder {index:3;}">
                    <Coords points="1191,3239 1191,3299 1348,3299 1348,3239"/>
                    <TextEquiv>
                        <Unicode>Weinten</Unicode>
                    </TextEquiv>
                </Word>
                <Word id="tr_1_tl_47_w5" custom="readingOrder {index:4;}">
                    <Coords points="1381,3240 1381,3300 1429,3300 1429,3240"/>
                    <TextEquiv>
                        <Unicode>sie</Unicode>
                    </TextEquiv>
                </Word>
                <Word id="tr_1_tl_47_w6" custom="readingOrder {index:5;}">
                    <Coords points="1457,3240 1457,3300 1494,3300 1494,3240"/>
                    <TextEquiv>
                        <Unicode>um</Unicode>
                    </TextEquiv>
                </Word>
                <Word id="tr_1_tl_47_w7" custom="readingOrder {index:6;}">
                    <Coords points="1538,3240 1538,3300 1636,3300 1636,3240"/>
                    <TextEquiv>
                        <Unicode>ihren</Unicode>
                    </TextEquiv>
                </Word>
                <Word id="tr_1_tl_47_w8" custom="readingOrder {index:7;}">
                    <Coords points="1669,3240 1669,3300 1820,3300 1820,3240"/>
                    <TextEquiv>
                        <Unicode>Dichter</Unicode>
                    </TextEquiv>
                </Word>
                <Word id="tr_1_tl_47_w9" custom="readingOrder {index:8;}">
                    <Coords points="1848,3240 1848,3300 1934,3300 1934,3240"/>
                    <TextEquiv>
                        <Unicode>oder</Unicode>
                    </TextEquiv>
                </Word>
                <Word id="tr_1_tl_47_w10" custom="readingOrder {index:9;}">
                    <Coords points="1962,3242 1962,3302 1999,3302 1999,3242"/>
                    <TextEquiv>
                        <Unicode>um</Unicode>
                    </TextEquiv>
                </Word>
                <Word id="tr_1_tl_47_w11" custom="readingOrder {index:10;}">
                    <Coords points="2043,3243 2043,3303 2114,3303 2114,3243"/>
                    <TextEquiv>
                        <Unicode>sich</Unicode>
                    </TextEquiv>
                </Word>
                <Word id="tr_1_tl_47_w12" custom="readingOrder {index:11;}">
                    <Coords points="2147,3243 2147,3303 2282,3303 2282,3243"/>
                    <TextEquiv>
                        <Unicode>selberi</Unicode>
                    </TextEquiv>
                </Word>
                <TextEquiv>
                    <Unicode>in den Augen. Weinten sie um ihren Dichter oder um sich selberi</Unicode>
                </TextEquiv>
            </TextLine>
            <TextLine id="tr_1_tl_48" custom="readingOrder {index:47;}">
                <Coords points="868,3341 2291,3345 2275,3290 868,3286"/>
                <Baseline points="877,3327 947,3327 1018,3327 1089,3327 1160,3327 1231,3327 1302,3328 1373,3327 1444,3330 1515,3330 1586,3330 1656,3330 1727,3330 1798,3330 1869,3330 1940,3330 2011,3330 2082,3330 2153,3330 2224,3333 2295,3330"/>
                <Word id="tr_1_tl_48_w1" custom="readingOrder {index:0;}">
                    <Coords points="868,3287 868,3347 934,3347 934,3287"/>
                    <TextEquiv>
                        <Unicode>Die</Unicode>
                    </TextEquiv>
                </Word>
                <Word id="tr_1_tl_48_w2" custom="readingOrder {index:1;}">
                    <Coords points="960,3287 960,3347 1135,3347 1135,3287"/>
                    <TextEquiv>
                        <Unicode>Männer,</Unicode>
                    </TextEquiv>
                </Word>
                <Word id="tr_1_tl_48_w3" custom="readingOrder {index:2;}">
                    <Coords points="1151,3287 1151,3347 1197,3347 1197,3287"/>
                    <TextEquiv>
                        <Unicode>sie</Unicode>
                    </TextEquiv>
                </Word>
                <Word id="tr_1_tl_48_w4" custom="readingOrder {index:3;}">
                    <Coords points="1228,3287 1228,3347 1341,3347 1341,3287"/>
                    <TextEquiv>
                        <Unicode>waren</Unicode>
                    </TextEquiv>
                </Word>
                <Word id="tr_1_tl_48_w5" custom="readingOrder {index:4;}">
                    <Coords points="1378,3290 1378,3350 1511,3350 1511,3290"/>
                    <TextEquiv>
                        <Unicode>einmal</Unicode>
                    </TextEquiv>
                </Word>
                <Word id="tr_1_tl_48_w6" custom="readingOrder {index:5;}">
                    <Coords points="1538,3290 1538,3350 1686,3350 1686,3290"/>
                    <TextEquiv>
                        <Unicode>Anatols</Unicode>
                    </TextEquiv>
                </Word>
                <Word id="tr_1_tl_48_w7" custom="readingOrder {index:6;}">
                    <Coords points="1712,3290 1712,3350 1872,3350 1872,3290"/>
                    <TextEquiv>
                        <Unicode>gewesen</Unicode>
                    </TextEquiv>
                </Word>
                <Word id="tr_1_tl_48_w8" custom="readingOrder {index:7;}">
                    <Coords points="1904,3290 1904,3350 1918,3350 1918,3290"/>
                    <TextEquiv>
                        <Unicode>—</Unicode>
                    </TextEquiv>
                </Word>
                <Word id="tr_1_tl_48_w9" custom="readingOrder {index:8;}">
                    <Coords points="1970,3290 1970,3350 2062,3350 2062,3290"/>
                    <TextEquiv>
                        <Unicode>jetzt</Unicode>
                    </TextEquiv>
                </Word>
                <Word id="tr_1_tl_48_w10" custom="readingOrder {index:9;}">
                    <Coords points="2089,3290 2089,3350 2201,3350 2201,3290"/>
                    <TextEquiv>
                        <Unicode>waren</Unicode>
                    </TextEquiv>
                </Word>
                <Word id="tr_1_tl_48_w11" custom="readingOrder {index:10;}">
                    <Coords points="2238,3291 2238,3351 2279,3351 2279,3291"/>
                    <TextEquiv>
                        <Unicode>sie</Unicode>
                    </TextEquiv>
                </Word>
                <TextEquiv>
                    <Unicode>Die Männer, sie waren einmal Anatols gewesen — jetzt waren sie</Unicode>
                </TextEquiv>
            </TextLine>
            <TextLine id="tr_1_tl_49" custom="readingOrder {index:48;}">
                <Coords points="859,3375 2293,3391 2293,3352 2161,3338 859,3349"/>
                <Baseline points="868,3372 939,3375 1011,3376 1082,3378 1154,3378 1225,3378 1297,3378 1368,3378 1440,3378 1511,3378 1583,3381 1654,3378 1726,3378 1797,3380 1869,3381 1940,3381 2012,3381 2083,3381 2155,3381 2226,3381 2298,3381"/>
                <Word id="tr_1_tl_49_w1" custom="readingOrder {index:0;}">
                    <Coords points="864,3334 864,3394 991,3394 991,3334"/>
                    <TextEquiv>
                        <Unicode>müde,</Unicode>
                    </TextEquiv>
                </Word>
                <Word id="tr_1_tl_49_w2" custom="readingOrder {index:1;}">
                    <Coords points="1018,3338 1018,3398 1256,3398 1256,3338"/>
                    <TextEquiv>
                        <Unicode>verbraucht,</Unicode>
                    </TextEquiv>
                </Word>
                <Word id="tr_1_tl_49_w3" custom="readingOrder {index:2;}">
                    <Coords points="1283,3338 1283,3398 1352,3398 1352,3338"/>
                    <TextEquiv>
                        <Unicode>und</Unicode>
                    </TextEquiv>
                </Word>
                <Word id="tr_1_tl_49_w4" custom="readingOrder {index:3;}">
                    <Coords points="1384,3338 1384,3398 1463,3398 1463,3338"/>
                    <TextEquiv>
                        <Unicode>ihre</Unicode>
                    </TextEquiv>
                </Word>
                <Word id="tr_1_tl_49_w5" custom="readingOrder {index:4;}">
                    <Coords points="1495,3340 1495,3400 1675,3400 1675,3340"/>
                    <TextEquiv>
                        <Unicode>gelbliche</Unicode>
                    </TextEquiv>
                </Word>
                <Word id="tr_1_tl_49_w6" custom="readingOrder {index:5;}">
                    <Coords points="1708,3338 1708,3398 1813,3398 1813,3338"/>
                    <TextEquiv>
                        <Unicode>Haut</Unicode>
                    </TextEquiv>
                </Word>
                <Word id="tr_1_tl_49_w7" custom="readingOrder {index:6;}">
                    <Coords points="1841,3341 1841,3401 2020,3401 2020,3341"/>
                    <TextEquiv>
                        <Unicode>erinnerte</Unicode>
                    </TextEquiv>
                </Word>
                <Word id="tr_1_tl_49_w8" custom="readingOrder {index:7;}">
                    <Coords points="2058,3341 2058,3401 2095,3401 2095,3341"/>
                    <TextEquiv>
                        <Unicode>an</Unicode>
                    </TextEquiv>
                </Word>
                <Word id="tr_1_tl_49_w9" custom="readingOrder {index:8;}">
                    <Coords points="2132,3341 2132,3401 2190,3401 2190,3341"/>
                    <TextEquiv>
                        <Unicode>die</Unicode>
                    </TextEquiv>
                </Word>
                <Word id="tr_1_tl_49_w10" custom="readingOrder {index:9;}">
                    <Coords points="2222,3341 2222,3401 2285,3401 2285,3341"/>
                    <TextEquiv>
                        <Unicode>des</Unicode>
                    </TextEquiv>
                </Word>
                <TextEquiv>
                    <Unicode>müde, verbraucht, und ihre gelbliche Haut erinnerte an die des</Unicode>
                </TextEquiv>
            </TextLine>
            <TextLine id="tr_1_tl_50" custom="readingOrder {index:49;}">
                <Coords points="868,3442 2291,3459 2291,3404 2206,3388 868,3384"/>
                <Baseline points="877,3426 947,3426 1018,3426 1089,3426 1160,3427 1231,3426 1302,3426 1373,3426 1444,3428 1515,3429 1586,3429 1656,3429 1727,3429 1798,3429 1869,3429 1940,3429 2011,3429 2082,3432 2153,3432 2224,3432 2295,3435"/>
                <Word id="tr_1_tl_50_w1" custom="readingOrder {index:0;}">
                    <Coords points="868,3386 868,3446 997,3446 997,3386"/>
                    <TextEquiv>
                        <Unicode>Toten,</Unicode>
                    </TextEquiv>
                </Word>
                <Word id="tr_1_tl_50_w2" custom="readingOrder {index:1;}">
                    <Coords points="1014,3386 1014,3446 1062,3446 1062,3386"/>
                    <TextEquiv>
                        <Unicode>als</Unicode>
                    </TextEquiv>
                </Word>
                <Word id="tr_1_tl_50_w3" custom="readingOrder {index:2;}">
                    <Coords points="1090,3386 1090,3446 1175,3446 1175,3386"/>
                    <TextEquiv>
                        <Unicode>seien</Unicode>
                    </TextEquiv>
                </Word>
                <Word id="tr_1_tl_50_w4" custom="readingOrder {index:3;}">
                    <Coords points="1208,3386 1208,3446 1251,3446 1251,3386"/>
                    <TextEquiv>
                        <Unicode>sie</Unicode>
                    </TextEquiv>
                </Word>
                <Word id="tr_1_tl_50_w5" custom="readingOrder {index:4;}">
                    <Coords points="1278,3386 1278,3446 1392,3446 1392,3386"/>
                    <TextEquiv>
                        <Unicode>selber</Unicode>
                    </TextEquiv>
                </Word>
                <Word id="tr_1_tl_50_w6" custom="readingOrder {index:5;}">
                    <Coords points="1414,3388 1414,3448 1478,3448 1478,3388"/>
                    <TextEquiv>
                        <Unicode>und</Unicode>
                    </TextEquiv>
                </Word>
                <Word id="tr_1_tl_50_w7" custom="readingOrder {index:6;}">
                    <Coords points="1506,3389 1506,3449 1581,3449 1581,3389"/>
                    <TextEquiv>
                        <Unicode>ihre</Unicode>
                    </TextEquiv>
                </Word>
                <Word id="tr_1_tl_50_w8" custom="readingOrder {index:7;}">
                    <Coords points="1608,3389 1608,3449 1683,3449 1683,3389"/>
                    <TextEquiv>
                        <Unicode>Zeit</Unicode>
                    </TextEquiv>
                </Word>
                <Word id="tr_1_tl_50_w9" custom="readingOrder {index:8;}">
                    <Coords points="1705,3389 1705,3449 1770,3449 1770,3389"/>
                    <TextEquiv>
                        <Unicode>mit</Unicode>
                    </TextEquiv>
                </Word>
                <Word id="tr_1_tl_50_w10" custom="readingOrder {index:9;}">
                    <Coords points="1792,3389 1792,3449 1846,3449 1846,3389"/>
                    <TextEquiv>
                        <Unicode>ihm</Unicode>
                    </TextEquiv>
                </Word>
                <Word id="tr_1_tl_50_w11" custom="readingOrder {index:10;}">
                    <Coords points="1884,3389 1884,3449 1938,3449 1938,3389"/>
                    <TextEquiv>
                        <Unicode>ins</Unicode>
                    </TextEquiv>
                </Word>
                <Word id="tr_1_tl_50_w12" custom="readingOrder {index:11;}">
                    <Coords points="1960,3389 1960,3449 2056,3449 2056,3389"/>
                    <TextEquiv>
                        <Unicode>Grab</Unicode>
                    </TextEquiv>
                </Word>
                <Word id="tr_1_tl_50_w13" custom="readingOrder {index:12;}">
                    <Coords points="2084,3392 2084,3452 2288,3452 2288,3392"/>
                    <TextEquiv>
                        <Unicode>gesunken.</Unicode>
                    </TextEquiv>
                </Word>
                <TextEquiv>
                    <Unicode>Toten, als seien sie selber und ihre Zeit mit ihm ins Grab gesunken.</Unicode>
                </TextEquiv>
            </TextLine>
            <TextLine id="tr_1_tl_51" custom="readingOrder {index:50;}">
                <Coords points="860,3583 894,3583 914,3601 923,3597 936,3603 946,3594 961,3595 959,3513 950,3513 928,3526 893,3511 859,3522"/>
                <Baseline points="868,3572 900,3572 932,3572 964,3575"/>
                <Word id="tr_1_tl_51_w1" custom="readingOrder {index:0;}">
                    <Coords points="864,3532 864,3592 943,3592 943,3532"/>
                    <TextEquiv>
                        <Unicode>1708</Unicode>
                    </TextEquiv>
                </Word>
                <TextEquiv>
                    <Unicode>1708</Unicode>
                </TextEquiv>
            </TextLine>
            <TextEquiv>
                <Unicode></Unicode>
            </TextEquiv>
        </TextRegion>
        <TextRegion orientation="0.0" id="tr_2" custom="readingOrder {index:1;}">
            <Coords points="2569,1127 2569,3444 2903,3444 2903,1127"/>
            <TextLine id="tr_2_tl_1" custom="readingOrder {index:0;}">
                <Coords points="2635,1172 2701,1159 2715,1173 2740,1172 2755,1161 2787,1168 2808,1159 2832,1168 2860,1163 2862,1111 2805,1111 2792,1120 2735,1105 2696,1080 2665,1097 2637,1089"/>
                <Baseline points="2644,1152 2671,1152 2699,1151 2726,1149 2754,1149 2782,1149 2809,1149 2837,1149 2865,1149"/>
                <Word id="tr_2_tl_1_w1" custom="readingOrder {index:0;}">
                    <Coords points="2636,1112 2636,1172 2702,1172 2702,1112"/>
                    <TextEquiv>
                        <Unicode>Mit</Unicode>
                    </TextEquiv>
                </Word>
                <Word id="tr_2_tl_1_w2" custom="readingOrder {index:1;}">
                    <Coords points="2731,1109 2731,1169 2826,1169 2826,1109"/>
                    <TextEquiv>
                        <Unicode>einem</Unicode>
                    </TextEquiv>
                </Word>
                <TextEquiv>
                    <Unicode>Mit einem</Unicode>
                </TextEquiv>
            </TextLine>
            <TextLine id="tr_2_tl_2" custom="readingOrder {index:1;}">
                <Coords points="2561,1218 2595,1211 2646,1222 2712,1207 2753,1224 2771,1213 2819,1207 2841,1220 2876,1207 2876,1163 2808,1175 2783,1163 2753,1177 2719,1175 2701,1159 2642,1172 2615,1152 2561,1143"/>
                <Baseline points="2572,1202 2597,1202 2623,1200 2649,1197 2674,1196 2700,1196 2726,1198 2751,1199 2777,1199 2803,1199 2828,1199 2854,1199 2880,1199"/>
                <Word id="tr_2_tl_2_w1" custom="readingOrder {index:0;}">
                    <Coords points="2566,1156 2566,1216 2766,1216 2766,1156"/>
                    <TextEquiv>
                        <Unicode>Gewesene</Unicode>
                    </TextEquiv>
                </Word>
                <Word id="tr_2_tl_2_w2" custom="readingOrder {index:1;}">
                    <Coords points="2803,1159 2803,1219 2879,1219 2879,1159"/>
                    <TextEquiv>
                        <Unicode>spie</Unicode>
                    </TextEquiv>
                </Word>
                <TextEquiv>
                    <Unicode>Gewesene spie</Unicode>
                </TextEquiv>
            </TextLine>
            <TextLine id="tr_2_tl_3" custom="readingOrder {index:2;}">
                <Coords points="2560,1261 2647,1270 2683,1256 2730,1270 2753,1257 2780,1270 2805,1257 2880,1263 2880,1209 2833,1220 2803,1207 2760,1225 2731,1224 2712,1207 2678,1218 2656,1211 2646,1222 2560,1216"/>
                <Baseline points="2569,1250 2595,1252 2621,1253 2647,1251 2673,1249 2699,1247 2726,1247 2752,1247 2778,1249 2804,1249 2830,1248 2856,1247 2883,1247"/>
                <Word id="tr_2_tl_3_w1" custom="readingOrder {index:0;}">
                    <Coords points="2566,1208 2566,1268 2781,1268 2781,1208"/>
                    <TextEquiv>
                        <Unicode>Käuzchen,</Unicode>
                    </TextEquiv>
                </Word>
                <Word id="tr_2_tl_3_w2" custom="readingOrder {index:1;}">
                    <Coords points="2804,1207 2804,1267 2882,1267 2882,1207"/>
                    <TextEquiv>
                        <Unicode>hell</Unicode>
                    </TextEquiv>
                </Word>
                <TextEquiv>
                    <Unicode>Käuzchen, hell</Unicode>
                </TextEquiv>
            </TextLine>
            <TextLine id="tr_2_tl_4" custom="readingOrder {index:3;}">
                <Coords points="2565,1313 2644,1306 2703,1322 2765,1295 2796,1311 2869,1306 2869,1275 2842,1263 2782,1275 2753,1257 2728,1272 2674,1259 2651,1274 2633,1261 2617,1270 2565,1261"/>
                <Baseline points="2575,1298 2602,1301 2629,1299 2656,1298 2683,1298 2710,1297 2738,1295 2765,1295 2792,1295 2819,1295 2846,1295 2874,1295"/>
                <Word id="tr_2_tl_4_w1" custom="readingOrder {index:0;}">
                    <Coords points="2566,1258 2566,1318 2749,1318 2749,1258"/>
                    <TextEquiv>
                        <Unicode>Friedhof</Unicode>
                    </TextEquiv>
                </Word>
                <Word id="tr_2_tl_4_w2" custom="readingOrder {index:1;}">
                    <Coords points="2783,1255 2783,1315 2844,1315 2844,1255"/>
                    <TextEquiv>
                        <Unicode>aus</Unicode>
                    </TextEquiv>
                </Word>
                <TextEquiv>
                    <Unicode>Friedhof aus</Unicode>
                </TextEquiv>
            </TextLine>
            <TextLine id="tr_2_tl_5" custom="readingOrder {index:4;}">
                <Coords points="2561,1359 2622,1359 2640,1372 2669,1356 2724,1367 2774,1354 2798,1370 2873,1359 2873,1304 2815,1318 2773,1311 2755,1329 2739,1317 2628,1324 2599,1308 2561,1313"/>
                <Baseline points="2572,1346 2597,1348 2622,1349 2648,1349 2673,1348 2699,1347 2724,1346 2749,1346 2775,1346 2800,1346 2826,1346 2851,1346 2877,1346"/>
                <Word id="tr_2_tl_5_w1" custom="readingOrder {index:0;}">
                    <Coords points="2567,1308 2567,1368 2629,1368 2629,1308"/>
                    <TextEquiv>
                        <Unicode>flog</Unicode>
                    </TextEquiv>
                </Word>
                <Word id="tr_2_tl_5_w2" custom="readingOrder {index:1;}">
                    <Coords points="2663,1307 2663,1367 2730,1367 2730,1307"/>
                    <TextEquiv>
                        <Unicode>nun</Unicode>
                    </TextEquiv>
                </Word>
                <Word id="tr_2_tl_5_w3" custom="readingOrder {index:2;}">
                    <Coords points="2764,1306 2764,1366 2871,1366 2871,1306"/>
                    <TextEquiv>
                        <Unicode>tagbl</Unicode>
                    </TextEquiv>
                </Word>
                <TextEquiv>
                    <Unicode>flog nun tagbl</Unicode>
                </TextEquiv>
            </TextLine>
            <TextLine id="tr_2_tl_6" custom="readingOrder {index:5;}">
                <Coords points="2563,1406 2706,1415 2753,1401 2799,1417 2885,1401 2885,1376 2830,1363 2794,1370 2773,1354 2651,1374 2626,1361 2603,1374 2565,1365"/>
                <Baseline points="2575,1396 2601,1396 2627,1396 2653,1396 2679,1395 2705,1393 2732,1393 2758,1393 2784,1393 2810,1393 2836,1393 2862,1393 2889,1393"/>
                <Word id="tr_2_tl_6_w1" custom="readingOrder {index:0;}">
                    <Coords points="2566,1355 2566,1415 2774,1415 2774,1355"/>
                    <TextEquiv>
                        <Unicode>seinerseits</Unicode>
                    </TextEquiv>
                </Word>
                <Word id="tr_2_tl_6_w2" custom="readingOrder {index:1;}">
                    <Coords points="2797,1353 2797,1413 2857,1413 2857,1353"/>
                    <TextEquiv>
                        <Unicode>von</Unicode>
                    </TextEquiv>
                </Word>
                <TextEquiv>
                    <Unicode>seinerseits von</Unicode>
                </TextEquiv>
            </TextLine>
            <TextLine id="tr_2_tl_7" custom="readingOrder {index:6;}">
                <Coords points="2565,1479 2660,1454 2708,1465 2783,1454 2805,1467 2857,1458 2876,1469 2876,1406 2848,1402 2808,1422 2758,1402 2680,1420 2656,1408 2565,1404"/>
                <Baseline points="2575,1447 2600,1447 2625,1446 2651,1444 2676,1444 2702,1444 2727,1444 2752,1444 2778,1444 2803,1443 2829,1441 2854,1442 2880,1444"/>
                <Word id="tr_2_tl_7_w1" custom="readingOrder {index:0;}">
                    <Coords points="2566,1406 2566,1466 2641,1466 2641,1406"/>
                    <TextEquiv>
                        <Unicode>rief</Unicode>
                    </TextEquiv>
                </Word>
                <Word id="tr_2_tl_7_w2" custom="readingOrder {index:1;}">
                    <Coords points="2670,1404 2670,1464 2705,1464 2705,1404"/>
                    <TextEquiv>
                        <Unicode>es</Unicode>
                    </TextEquiv>
                </Word>
                <Word id="tr_2_tl_7_w3" custom="readingOrder {index:2;}">
                    <Coords points="2740,1404 2740,1464 2797,1464 2797,1404"/>
                    <TextEquiv>
                        <Unicode>den</Unicode>
                    </TextEquiv>
                </Word>
                <Word id="tr_2_tl_7_w4" custom="readingOrder {index:3;}">
                    <Coords points="2839,1401 2839,1461 2855,1461 2855,1401"/>
                    <TextEquiv>
                        <Unicode>G</Unicode>
                    </TextEquiv>
                </Word>
                <TextEquiv>
                    <Unicode>rief es den G</Unicode>
                </TextEquiv>
            </TextLine>
            <TextLine id="tr_2_tl_8" custom="readingOrder {index:7;}">
                <Coords points="2640,1513 2669,1515 2681,1524 2692,1519 2703,1529 2739,1513 2776,1526 2796,1510 2808,1517 2828,1515 2828,1476 2808,1476 2785,1458 2755,1452 2739,1463 2710,1465 2697,1454 2680,1461 2663,1454 2640,1458"/>
                <Baseline points="2650,1504 2676,1504 2702,1504 2728,1504 2754,1504 2780,1504 2806,1504 2832,1504"/>
                <Word id="tr_2_tl_8_w1" custom="readingOrder {index:0;}">
                    <Coords points="2641,1464 2641,1524 2682,1524 2682,1464"/>
                    <TextEquiv>
                        <Unicode>Es</Unicode>
                    </TextEquiv>
                </Word>
                <Word id="tr_2_tl_8_w2" custom="readingOrder {index:1;}">
                    <Coords points="2707,1464 2707,1524 2825,1524 2825,1464"/>
                    <TextEquiv>
                        <Unicode>flatter</Unicode>
                    </TextEquiv>
                </Word>
                <TextEquiv>
                    <Unicode>Es flatter</Unicode>
                </TextEquiv>
            </TextLine>
            <TextLine id="tr_2_tl_9" custom="readingOrder {index:8;}">
                <Coords points="2565,1569 2655,1563 2676,1578 2701,1562 2751,1571 2776,1558 2835,1565 2851,1562 2853,1528 2798,1511 2780,1524 2728,1515 2687,1533 2663,1515 2629,1531 2567,1531"/>
                <Baseline points="2575,1554 2600,1554 2626,1554 2651,1554 2677,1554 2702,1554 2728,1553 2753,1551 2779,1551 2804,1551 2830,1553 2856,1554"/>
                <Word id="tr_2_tl_9_w1" custom="readingOrder {index:0;}">
                    <Coords points="2569,1514 2569,1574 2653,1574 2653,1514"/>
                    <TextEquiv>
                        <Unicode>noch</Unicode>
                    </TextEquiv>
                </Word>
                <Word id="tr_2_tl_9_w2" custom="readingOrder {index:1;}">
                    <Coords points="2683,1513 2683,1573 2723,1573 2723,1513"/>
                    <TextEquiv>
                        <Unicode>zu</Unicode>
                    </TextEquiv>
                </Word>
                <Word id="tr_2_tl_9_w3" custom="readingOrder {index:2;}">
                    <Coords points="2748,1511 2748,1571 2851,1571 2851,1511"/>
                    <TextEquiv>
                        <Unicode>seher</Unicode>
                    </TextEquiv>
                </Word>
                <TextEquiv>
                    <Unicode>noch zu seher</Unicode>
                </TextEquiv>
            </TextLine>
            <TextLine id="tr_2_tl_10" custom="readingOrder {index:9;}">
                <Coords points="2572,1615 2674,1624 2730,1613 2746,1628 2764,1615 2792,1628 2814,1612 2875,1615 2876,1565 2860,1572 2776,1558 2742,1572 2692,1563 2672,1576 2638,1562 2606,1581 2574,1579"/>
                <Baseline points="2584,1605 2610,1605 2637,1603 2664,1602 2691,1602 2718,1601 2745,1599 2772,1599 2799,1600 2826,1601 2853,1602 2880,1602"/>
                <Word id="tr_2_tl_10_w1" custom="readingOrder {index:0;}">
                    <Coords points="2580,1564 2580,1624 2646,1624 2646,1564"/>
                    <TextEquiv>
                        <Unicode>und</Unicode>
                    </TextEquiv>
                </Word>
                <Word id="tr_2_tl_10_w2" custom="readingOrder {index:1;}">
                    <Coords points="2683,1561 2683,1621 2738,1621 2738,1561"/>
                    <TextEquiv>
                        <Unicode>die</Unicode>
                    </TextEquiv>
                </Word>
                <Word id="tr_2_tl_10_w3" custom="readingOrder {index:2;}">
                    <Coords points="2769,1560 2769,1620 2872,1620 2872,1560"/>
                    <TextEquiv>
                        <Unicode>Elekt</Unicode>
                    </TextEquiv>
                </Word>
                <TextEquiv>
                    <Unicode>und die Elekt</Unicode>
                </TextEquiv>
            </TextLine>
            <TextLine id="tr_2_tl_11" custom="readingOrder {index:10;}">
                <Coords points="2569,1662 2595,1674 2692,1660 2722,1669 2733,1660 2855,1667 2855,1612 2760,1628 2717,1617 2696,1628 2595,1612 2569,1619"/>
                <Baseline points="2578,1653 2603,1653 2629,1653 2654,1653 2680,1653 2705,1653 2731,1653 2756,1653 2782,1653 2807,1653 2833,1652 2859,1650"/>
                <Word id="tr_2_tl_11_w1" custom="readingOrder {index:0;}">
                    <Coords points="2569,1613 2569,1673 2721,1673 2721,1613"/>
                    <TextEquiv>
                        <Unicode>fahren,</Unicode>
                    </TextEquiv>
                </Word>
                <Word id="tr_2_tl_11_w2" custom="readingOrder {index:1;}">
                    <Coords points="2743,1613 2743,1673 2779,1673 2779,1613"/>
                    <TextEquiv>
                        <Unicode>um</Unicode>
                    </TextEquiv>
                </Word>
                <Word id="tr_2_tl_11_w3" custom="readingOrder {index:2;}">
                    <Coords points="2827,1611 2827,1671 2842,1671 2842,1611"/>
                    <TextEquiv>
                        <Unicode>n</Unicode>
                    </TextEquiv>
                </Word>
                <TextEquiv>
                    <Unicode>fahren, um n</Unicode>
                </TextEquiv>
            </TextLine>
            <TextLine id="tr_2_tl_12" custom="readingOrder {index:11;}">
                <Coords points="2574,1714 2612,1708 2658,1726 2717,1708 2749,1717 2773,1710 2790,1721 2817,1706 2851,1717 2876,1710 2876,1664 2841,1672 2706,1660 2655,1676 2574,1676"/>
                <Baseline points="2584,1701 2610,1701 2637,1701 2664,1701 2691,1701 2718,1701 2745,1701 2772,1701 2799,1701 2826,1701 2853,1701 2880,1701"/>
                <Word id="tr_2_tl_12_w1" custom="readingOrder {index:0;}">
                    <Coords points="2574,1661 2574,1721 2664,1721 2664,1661"/>
                    <TextEquiv>
                        <Unicode>neue</Unicode>
                    </TextEquiv>
                </Word>
                <Word id="tr_2_tl_12_w2" custom="readingOrder {index:1;}">
                    <Coords points="2697,1661 2697,1721 2868,1721 2868,1661"/>
                    <TextEquiv>
                        <Unicode>Morituri</Unicode>
                    </TextEquiv>
                </Word>
                <TextEquiv>
                    <Unicode>neue Morituri</Unicode>
                </TextEquiv>
            </TextLine>
            <TextLine id="tr_2_tl_13" custom="readingOrder {index:12;}">
                <Coords points="2578,1765 2613,1760 2678,1773 2692,1758 2730,1758 2760,1773 2803,1751 2821,1762 2858,1758 2858,1715 2817,1705 2790,1719 2749,1710 2735,1717 2722,1706 2697,1726 2687,1717 2642,1726 2612,1708 2578,1714"/>
                <Baseline points="2587,1748 2612,1750 2637,1751 2662,1749 2687,1748 2712,1748 2737,1748 2762,1748 2787,1748 2812,1748 2837,1750 2862,1751"/>
                <Word id="tr_2_tl_13_w1" custom="readingOrder {index:0;}">
                    <Coords points="2579,1710 2579,1770 2673,1770 2673,1710"/>
                    <TextEquiv>
                        <Unicode>Über</Unicode>
                    </TextEquiv>
                </Word>
                <Word id="tr_2_tl_13_w2" custom="readingOrder {index:1;}">
                    <Coords points="2703,1708 2703,1768 2760,1768 2760,1708"/>
                    <TextEquiv>
                        <Unicode>dem</Unicode>
                    </TextEquiv>
                </Word>
                <Word id="tr_2_tl_13_w3" custom="readingOrder {index:2;}">
                    <Coords points="2803,1709 2803,1769 2854,1769 2854,1709"/>
                    <TextEquiv>
                        <Unicode>Gr</Unicode>
                    </TextEquiv>
                </Word>
                <TextEquiv>
                    <Unicode>Über dem Gr</Unicode>
                </TextEquiv>
            </TextLine>
            <TextLine id="tr_2_tl_14" custom="readingOrder {index:13;}">
                <Coords points="2565,1812 2669,1817 2681,1808 2697,1826 2755,1839 2810,1814 2878,1808 2878,1769 2857,1773 2835,1758 2789,1774 2740,1760 2681,1778 2613,1760 2565,1774"/>
                <Baseline points="2575,1802 2600,1802 2626,1802 2652,1802 2677,1802 2703,1802 2729,1800 2754,1799 2780,1799 2806,1799 2831,1799 2857,1799 2883,1799"/>
                <Word id="tr_2_tl_14_w1" custom="readingOrder {index:0;}">
                    <Coords points="2572,1762 2572,1822 2696,1822 2696,1762"/>
                    <TextEquiv>
                        <Unicode>alten,</Unicode>
                    </TextEquiv>
                </Word>
                <Word id="tr_2_tl_14_w2" custom="readingOrder {index:1;}">
                    <Coords points="2715,1759 2715,1819 2868,1819 2868,1759"/>
                    <TextEquiv>
                        <Unicode>barocke</Unicode>
                    </TextEquiv>
                </Word>
                <TextEquiv>
                    <Unicode>alten, barocke</Unicode>
                </TextEquiv>
            </TextLine>
            <TextLine id="tr_2_tl_15" custom="readingOrder {index:14;}">
                <Coords points="2565,1944 2588,1941 2606,1955 2694,1937 2731,1952 2790,1939 2828,1952 2860,1944 2860,1894 2565,1880"/>
                <Baseline points="2575,1931 2601,1931 2627,1931 2654,1929 2680,1928 2706,1928 2733,1928 2759,1928 2785,1928 2812,1929 2838,1931 2865,1931"/>
                <Word id="tr_2_tl_15_w1" custom="readingOrder {index:0;}">
                    <Coords points="2573,1888 2573,1948 2743,1948 2743,1888"/>
                    <TextEquiv>
                        <Unicode>LUDWIG</Unicode>
                    </TextEquiv>
                </Word>
                <Word id="tr_2_tl_15_w2" custom="readingOrder {index:1;}">
                    <Coords points="2781,1889 2781,1949 2862,1949 2862,1889"/>
                    <TextEquiv>
                        <Unicode>MAI</Unicode>
                    </TextEquiv>
                </Word>
                <TextEquiv>
                    <Unicode>LUDWIG MAI</Unicode>
                </TextEquiv>
            </TextLine>
            <TextLine id="tr_2_tl_16" custom="readingOrder {index:15;}">
                <Coords points="2626,2313 2676,2297 2688,2306 2782,2295 2860,2302 2860,2241 2824,2243 2799,2257 2735,2234 2676,2252 2626,2248"/>
                <Baseline points="2635,2289 2660,2289 2686,2289 2711,2289 2737,2289 2762,2289 2788,2289 2813,2289 2839,2289 2865,2289"/>
                <Word id="tr_2_tl_16_w1" custom="readingOrder {index:0;}">
                    <Coords points="2633,2249 2633,2309 2709,2309 2709,2249"/>
                    <TextEquiv>
                        <Unicode>Was</Unicode>
                    </TextEquiv>
                </Word>
                <Word id="tr_2_tl_16_w2" custom="readingOrder {index:1;}">
                    <Coords points="2740,2249 2740,2309 2839,2309 2839,2249"/>
                    <TextEquiv>
                        <Unicode>trenn</Unicode>
                    </TextEquiv>
                </Word>
                <TextEquiv>
                    <Unicode>Was trenn</Unicode>
                </TextEquiv>
            </TextLine>
            <TextLine id="tr_2_tl_17" custom="readingOrder {index:16;}">
                <Coords points="2587,2363 2622,2367 2658,2350 2687,2363 2733,2340 2782,2358 2807,2350 2824,2359 2858,2336 2873,2341 2873,2316 2841,2315 2819,2300 2644,2304 2588,2272"/>
                <Baseline points="2596,2336 2621,2338 2647,2339 2672,2339 2698,2339 2723,2339 2749,2338 2774,2336 2800,2336 2825,2336 2851,2336 2877,2336"/>
                <Word id="tr_2_tl_17_w1" custom="readingOrder {index:0;}">
                    <Coords points="2589,2299 2589,2359 2719,2359 2719,2299"/>
                    <TextEquiv>
                        <Unicode>Front?</Unicode>
                    </TextEquiv>
                </Word>
                <Word id="tr_2_tl_17_w2" custom="readingOrder {index:1;}">
                    <Coords points="2751,2296 2751,2356 2832,2356 2832,2296"/>
                    <TextEquiv>
                        <Unicode>War</Unicode>
                    </TextEquiv>
                </Word>
                <TextEquiv>
                    <Unicode>Front? War</Unicode>
                </TextEquiv>
            </TextLine>
            <TextLine id="tr_2_tl_18" custom="readingOrder {index:17;}">
                <Coords points="2583,2395 2688,2411 2758,2393 2780,2404 2844,2392 2882,2401 2882,2345 2857,2338 2823,2359 2794,2352 2756,2368 2706,2350 2672,2367 2640,2354 2622,2367 2583,2363"/>
                <Baseline points="2593,2384 2619,2386 2646,2388 2672,2389 2699,2389 2726,2387 2752,2387 2779,2387 2806,2387 2832,2387 2859,2387 2886,2387"/>
                <Word id="tr_2_tl_18_w1" custom="readingOrder {index:0;}">
                    <Coords points="2583,2345 2583,2405 2649,2405 2649,2345"/>
                    <TextEquiv>
                        <Unicode>wie</Unicode>
                    </TextEquiv>
                </Word>
                <Word id="tr_2_tl_18_w2" custom="readingOrder {index:1;}">
                    <Coords points="2682,2348 2682,2408 2736,2408 2736,2348"/>
                    <TextEquiv>
                        <Unicode>die</Unicode>
                    </TextEquiv>
                </Word>
                <Word id="tr_2_tl_18_w3" custom="readingOrder {index:2;}">
                    <Coords points="2770,2347 2770,2407 2808,2407 2808,2347"/>
                    <TextEquiv>
                        <Unicode>um</Unicode>
                    </TextEquiv>
                </Word>
                <Word id="tr_2_tl_18_w4" custom="readingOrder {index:3;}">
                    <Coords points="2853,2347 2853,2407 2874,2407 2874,2347"/>
                    <TextEquiv>
                        <Unicode>B</Unicode>
                    </TextEquiv>
                </Word>
                <TextEquiv>
                    <Unicode>wie die um B</Unicode>
                </TextEquiv>
            </TextLine>
            <TextLine id="tr_2_tl_19" custom="readingOrder {index:18;}">
                <Coords points="2581,2456 2640,2449 2658,2461 2715,2458 2735,2443 2758,2452 2860,2449 2860,2395 2776,2408 2760,2393 2674,2411 2647,2399 2583,2399"/>
                <Baseline points="2593,2438 2620,2440 2647,2440 2674,2439 2701,2438 2729,2438 2756,2436 2783,2435 2810,2435 2837,2436 2865,2438"/>
                <Word id="tr_2_tl_19_w1" custom="readingOrder {index:0;}">
                    <Coords points="2583,2399 2583,2459 2719,2459 2719,2399"/>
                    <TextEquiv>
                        <Unicode>Front?</Unicode>
                    </TextEquiv>
                </Word>
                <Word id="tr_2_tl_19_w2" custom="readingOrder {index:1;}">
                    <Coords points="2739,2395 2739,2455 2800,2455 2800,2395"/>
                    <TextEquiv>
                        <Unicode>Bei</Unicode>
                    </TextEquiv>
                </Word>
                <Word id="tr_2_tl_19_w3" custom="readingOrder {index:2;}">
                    <Coords points="2820,2395 2820,2455 2838,2455 2838,2395"/>
                    <TextEquiv>
                        <Unicode>H</Unicode>
                    </TextEquiv>
                </Word>
                <TextEquiv>
                    <Unicode>Front? Bei H</Unicode>
                </TextEquiv>
            </TextLine>
            <TextLine id="tr_2_tl_20" custom="readingOrder {index:19;}">
                <Coords points="2579,2499 2622,2515 2653,2499 2733,2506 2749,2497 2783,2508 2799,2497 2858,2510 2858,2447 2753,2452 2737,2440 2705,2458 2579,2454"/>
                <Baseline points="2590,2486 2617,2488 2644,2489 2671,2489 2698,2489 2726,2489 2753,2489 2780,2488 2807,2486 2834,2487 2862,2489"/>
                <Word id="tr_2_tl_20_w1" custom="readingOrder {index:0;}">
                    <Coords points="2581,2448 2581,2508 2690,2508 2690,2448"/>
                    <TextEquiv>
                        <Unicode>schen</Unicode>
                    </TextEquiv>
                </Word>
                <Word id="tr_2_tl_20_w2" custom="readingOrder {index:1;}">
                    <Coords points="2715,2447 2715,2507 2848,2507 2848,2447"/>
                    <TextEquiv>
                        <Unicode>Dichte</Unicode>
                    </TextEquiv>
                </Word>
                <TextEquiv>
                    <Unicode>schen Dichte</Unicode>
                </TextEquiv>
            </TextLine>
            <TextLine id="tr_2_tl_21" custom="readingOrder {index:20;}">
                <Coords points="2640,2556 2696,2558 2728,2544 2762,2554 2790,2544 2876,2560 2876,2499 2849,2508 2815,2497 2783,2506 2774,2497 2748,2499 2719,2515 2680,2499 2640,2519"/>
                <Baseline points="2650,2533 2675,2535 2701,2536 2726,2536 2752,2536 2777,2536 2803,2536 2828,2536 2854,2536 2880,2533"/>
                <Word id="tr_2_tl_21_w1" custom="readingOrder {index:0;}">
                    <Coords points="2647,2494 2647,2554 2698,2554 2698,2494"/>
                    <TextEquiv>
                        <Unicode>ein</Unicode>
                    </TextEquiv>
                </Word>
                <Word id="tr_2_tl_21_w2" custom="readingOrder {index:1;}">
                    <Coords points="2734,2496 2734,2556 2867,2556 2867,2496"/>
                    <TextEquiv>
                        <Unicode>dichter</Unicode>
                    </TextEquiv>
                </Word>
                <TextEquiv>
                    <Unicode>ein dichter</Unicode>
                </TextEquiv>
            </TextLine>
            <TextLine id="tr_2_tl_22" custom="readingOrder {index:21;}">
                <Coords points="2579,2599 2663,2610 2688,2597 2722,2604 2748,2595 2778,2608 2789,2597 2848,2595 2876,2606 2878,2558 2730,2544 2671,2563 2629,2556 2613,2540 2581,2542"/>
                <Baseline points="2590,2587 2616,2587 2642,2587 2669,2587 2695,2587 2721,2586 2748,2584 2774,2584 2800,2584 2827,2584 2853,2584 2880,2584"/>
                <Word id="tr_2_tl_22_w1" custom="readingOrder {index:0;}">
                    <Coords points="2586,2547 2586,2607 2676,2607 2676,2547"/>
                    <TextEquiv>
                        <Unicode>den:</Unicode>
                    </TextEquiv>
                </Word>
                <Word id="tr_2_tl_22_w2" custom="readingOrder {index:1;}">
                    <Coords points="2700,2545 2700,2605 2760,2605 2760,2545"/>
                    <TextEquiv>
                        <Unicode>der</Unicode>
                    </TextEquiv>
                </Word>
                <Word id="tr_2_tl_22_w3" custom="readingOrder {index:2;}">
                    <Coords points="2779,2544 2779,2604 2880,2604 2880,2544"/>
                    <TextEquiv>
                        <Unicode>Kün¬</Unicode>
                    </TextEquiv>
                </Word>
                <TextEquiv>
                    <Unicode>den: der Kün¬</Unicode>
                </TextEquiv>
            </TextLine>
            <TextLine id="tr_2_tl_23" custom="readingOrder {index:22;}">
                <Coords points="2587,2649 2635,2656 2667,2640 2685,2653 2758,2646 2794,2655 2814,2644 2858,2644 2860,2610 2824,2612 2794,2594 2776,2610 2749,2595 2688,2613 2678,2603 2588,2606"/>
                <Baseline points="2596,2635 2622,2635 2649,2635 2675,2635 2702,2635 2729,2635 2755,2633 2782,2632 2808,2634 2835,2635 2862,2635"/>
                <Word id="tr_2_tl_23_w1" custom="readingOrder {index:0;}">
                    <Coords points="2587,2595 2587,2655 2625,2655 2625,2595"/>
                    <TextEquiv>
                        <Unicode>er</Unicode>
                    </TextEquiv>
                </Word>
                <Word id="tr_2_tl_23_w2" custom="readingOrder {index:1;}">
                    <Coords points="2657,2595 2657,2655 2744,2655 2744,2595"/>
                    <TextEquiv>
                        <Unicode>wird</Unicode>
                    </TextEquiv>
                </Word>
                <Word id="tr_2_tl_23_w3" custom="readingOrder {index:2;}">
                    <Coords points="2783,2594 2783,2654 2852,2654 2852,2594"/>
                    <TextEquiv>
                        <Unicode>imn</Unicode>
                    </TextEquiv>
                </Word>
                <TextEquiv>
                    <Unicode>er wird imn</Unicode>
                </TextEquiv>
            </TextLine>
            <TextLine id="tr_2_tl_24" custom="readingOrder {index:23;}">
                <Coords points="2587,2697 2740,2694 2810,2712 2855,2692 2857,2646 2817,2642 2780,2662 2760,2646 2710,2662 2669,2640 2637,2656 2588,2651"/>
                <Baseline points="2596,2686 2622,2686 2648,2686 2674,2686 2701,2685 2727,2683 2753,2683 2780,2683 2806,2683 2832,2683 2859,2683"/>
                <Word id="tr_2_tl_24_w1" custom="readingOrder {index:0;}">
                    <Coords points="2594,2645 2594,2705 2782,2705 2782,2645"/>
                    <TextEquiv>
                        <Unicode>stehenden</Unicode>
                    </TextEquiv>
                </Word>
                <Word id="tr_2_tl_24_w2" custom="readingOrder {index:1;}">
                    <Coords points="2813,2643 2813,2703 2830,2703 2830,2643"/>
                    <TextEquiv>
                        <Unicode>W</Unicode>
                    </TextEquiv>
                </Word>
                <TextEquiv>
                    <Unicode>stehenden W</Unicode>
                </TextEquiv>
            </TextLine>
            <TextLine id="tr_2_tl_25" custom="readingOrder {index:24;}">
                <Coords points="2587,2753 2719,2742 2753,2756 2765,2744 2867,2744 2866,2687 2810,2712 2773,2697 2681,2694 2635,2708 2608,2694 2587,2697"/>
                <Baseline points="2596,2736 2621,2733 2646,2733 2671,2733 2696,2733 2721,2733 2746,2733 2771,2733 2796,2732 2821,2730 2846,2730 2871,2730"/>
                <Word id="tr_2_tl_25_w1" custom="readingOrder {index:0;}">
                    <Coords points="2588,2693 2588,2753 2785,2753 2785,2693"/>
                    <TextEquiv>
                        <Unicode>herrlichen</Unicode>
                    </TextEquiv>
                </Word>
                <Word id="tr_2_tl_25_w2" custom="readingOrder {index:1;}">
                    <Coords points="2820,2690 2820,2750 2853,2750 2853,2690"/>
                    <TextEquiv>
                        <Unicode>od</Unicode>
                    </TextEquiv>
                </Word>
                <TextEquiv>
                    <Unicode>herrlichen od</Unicode>
                </TextEquiv>
            </TextLine>
            <TextLine id="tr_2_tl_26" custom="readingOrder {index:25;}">
                <Coords points="2583,2796 2663,2794 2705,2807 2740,2792 2805,2814 2858,2807 2858,2742 2848,2740 2835,2753 2774,2742 2749,2756 2712,2740 2678,2760 2583,2755"/>
                <Baseline points="2593,2781 2619,2783 2646,2784 2673,2784 2700,2784 2727,2784 2754,2784 2781,2783 2808,2782 2835,2781 2862,2781"/>
                <Word id="tr_2_tl_26_w1" custom="readingOrder {index:0;}">
                    <Coords points="2591,2743 2591,2803 2663,2803 2663,2743"/>
                    <TextEquiv>
                        <Unicode>war</Unicode>
                    </TextEquiv>
                </Word>
                <Word id="tr_2_tl_26_w2" custom="readingOrder {index:1;}">
                    <Coords points="2689,2743 2689,2803 2860,2803 2860,2743"/>
                    <TextEquiv>
                        <Unicode>Enthusi.</Unicode>
                    </TextEquiv>
                </Word>
                <TextEquiv>
                    <Unicode>war Enthusi.</Unicode>
                </TextEquiv>
            </TextLine>
            <TextLine id="tr_2_tl_27" custom="readingOrder {index:26;}">
                <Coords points="2579,2862 2621,2844 2694,2858 2728,2844 2762,2848 2773,2837 2875,2842 2876,2808 2862,2805 2805,2814 2739,2792 2681,2808 2656,2794 2631,2803 2581,2798"/>
                <Baseline points="2590,2835 2616,2835 2642,2835 2669,2834 2695,2832 2721,2832 2748,2832 2774,2830 2800,2829 2827,2829 2853,2829 2880,2829"/>
                <Word id="tr_2_tl_27_w1" custom="readingOrder {index:0;}">
                    <Coords points="2585,2793 2585,2853 2760,2853 2760,2793"/>
                    <TextEquiv>
                        <Unicode>Zukunft</Unicode>
                    </TextEquiv>
                </Word>
                <Word id="tr_2_tl_27_w2" custom="readingOrder {index:1;}">
                    <Coords points="2777,2789 2777,2849 2794,2849 2794,2789"/>
                    <TextEquiv>
                        <Unicode>—</Unicode>
                    </TextEquiv>
                </Word>
                <Word id="tr_2_tl_27_w3" custom="readingOrder {index:2;}">
                    <Coords points="2845,2789 2845,2849 2862,2849 2862,2789"/>
                    <TextEquiv>
                        <Unicode>n</Unicode>
                    </TextEquiv>
                </Word>
                <TextEquiv>
                    <Unicode>Zukunft — n</Unicode>
                </TextEquiv>
            </TextLine>
            <TextLine id="tr_2_tl_28" custom="readingOrder {index:27;}">
                <Coords points="2588,2894 2624,2892 2656,2909 2681,2892 2753,2903 2792,2896 2815,2909 2839,2891 2858,2891 2860,2841 2782,2841 2773,2832 2749,2848 2692,2858 2667,2849 2642,2858 2624,2846 2588,2853"/>
                <Baseline points="2599,2883 2625,2883 2651,2883 2677,2883 2704,2883 2730,2883 2756,2881 2783,2880 2809,2880 2835,2880 2862,2880"/>
                <Word id="tr_2_tl_28_w1" custom="readingOrder {index:0;}">
                    <Coords points="2595,2843 2595,2903 2641,2903 2641,2843"/>
                    <TextEquiv>
                        <Unicode>ein</Unicode>
                    </TextEquiv>
                </Word>
                <Word id="tr_2_tl_28_w2" custom="readingOrder {index:1;}">
                    <Coords points="2677,2842 2677,2902 2798,2902 2798,2842"/>
                    <TextEquiv>
                        <Unicode>echter</Unicode>
                    </TextEquiv>
                </Word>
                <Word id="tr_2_tl_28_w3" custom="readingOrder {index:2;}">
                    <Coords points="2834,2840 2834,2900 2845,2900 2845,2840"/>
                    <TextEquiv>
                        <Unicode>K</Unicode>
                    </TextEquiv>
                </Word>
                <TextEquiv>
                    <Unicode>ein echter K</Unicode>
                </TextEquiv>
            </TextLine>
            <TextLine id="tr_2_tl_29" custom="readingOrder {index:28;}">
                <Coords points="2587,2941 2680,2948 2748,2939 2767,2953 2783,2942 2807,2950 2830,2939 2882,2942 2882,2903 2841,2891 2815,2909 2785,2896 2742,2903 2685,2894 2658,2909 2635,2896 2587,2907"/>
                <Baseline points="2596,2933 2622,2933 2648,2931 2675,2930 2701,2930 2727,2930 2754,2930 2780,2928 2806,2928 2833,2929 2859,2930 2886,2930"/>
                <Word id="tr_2_tl_29_w1" custom="readingOrder {index:0;}">
                    <Coords points="2591,2891 2591,2951 2690,2951 2690,2891"/>
                    <TextEquiv>
                        <Unicode>einem</Unicode>
                    </TextEquiv>
                </Word>
                <Word id="tr_2_tl_29_w2" custom="readingOrder {index:1;}">
                    <Coords points="2743,2888 2743,2948 2867,2948 2867,2888"/>
                    <TextEquiv>
                        <Unicode>revolu</Unicode>
                    </TextEquiv>
                </Word>
                <TextEquiv>
                    <Unicode>einem revolu</Unicode>
                </TextEquiv>
            </TextLine>
            <TextLine id="tr_2_tl_30" custom="readingOrder {index:29;}">
                <Coords points="2588,2994 2685,2989 2744,3000 2776,2991 2801,3002 2858,3002 2858,2941 2819,2939 2807,2950 2790,2937 2765,2953 2746,2939 2665,2948 2635,2941 2621,2950 2588,2939"/>
                <Baseline points="2599,2984 2625,2982 2651,2981 2677,2981 2704,2981 2730,2981 2756,2979 2783,2978 2809,2978 2835,2978 2862,2978"/>
                <Word id="tr_2_tl_30_w1" custom="readingOrder {index:0;}">
                    <Coords points="2596,2941 2596,3001 2848,3001 2848,2941"/>
                    <TextEquiv>
                        <Unicode>Mit-Handeln</Unicode>
                    </TextEquiv>
                </Word>
                <TextEquiv>
                    <Unicode>Mit-Handeln</Unicode>
                </TextEquiv>
            </TextLine>
            <TextLine id="tr_2_tl_31" custom="readingOrder {index:30;}">
                <Coords points="2592,3041 2633,3041 2656,3053 2681,3039 2701,3055 2753,3032 2774,3048 2860,3046 2860,3002 2794,3003 2776,2993 2758,3003 2676,2989 2662,3003 2646,2994 2629,3009 2592,3009"/>
                <Baseline points="2602,3032 2628,3030 2654,3030 2680,3032 2707,3032 2733,3032 2759,3032 2786,3031 2812,3030 2838,3029 2865,3029"/>
                <Word id="tr_2_tl_31_w1" custom="readingOrder {index:0;}">
                    <Coords points="2596,2990 2596,3050 2730,3050 2730,2990"/>
                    <TextEquiv>
                        <Unicode>regung</Unicode>
                    </TextEquiv>
                </Word>
                <Word id="tr_2_tl_31_w2" custom="readingOrder {index:1;}">
                    <Coords points="2765,2990 2765,3050 2848,3050 2848,2990"/>
                    <TextEquiv>
                        <Unicode>gege</Unicode>
                    </TextEquiv>
                </Word>
                <TextEquiv>
                    <Unicode>regung gege</Unicode>
                </TextEquiv>
            </TextLine>
            <TextLine id="tr_2_tl_32" custom="readingOrder {index:31;}">
                <Coords points="2595,3089 2644,3095 2680,3087 2692,3100 2705,3091 2749,3100 2794,3086 2803,3095 2830,3089 2853,3098 2853,3046 2799,3041 2756,3053 2740,3043 2696,3057 2671,3043 2647,3053 2637,3043 2595,3039"/>
                <Baseline points="2605,3080 2630,3080 2655,3080 2680,3080 2705,3080 2730,3080 2755,3080 2780,3080 2805,3080 2830,3080 2856,3080"/>
                <Word id="tr_2_tl_32_w1" custom="readingOrder {index:0;}">
                    <Coords points="2596,3040 2596,3100 2851,3100 2851,3040"/>
                    <TextEquiv>
                        <Unicode>Unterdrückt</Unicode>
                    </TextEquiv>
                </Word>
                <TextEquiv>
                    <Unicode>Unterdrückt</Unicode>
                </TextEquiv>
            </TextLine>
            <TextLine id="tr_2_tl_33" custom="readingOrder {index:32;}">
                <Coords points="2588,3154 2647,3141 2699,3148 2728,3137 2764,3148 2794,3136 2817,3145 2878,3139 2878,3103 2851,3105 2830,3089 2748,3100 2706,3091 2690,3103 2662,3089 2633,3098 2590,3086"/>
                <Baseline points="2599,3130 2624,3130 2650,3130 2676,3129 2702,3127 2728,3127 2753,3127 2779,3127 2805,3127 2831,3127 2857,3127 2883,3127"/>
                <Word id="tr_2_tl_33_w1" custom="readingOrder {index:0;}">
                    <Coords points="2594,3089 2594,3149 2735,3149 2735,3089"/>
                    <TextEquiv>
                        <Unicode>Schritt</Unicode>
                    </TextEquiv>
                </Word>
                <Word id="tr_2_tl_33_w2" custom="readingOrder {index:1;}">
                    <Coords points="2758,3087 2758,3147 2875,3147 2875,3087"/>
                    <TextEquiv>
                        <Unicode>sicher</Unicode>
                    </TextEquiv>
                </Word>
                <TextEquiv>
                    <Unicode>Schritt sicher</Unicode>
                </TextEquiv>
            </TextLine>
            <TextLine id="tr_2_tl_34" custom="readingOrder {index:33;}">
                <Coords points="2588,3182 2642,3195 2715,3188 2737,3198 2860,3189 2862,3148 2814,3137 2746,3148 2717,3139 2683,3155 2656,3141 2590,3150"/>
                <Baseline points="2599,3181 2625,3181 2652,3181 2678,3181 2705,3180 2732,3178 2758,3178 2785,3178 2811,3178 2838,3178 2865,3178"/>
                <Word id="tr_2_tl_34_w1" custom="readingOrder {index:0;}">
                    <Coords points="2595,3141 2595,3201 2663,3201 2663,3141"/>
                    <TextEquiv>
                        <Unicode>mit</Unicode>
                    </TextEquiv>
                </Word>
                <Word id="tr_2_tl_34_w2" custom="readingOrder {index:1;}">
                    <Coords points="2681,3138 2681,3198 2766,3198 2766,3138"/>
                    <TextEquiv>
                        <Unicode>„der</Unicode>
                    </TextEquiv>
                </Word>
                <Word id="tr_2_tl_34_w3" custom="readingOrder {index:2;}">
                    <Coords points="2791,3138 2791,3198 2853,3198 2853,3138"/>
                    <TextEquiv>
                        <Unicode>Sac</Unicode>
                    </TextEquiv>
                </Word>
                <TextEquiv>
                    <Unicode>mit „der Sac</Unicode>
                </TextEquiv>
            </TextLine>
            <TextLine id="tr_2_tl_35" custom="readingOrder {index:34;}">
                <Coords points="2601,3239 2635,3248 2674,3230 2692,3245 2706,3236 2728,3245 2773,3238 2790,3248 2846,3234 2882,3241 2883,3189 2767,3193 2744,3204 2719,3188 2669,3198 2603,3189"/>
                <Baseline points="2611,3229 2636,3229 2661,3229 2686,3229 2711,3229 2736,3229 2761,3229 2786,3229 2811,3228 2836,3226 2861,3226 2886,3226"/>
                <Word id="tr_2_tl_35_w1" custom="readingOrder {index:0;}">
                    <Coords points="2601,3189 2601,3249 2650,3249 2650,3189"/>
                    <TextEquiv>
                        <Unicode>die</Unicode>
                    </TextEquiv>
                </Word>
                <Word id="tr_2_tl_35_w2" custom="readingOrder {index:1;}">
                    <Coords points="2678,3189 2678,3249 2864,3249 2864,3189"/>
                    <TextEquiv>
                        <Unicode>Sensation</Unicode>
                    </TextEquiv>
                </Word>
                <TextEquiv>
                    <Unicode>die Sensation</Unicode>
                </TextEquiv>
            </TextLine>
            <TextLine id="tr_2_tl_36" custom="readingOrder {index:35;}">
                <Coords points="2588,3290 2622,3286 2678,3300 2782,3281 2860,3295 2860,3234 2849,3232 2794,3248 2773,3236 2740,3245 2647,3239 2629,3257 2615,3248 2588,3257"/>
                <Baseline points="2599,3280 2625,3278 2652,3277 2678,3277 2705,3277 2732,3277 2758,3277 2785,3277 2811,3277 2838,3277 2865,3277"/>
                <Word id="tr_2_tl_36_w1" custom="readingOrder {index:0;}">
                    <Coords points="2594,3237 2594,3297 2754,3297 2754,3237"/>
                    <TextEquiv>
                        <Unicode>erklärte</Unicode>
                    </TextEquiv>
                </Word>
                <Word id="tr_2_tl_36_w2" custom="readingOrder {index:1;}">
                    <Coords points="2789,3237 2789,3297 2857,3297 2857,3237"/>
                    <TextEquiv>
                        <Unicode>sicl</Unicode>
                    </TextEquiv>
                </Word>
                <TextEquiv>
                    <Unicode>erklärte sicl</Unicode>
                </TextEquiv>
            </TextLine>
            <TextLine id="tr_2_tl_37" custom="readingOrder {index:36;}">
                <Coords points="2588,3340 2621,3334 2644,3347 2663,3340 2714,3352 2731,3341 2778,3347 2812,3334 2849,3345 2885,3332 2885,3291 2848,3297 2771,3281 2678,3300 2656,3290 2588,3293"/>
                <Baseline points="2599,3327 2625,3327 2651,3327 2678,3327 2704,3326 2730,3324 2757,3324 2783,3324 2809,3324 2836,3324 2862,3324 2889,3327"/>
                <Word id="tr_2_tl_37_w1" custom="readingOrder {index:0;}">
                    <Coords points="2595,3287 2595,3347 2691,3347 2691,3287"/>
                    <TextEquiv>
                        <Unicode>diese</Unicode>
                    </TextEquiv>
                </Word>
                <Word id="tr_2_tl_37_w2" custom="readingOrder {index:1;}">
                    <Coords points="2721,3284 2721,3344 2876,3344 2876,3284"/>
                    <TextEquiv>
                        <Unicode>Richtun</Unicode>
                    </TextEquiv>
                </Word>
                <TextEquiv>
                    <Unicode>diese Richtun</Unicode>
                </TextEquiv>
            </TextLine>
            <TextLine id="tr_2_tl_38" custom="readingOrder {index:37;}">
                <Coords points="2588,3393 2667,3399 2688,3384 2708,3395 2771,3390 2796,3402 2821,3383 2860,3391 2860,3341 2823,3352 2790,3338 2753,3350 2731,3340 2714,3354 2697,3343 2671,3359 2631,3336 2588,3340"/>
                <Baseline points="2599,3375 2625,3377 2652,3378 2678,3378 2705,3378 2732,3378 2758,3376 2785,3375 2811,3377 2838,3377 2865,3375"/>
                <Word id="tr_2_tl_38_w1" custom="readingOrder {index:0;}">
                    <Coords points="2589,3336 2589,3396 2639,3396 2639,3336"/>
                    <TextEquiv>
                        <Unicode>Er</Unicode>
                    </TextEquiv>
                </Word>
                <Word id="tr_2_tl_38_w2" custom="readingOrder {index:1;}">
                    <Coords points="2667,3337 2667,3397 2807,3397 2807,3337"/>
                    <TextEquiv>
                        <Unicode>agierte</Unicode>
                    </TextEquiv>
                </Word>
                <Word id="tr_2_tl_38_w3" custom="readingOrder {index:2;}">
                    <Coords points="2836,3336 2836,3396 2852,3396 2852,3336"/>
                    <TextEquiv>
                        <Unicode>1</Unicode>
                    </TextEquiv>
                </Word>
                <TextEquiv>
                    <Unicode>Er agierte 1</Unicode>
                </TextEquiv>
            </TextLine>
            <TextLine id="tr_2_tl_39" custom="readingOrder {index:38;}">
                <Coords points="2587,3461 2612,3449 2656,3458 2678,3442 2708,3458 2739,3447 2783,3450 2810,3467 2844,3454 2898,3463 2900,3383 2860,3400 2841,3386 2814,3388 2778,3408 2688,3384 2665,3400 2588,3393"/>
                <Baseline points="2599,3432 2624,3430 2649,3429 2675,3429 2700,3429 2725,3429 2751,3427 2776,3426 2801,3426 2827,3426 2852,3426 2877,3426 2903,3426"/>
                <Word id="tr_2_tl_39_w1" custom="readingOrder {index:0;}">
                    <Coords points="2588,3389 2588,3449 2716,3449 2716,3389"/>
                    <TextEquiv>
                        <Unicode>punkt</Unicode>
                    </TextEquiv>
                </Word>
                <Word id="tr_2_tl_39_w2" custom="readingOrder {index:1;}">
                    <Coords points="2739,3387 2739,3447 2756,3447 2756,3387"/>
                    <TextEquiv>
                        <Unicode>—</Unicode>
                    </TextEquiv>
                </Word>
                <Word id="tr_2_tl_39_w3" custom="readingOrder {index:2;}">
                    <Coords points="2813,3386 2813,3446 2852,3446 2852,3386"/>
                    <TextEquiv>
                        <Unicode>er</Unicode>
                    </TextEquiv>
                </Word>
                <TextEquiv>
                    <Unicode>punkt — er</Unicode>
                </TextEquiv>
            </TextLine>
            <TextEquiv>
                <Unicode></Unicode>
            </TextEquiv>
        </TextRegion>
    </Page>
</PcGts>
