3248 4384
352 273 939 333 Schnitzler's
1008 282 1248 342 Death

1459 276 1592 336 box
1672 285 1861 345 43/9

831 814 1064 874 Ausschnitt
1087 817 1178 877 aus:

808 1011 1102 1071 Correspondants
1136 1014 1220 1074 dans
1254 1017 1361 1077 toutes
1390 1020 1436 1080 les
1470 1019 1615 1079 grandes
1648 1018 1737 1078 villes

777 1127 911 1187 Extrait
938 1127 975 1187 du
1009 1127 1186 1187 Journal:

782 1232 958 1292 Adresse:

792 1333 907 1393 Date:

1249 1339 1322 1399 28
1361 1339 1427 1399 00

895 1463 1011 1523 und
1083 1471 1887 1531 Zeutralschweizerisches
1949 1480 2431 1540 Handelsblatt

1316 1642 1490 1702 „Der
1550 1644 1713 1704 Weg
1785 1647 2041 1707 hinab“

1270 1705 1338 1765 Zum
1384 1704 1469 1764 Tode
1498 1704 1549 1764 des
1584 1706 1727 1766 Dichters
1762 1710 1888 1770 Arthur
1917 1713 2111 1773 Schnitzler.

1304 1756 1375 1816 Von
1409 1757 1475 1817 Dr.
1498 1760 1729 1820 Hermann
1763 1763 2050 1823 Zolnhofer.

784 1795 877 1855 Kurz
905 1799 960 1859 vor
988 1802 1186 1862 Erreichung
1214 1808 1313 1868 seines
1346 1808 1395 1868 70.
1412 1811 1671 1871 Geburtstages,
1705 1813 1859 1873 Eitelkeit
1904 1817 1969 1877 mit
2014 1820 2184 1880 zartester,
2223 1822 2449 1882 natürlichster
2482 1828 2631 1888 Hingabe

736 1836 794 1896 vor
822 1841 917 1901 dessen
955 1845 1189 1905 Festlichkeiten
1222 1850 1350 1910 Arthur
1377 1855 1537 1915 Schnitzer
1564 1859 1664 1919 gewiß

1708 1857 1863 1917 wechselt.
1914 1862 1984 1922 Und
2020 1862 2050 1922 in
2091 1865 2192 1925 dieser
2227 1866 2494 1926 Selbstquälerei
2525 1868 2620 1928 haben

743 1882 772 1942 in
803 1881 853 1941 die
883 1886 1085 1946 Einsamkeit
1111 1892 1257 1952 geflohen
1292 1898 1403 1958 wäre,
1424 1901 1468 1961 die
1499 1901 1529 1961 er
1560 1902 1585 1962 so
1621 1901 1670 1961 ge¬

1705 1901 1900 1961 Schnitzlers
1933 1904 2097 1964 Gestalten
2155 1907 2213 1967 den
2256 1908 2372 1968 Genuß
2415 1913 2467 1973 des
2505 1913 2631 1973 Selbst¬

743 1925 822 1985 liebt
844 1928 918 1988 hat,
934 1928 971 1988 ist
998 1932 1051 1992 der
1083 1933 1215 1993 Wiener
1243 1939 1369 1999 Dichter
1397 1943 1465 2003 jetzt
1492 1942 1677 2002 gestorben.

1704 1944 1879 2004 erlebens.

745 1969 797 2029 Ein
830 1969 930 2029 Leben
962 1975 1036 2035 ging
1063 1979 1089 2039 zu
1121 1979 1232 2039 Ende,
1249 1981 1306 2041 das
1333 1985 1412 2045 ganz
1439 1984 1486 2044 dem
1530 1987 1666 2047 Theater

1750 1987 1971 2047 Feststehende
2005 1990 2118 2050 Werte
2151 1991 2199 2051 der
2232 1993 2394 2053 Umwelt,
2422 1996 2475 2056 der
2509 1996 2632 2056 Gesell¬

744 2014 887 2074 gegolten
921 2017 988 2077 hat.
1008 2017 1089 2077 Noch
1118 2020 1156 2080 am
1199 2023 1362 2083 Dienstag
1391 2027 1463 2087 war
1488 2029 1516 2089 er
1545 2030 1664 2090 abends

1700 2032 1797 2092 schaft
1829 2031 1952 2091 werden
1994 2032 2046 2092 bei
2077 2033 2128 2093 der
2160 2036 2403 2096 Subjektivität
2434 2041 2532 2101 dieser
2563 2039 2630 2099 Be¬

742 2053 765 2113 im
818 2058 975 2118 Theater.
1019 2062 1167 2122 Nachdem
1220 2065 1248 2125 er
1282 2067 1320 2127 am
1368 2071 1554 2131 Vormittag
1593 2074 1659 2134 noch

1700 2071 1875 2131 ziehungen
1917 2074 1974 2134 von
2011 2077 2140 2137 Mensch
2177 2080 2203 2140 zu
2239 2080 2368 2140 Mensch
2406 2083 2638 2143 aufgelockert,

741 2101 841 2161 seinen
866 2104 1098 2164 Spaziergang
1134 2110 1280 2170 gemacht
1311 2113 1396 2173 hatte
1427 2116 1487 2176 und
1513 2117 1557 2177 sich
1593 2119 1663 2179 nach

1704 2116 1935 2176 überwunden

2031 2122 2180 2182 zerstört.
2231 2122 2301 2182 Das
2341 2125 2531 2185 verursacht
2561 2128 2625 2188 uns

733 2143 767 2203 11
804 2145 864 2205 Uhr
895 2149 1113 2209 vormittags,
1140 2153 1200 2213 wie
1231 2154 1450 2214 gewöhnlich,
1470 2160 1521 2220 zur
1552 2160 1668 2220 Arbeit

1703 2157 1818 2217 bittere
1853 2160 2145 2220 Empfindungen,
2176 2163 2266 2223 führt
2302 2165 2362 2225 uns
2402 2167 2482 2227 aber
2518 2170 2623 2230 zurück

741 2187 861 2247 begab,
882 2190 956 2250 fand
988 2190 1033 2250 ihn
1068 2193 1148 2253 seine
1184 2197 1371 2257 Sekretärin
1406 2202 1663 2262 besinnungslos

1701 2200 1762 2260 auf
1789 2202 1840 2262 die
1872 2205 1980 2265 Frage
2017 2205 2084 2265 nach
2126 2207 2177 2267 der
2214 2208 2452 2268 Berechtigung
2515 2214 2628 2274 solcher

736 2231 772 2291 am
819 2232 1041 2292 Schreibtisch.
1083 2238 1181 2298 Ohne
1213 2240 1269 2300 das
1301 2245 1508 2305 Bewußtsein
1544 2247 1663 2307 wieder

1705 2246 2000 2306 überpersönlicher
2033 2250 2159 2310 Werte.
2203 2251 2335 2311 Arthur
2367 2254 2541 2314 Schnitzler
2574 2259 2626 2319 hat

738 2274 868 2334 erlangt
894 2280 923 2340 zu
954 2278 1075 2338 haben,
1106 2281 1140 2341 ist
1166 2282 1196 2342 er
1222 2285 1257 2345 am
1303 2287 1413 2347 Abend
1454 2290 1665 2350 verschieden.

1704 2289 1860 2349 dadurch,
1883 2292 1936 2352 daß
1974 2293 2022 2353 er,
2045 2295 2136 2355 gleich
2170 2295 2294 2355 Shaw,
2316 2296 2418 2356 Kritik
2446 2297 2484 2357 an
2517 2301 2629 2361 gesell¬

774 2317 836 2377 Den
878 2322 1066 2382 „einsamen
1103 2327 1233 2387 Weg“,
1281 2328 1337 2388 von
1380 2332 1437 2392 dem
1489 2333 1520 2393 er
1557 2337 1666 2397 gesagt

1703 2332 1887 2392 schaftlichen
1930 2337 2057 2397 Werten
2095 2338 2184 2398 übte,
2211 2339 2285 2399 aufs
2318 2340 2444 2400 stärkste
2477 2343 2540 2403 mit
2567 2346 2624 2406 zur

740 2362 813 2422 hat:
838 2363 926 2423 „Und
956 2364 1049 2424 wenn
1083 2367 1142 2427 uns
1172 2369 1215 2429 ein
1255 2372 1318 2432 Zug
1353 2372 1406 2432 von
1441 2375 1652 2435 Vacchianten

1703 2375 1915 2435 Umwertung
1946 2378 2037 2438 jener
2063 2378 2175 2438 Werte
2206 2381 2230 2441 in
2266 2382 2317 2442 der
2348 2383 2438 2443 Welt
2464 2384 2520 2444 vor
2551 2387 2606 2447 dem

738 2405 902 2465 begleitet,
934 2406 985 2466 den
1011 2409 1088 2469 Weg
1125 2411 1222 2471 hinab
1249 2414 1341 2474 gehen
1378 2417 1434 2477 wir
1455 2417 1511 2477 alle
1533 2421 1666 2481 allein“.

1698 2417 1819 2477 großen
1851 2420 1967 2480 Kriege
1999 2423 2226 2483 beigetragen.
2264 2426 2327 2486 Die
2354 2429 2554 2489 Leichtigkeit
2576 2432 2602 2492 im

730 2447 784 2507 hat
814 2448 883 2508 auch
923 2447 952 2507 er
988 2451 1052 2511 nun
1087 2456 1235 2516 antreten
1276 2459 1418 2519 müssen.
1469 2462 1528 2522 Die
1563 2463 1661 2523 Wür¬

1704 2462 1901 2522 sprachlichen
1941 2465 2128 2525 Ausdruck,
2173 2468 2222 2528 die
2257 2469 2306 2529 ihm
2361 2471 2498 2531 gegeben
2543 2475 2626 2535 war,

735 2492 857 2552 digung
887 2495 990 2555 seines
1020 2498 1275 2558 Lebenswerkes
1305 2503 1467 2563 erfordert
1492 2507 1546 2567 den
1580 2506 1663 2566 Ver¬

1698 2506 1759 2566 hat
1790 2504 1888 2564 dieses
1946 2508 2110 2568 bleibende
2146 2513 2321 2573 Verdienst
2353 2516 2544 2576 Schnitzlers
2585 2518 2610 2578 zu

736 2534 849 2594 gleich.
890 2534 962 2594 Wie
994 2537 1050 2597 sein
1086 2543 1333 2603 Altersgenosse
1359 2546 1508 2606 Gerhart
1535 2550 1663 2610 Haupt¬

1701 2548 1788 2608 einem
1835 2552 2066 2612 künstlerischen
2108 2554 2200 2614 Wert
2227 2555 2293 2615 auch
2330 2558 2406 2618 über
2438 2559 2520 2619 seine
2546 2559 2618 2619 Zeit

737 2579 854 2639 mann,
880 2579 938 2639 wie
968 2580 1121 2640 Vernard
1151 2588 1278 2648 Shaw,
1303 2589 1357 2649 hat
1382 2589 1455 2649 auch
1485 2593 1661 2653 Schnitzler

1701 2593 1760 2653 und
1796 2590 1892 2650 seinen
1932 2594 1997 2654 Tod
2029 2596 2149 2656 hinaus
2180 2599 2341 2659 gemacht.
2387 2602 2447 2662 Die
2477 2602 2618 2662 Sprache

738 2620 794 2680 aus
820 2620 907 2680 jener
933 2623 1082 2683 geistigen
1119 2627 1196 2687 Luft
1217 2630 1340 2690 gelebt,
1356 2632 1402 2692 die
1428 2633 1490 2693 wir
1516 2636 1562 2696 als
1593 2637 1654 2697 Na¬
1691 2635 1757 2695 der
1789 2637 1943 2697 Komödie
1975 2638 2031 2698 hat
2057 2639 2144 2699 durch
2175 2642 2226 2702 ihn
2258 2645 2484 2705 Anregungen
2521 2645 2623 2705 erhal¬

728 2665 934 2725 turalismus
964 2669 1166 2729 bezeichnen.
1196 2673 1250 2733 Als
1285 2674 1373 2734 Sohn
1413 2678 1501 2738 eines
1531 2680 1663 2740 Arztes,

1696 2680 1767 2740 ten,
1814 2680 1876 2740 wie
1907 2680 1948 2740 sie
1979 2683 2004 2743 im
2057 2686 2231 2746 Gegensatz
2258 2692 2288 2752 zu
2325 2689 2520 2749 Frankreich
2556 2692 2612 2752 und

728 2710 826 2770 selber
862 2710 930 2770 auch
971 2713 1025 2773 zum
1075 2716 1257 2776 Arztberuf
1288 2721 1456 2781 bestimmt
1486 2724 1550 2784 und
1585 2725 1663 2785 aus¬

1698 2725 1871 2785 England,
1920 2725 1967 2785 wo
2005 2725 2052 2785 die
2089 2728 2247 2788 Komödie
2280 2734 2337 2794 seit
2364 2734 2454 2794 jeher
2491 2735 2623 2795 geblüht

731 2752 890 2812 gebildet,
911 2752 967 2812 hat
994 2755 1019 2815 in
1061 2756 1107 2816 ihm
1159 2760 1225 2820 doch
1262 2763 1308 2823 die
1339 2764 1524 2824 rätselvolle
1556 2768 1664 2828 Gabe,

1695 2765 1768 2825 hat,
1818 2770 2099 2830 hochbedeutsame
2134 2773 2291 2833 Wirkung
2332 2777 2484 2837 ausüben
2529 2779 2626 2839 kann.

729 2794 780 2854 die
817 2797 1081 2857 geistigbildende
1118 2804 1303 2864 Phantasie
1362 2809 1418 2869 das
1460 2811 1640 2871 Dichtertum

1698 2809 1811 2869 Leider
1844 2811 1887 2871 ist
1914 2811 1973 2871 uns
2012 2814 2065 2874 seit
2099 2814 2222 2874 Lessing
2255 2820 2281 2880 ja
2315 2820 2369 2880 der
2402 2823 2487 2883 ganz
2520 2823 2617 2883 große

730 2838 873 2898 erweckt.
921 2840 1027 2900 Wenn
1061 2845 1304 2905 Hauptmanns
1358 2851 1525 2911 Gestalten
1583 2851 1659 2911 vor¬

1696 2856 2018 2916 Komödiendichter,
2038 2859 2093 2919 wie
2124 2859 2169 2919 ihn
2200 2860 2250 2920 die
2276 2866 2427 2926 englische
2452 2866 2618 2926 Literatur

731 2881 885 2941 nehmlich
922 2881 963 2941 ein
1005 2888 1072 2948 Zug
1108 2889 1237 2949 eignet,
1264 2890 1320 2950 der
1352 2892 1408 2952 das
1445 2895 1656 2955 grüblerische

1697 2901 1723 2961 in
1763 2899 1907 2959 neuester
1940 2901 2018 2961 Zeit
2046 2902 2073 2962 in
2107 2903 2201 2963 Shaw
2251 2911 2367 2971 besitzt,
2396 2907 2506 2967 bisher
2540 2910 2622 2970 nicht

726 2924 836 2984 Wesen
872 2926 927 2986 des
963 2930 1139 2990 Schlesiers
1180 2934 1371 2994 ausmacht,
1397 2937 1422 2997 so
1463 2940 1563 3000 haben
1604 2941 1654 3001 die
1695 2940 1835 3000 geboren
1871 2944 2022 3004 worden.

730 2968 878 3028 Männer
922 2971 981 3031 und
1021 2976 1154 3036 Frauen
1199 2976 1227 3036 in
1268 2979 1464 3039 Schnitzlers
1509 2985 1651 3045 Dramen

1736 2984 1818 3044 Man
1855 2988 1989 3048 versteht
2015 2988 2191 3048 Schnitzler
2217 2991 2325 3051 falsch,
2353 2994 2440 3054 wenn
2477 2997 2548 3057 man
2585 2996 2610 3056 in

725 3012 787 3072 alle
826 3014 1081 3074 unverkennbar
1120 3018 1177 3078 den
1221 3024 1293 3084 Zug
1337 3024 1389 3084 der
1429 3027 1649 3087 wienerischen

1698 3027 1795 3087 seiner
1827 3029 1929 3089 Kritik
1955 3030 2141 3090 Zynismus
2167 3032 2270 3092 finden
2307 3035 2389 3095 will.
2410 3035 2451 3095 Es
2482 3036 2518 3096 ist
2544 3038 2616 3098 eher

731 3056 1072 3116 Lebensfreudigkeit,
1108 3059 1158 3119 die
1199 3062 1264 3122 eine
1304 3065 1475 3125 Mischung
1516 3070 1556 3130 ist
1591 3069 1651 3129 aus

1695 3071 1744 3131 die
1774 3071 1802 3131 so
1837 3071 1886 3131 oft
1916 3073 2126 3133 verwundete
2161 3074 2244 3134 Güte
2279 3077 2366 3137 eines
2401 3078 2616 3138 feinempfin¬

731 3098 926 3158 sprühender
982 3103 1203 3163 lebendigster
1239 3107 1430 3167 Geistigkeit
1466 3111 1525 3171 und
1566 3113 1651 3173 einer

1696 3113 1811 3173 denden
1847 3116 2032 3176 Menschen,
2053 3119 2097 3179 die
2128 3119 2173 3179 sich
2204 3119 2299 3179 gegen
2330 3122 2621 3182 Herkömmliches,

731 3143 941 3203 überlegenen
973 3145 1240 3205 Verhaltenheit,
1262 3153 1307 3213 die
1329 3154 1421 3214 ihnen
1452 3155 1518 3215 ihre
1545 3155 1653 3215 eigen=
1689 3156 1776 3216 allzu
1813 3161 2081 3221 Herkömmliches
2138 3164 2302 3224 auflehnt.
2349 3166 2482 3226 Gerade
2534 3167 2616 3227 seine

729 3185 831 3245 artige
863 3188 1048 3248 „Haltung“
1080 3191 1167 3251 gibt.
1203 3192 1296 3252 Sehr
1327 3195 1388 3255 viel
1410 3198 1517 3258 Geist,
1539 3200 1564 3260 so
1595 3200 1651 3260 wie

1695 3200 1852 3260 Herkunst
1897 3203 1955 3263 und
1995 3203 2074 3263 seine
2109 3205 2290 3265 österreich.
2305 3209 2448 3269 Umwelt
2478 3212 2610 3272 konnten

727 3229 759 3289 es
788 3227 862 3287 etwa
895 3230 946 3290 der
974 3232 1053 3292 Herr
1081 3233 1137 3293 von
1170 3238 1277 3298 Saala
1306 3239 1356 3299 bei
1375 3241 1552 3301 Schnitzler
1576 3242 1654 3302 aus¬

1693 3242 1754 3302 und
1784 3245 1913 3305 mußten
1947 3247 2004 3307 auf
2024 3247 2076 3307 das
2106 3249 2273 3309 ungemein
2307 3250 2436 3310 nervöse
2466 3255 2619 3315 Empfin¬

730 3271 854 3331 spricht,
879 3274 974 3334 indem
1028 3275 1056 3335 er
1090 3277 1200 3337 damit
1229 3280 1277 3340 die
1311 3283 1412 3343 ältere
1446 3286 1647 3346 Generation

1693 3286 1745 3346 den
1779 3289 1970 3349 Schnitzlers
1999 3289 2133 3349 oftmals
2167 3291 2210 3351 als
2244 3295 2454 3355 verletzender
2483 3300 2617 3360 Stachel

730 3316 782 3376 der
806 3316 945 3376 jüngern
979 3319 1166 3379 gegenüber
1195 3324 1367 3384 abgrenzt,
1392 3327 1439 3387 als
1468 3326 1497 3386 er
1526 3328 1578 3388 für
1607 3331 1650 3391 die

1690 3328 1829 3388 wirken.
1873 3331 2030 3391 Verletzte
2060 3331 2088 3391 es
2123 3334 2170 3394 ihn
2209 3334 2276 3394 doch
2310 3340 2420 3400 sogar,
2444 3340 2502 3400 daß
2541 3342 2607 3402 man

725 3361 945 3421 Kommenden
985 3361 1043 3421 und
1073 3363 1141 3423 ihre
1171 3367 1259 3427 Welt
1284 3373 1509 3433 prophezeite.
1549 3372 1646 3432 Mehr
1686 3373 1754 3433 das
1789 3373 1882 3433 „süße
1917 3376 2048 3436 Wiener
2083 3379 2234 3439 Maderl“
2274 3382 2298 3442 in
2338 3382 2391 3442 dem
2441 3386 2607 3446 reizenden

728 3403 896 3463 Haltung,
916 3404 1059 3464 weniger
1090 3408 1197 3468 Geist!

1687 3416 1843 3476 Lustspiel
1874 3418 2051 3478 „Liebelei“
2082 3423 2127 3483 ihm
2179 3424 2234 3484 gar
2265 3426 2295 3486 zu
2331 3427 2396 3487 hoch
2432 3429 2457 3489 zu
2493 3430 2594 3490 seinem

769 3446 839 3506 Aus
870 3448 965 3508 dieser
996 3448 1087 3508 Welt
1108 3451 1163 3511 des
1194 3453 1325 3513 scharfen
1362 3456 1507 3516 Esprits,
1529 3459 1584 3519 der
1609 3460 1634 3520 im

1688 3460 1935 3520 Dichterruhme
1950 3464 2127 3524 anschrieb.
2161 3467 2254 3527 Denn
2278 3468 2305 3528 er
2330 3469 2432 3529 wollte
2456 3471 2512 3531 und
2541 3473 2606 3533 muß

727 3490 984 3550 Naturalismus
1021 3492 1091 3552 noch
1124 3495 1179 3555 das
1213 3495 1301 3555 Erbe
1329 3498 1384 3558 der
1418 3502 1641 3562 vergangenen

1685 3501 1811 3561 ernster
1835 3504 2026 3564 genommen
2064 3509 2208 3569 werden.
2251 3513 2316 3573 Das
2349 3513 2507 3573 schwerste
2536 3516 2610 3576 Leid

726 3534 846 3594 Epoche
877 3534 1043 3594 darstellt,
1069 3537 1205 3597 knüpfen
1246 3540 1296 3600 sich
1332 3541 1381 3601 die
1412 3543 1644 3603 Beziehungen

1688 3544 1745 3604 hat
1769 3544 1947 3604 Schnitzler
1976 3549 2038 3609 vor
2067 3552 2139 3612 drei
2168 3554 2293 3614 Jahren
2351 3557 2524 3617 erfahren,
2558 3561 2610 3621 als

723 3576 866 3636 zwischen
906 3579 959 3639 den
995 3580 1166 3640 Menschen
1206 3584 1230 3644 im
1286 3585 1408 3645 Drama
1443 3588 1654 3648 Schnitzlers.

1691 3588 1773 3648 seine
1799 3591 1954 3651 Tochter,
1980 3594 2027 3654 die
2058 3595 2114 3655 mit
2146 3597 2228 3657 einem
2280 3600 2492 3660 italienischen
2529 3603 2616 3663 Offi¬

725 3615 769 3675 Es
799 3621 917 3681 scheint
942 3624 1005 3684 nur
1035 3624 1113 3684 alles
1148 3625 1207 3685 auf
1237 3626 1291 3686 den
1331 3630 1522 3690 Augenblick
1552 3630 1649 3690 abge¬

1687 3634 1751 3694 zier
1782 3630 1807 3690 in
1838 3633 1983 3693 Venedig
2020 3639 2216 3699 verheiratet
2247 3642 2332 3702 war,
2358 3645 2382 3705 in
2418 3645 2519 3705 dieser
2544 3646 2614 3706 ein¬

724 3663 847 3723 stimmt
874 3666 904 3726 zu
936 3666 992 3726 sein
1028 3665 1039 3725 —
1096 3669 1121 3729 in
1153 3669 1333 3729 Wahrheit
1360 3672 1437 3732 aber
1463 3675 1571 3735 schafft
1598 3674 1649 3734 der

1686 3675 1841 3735 geengten
1877 3681 2092 3741 Atmosphäre
2123 3684 2179 3744 des
2209 3686 2420 3746 italienischen
2456 3689 2611 3749 Frauen¬

717 3707 918 3767 Augenblick
950 3709 1040 3769 selbst
1072 3711 1135 3771 erst
1162 3711 1215 3771 die
1248 3715 1459 3775 Erregungen
1501 3718 1554 3778 der
1587 3715 1644 3775 Ge¬

1684 3717 1834 3777 schicksals
1870 3722 2036 3782 zugrunde
2067 3727 2142 3787 ging
2178 3728 2238 3788 und
2274 3729 2364 3789 durch
2400 3733 2606 3793 Selbstmord

721 3749 830 3809 fühle.
856 3752 996 3812 Dadurch
1037 3752 1092 3812 hat
1117 3758 1313 3818 Schnitzlers
1348 3760 1469 3820 Drama
1504 3759 1549 3819 ein
1590 3759 1649 3819 un¬

1686 3761 1811 3821 endete.
1847 3766 1987 3826 Seitdem
2039 3768 2109 3828 war
2139 3770 2185 3830 die
2205 3773 2523 3833 Widerstandskraft
2553 3777 2603 3837 des

717 3794 934 3854 aufhörliches
986 3794 1167 3854 Aufblitzen
1234 3800 1294 3860 von
1376 3803 1639 3863 verschiedensten

1686 3803 1831 3863 Geistes,
1852 3808 1901 3868 die
1932 3809 1957 3869 in
1992 3809 2047 3869 dem
2093 3812 2199 3872 Snott
2229 3815 2289 3875 und
2320 3816 2375 3876 der
2406 3820 2521 3880 Satire
2551 3821 2611 3881 sei¬

719 3839 985 3899 Aeußerungen,
1035 3842 1085 3902 wo
1121 3845 1277 3905 Naivität
1333 3848 1393 3908 mit
1423 3847 1649 3907 Blasiertheit,

1681 3851 1741 3911 ner
1769 3851 1918 3911 Dramas
1951 3854 2002 3914 zum
2050 3856 2218 3916 Ausdruck
2246 3860 2334 3920 kam,
2368 3865 2610 3925 untergraben.
