3392 4352
188 162 239 222 van
265 162 316 222 hem
360 161 403 221 dat
430 157 506 217 werd
533 155 696 215 opgevoerd
723 153 748 213 en
783 151 852 211 tuee
879 148 938 208 jaar
965 145 1032 205 later

180 200 260 260 kwam
309 198 363 258 het
393 195 489 255 cerste
526 192 632 252 groote
665 189 772 249 succes
809 186 955 246 Liebelei,
985 182 1036 242 dat

181 240 228 300 dra
254 237 305 297 ook
335 237 356 297 in
382 234 433 294 het
452 231 623 291 buitenland
653 228 726 288 werd
752 225 891 285 gespeeld
921 223 946 283 en
975 222 1037 282 met

179 276 244 336 niet
270 276 387 336 minder
417 273 519 333 succes
552 270 603 330 dan
637 269 662 329 in
695 267 849 327 Weenen,
875 261 966 321 welks
996 259 1039 319 at¬

179 315 311 375 mosteer
337 312 388 372 het
407 312 458 372 zoo
484 309 613 369 treffend
643 308 705 368 gaf.
727 306 753 366 In
786 303 914 363 Weenen
944 297 1040 357 speelt

177 354 228 414 ook
269 352 320 412 het
350 350 479 410 volgend
535 348 597 408 jaar
630 344 814 404 verschenen
855 342 917 402 stuk
958 335 1039 395 Frei¬

181 390 262 450 wild,
288 390 317 450 en
350 389 372 449 in
405 386 556 446 hetzelfde
585 384 648 444 jaar
674 380 861 440 ontstonden
895 377 946 437 ook
979 376 1034 436 zijn

185 431 314 491 Reigen,
337 429 391 489 nog
425 425 488 485 niet
510 422 640 482 zooveel
666 422 743 482 jaren
781 419 902 479 geleden
936 415 987 475 pas
1017 414 1039 474 in

181 467 232 527 het
261 466 488 526 Nederlandsch
544 461 694 521 vertaald.
738 458 775 518 Ze
808 455 925 515 werden
958 452 1042 512 trou¬

181 509 219 569 we
250 507 261 567 s
288 500 371 560 axet
398 500 421 560 in
459 498 523 558 1020
554 499 584 559 en
619 499 672 559 dan
707 497 759 557 nog
794 494 916 554 feitelijk
950 491 1034 551 tegen

181 550 232 610 2."
266 545 328 605 wil,
347 543 512 603 veer
534 539 670 599 gedrukt
693 535 721 595 en
751 533 828 593 werd
862 533 928 593 deze
954 530 1038 590 recks

181 584 232 644 van
267 583 321 643 tien
359 580 507 640 erotische
541 576 695 636 tooneelen
730 571 922 631 opgevoerd.

223 631 281 691 Een
318 629 399 689 heele
433 625 517 685 reeks
551 622 665 682 werken
702 620 724 680 is
757 619 860 679 elkaar
890 616 1041 676 sindsdien

181 671 369 731 opgevolgd.
417 662 472 722 We
506 663 642 723 volstaan
680 659 742 719 met
772 658 797 718 te
831 655 982 715 noemen:
1012 653 1041 713 de

184 712 246 772 drie
270 707 430 767 eenakters
454 700 634 760 Paracelsus
661 697 712 757 Die
740 694 895 754 Gefährtin
923 692 954 752 en
982 691 1044 751 Der

187 751 279 811 grüne
308 747 432 807 Kakadu
461 742 485 802 in
514 739 598 799 1898,
619 739 666 799 het
691 736 792 796 drama
820 732 884 792 Der
909 730 1042 790 Schleier

178 788 226 848 der
251 786 390 846 Beatrice
419 782 443 842 in
473 777 558 837 1899,
579 777 611 837 de
637 774 776 834 komedie
805 770 1050 830 Zwischenspiel

186 827 209 887 in
242 825 331 885 1904,
352 822 412 882 Der
441 819 533 879 junge
566 816 748 876 Medardus,
773 810 910 870 waarvan
943 807 987 867 hij
1012 805 1044 865 de

185 864 303 924 titelrol
323 862 393 922 voor
417 858 508 918 Jozef
532 856 626 916 Kainz
654 852 704 912 had
736 849 889 909 bestemd,
909 848 953 908 die
977 846 1047 906 haar

184 903 325 963 evenwel
347 899 411 959 niet
436 899 513 959 meer
539 895 624 955 heeft
645 891 762 951 kunnen
794 888 911 948 spelen,
932 885 985 945 dan
1014 882 1045 942 de

190 942 402 1002 tragicomedie
439 936 472 996 op
512 934 563 994 het
597 929 817 989 ouderworden
861 925 923 985 Das
960 924 1044 984 weite

188 980 269 1040 Land
304 978 325 1038 in
359 975 428 1035 1910
458 974 488 1034 en
518 974 543 1034 in
574 971 643 1031 1912
673 970 728 1030 zijn
763 965 921 1025 Professor
952 962 1050 1022 Bern¬

188 1019 288 1079 hardi,
309 1018 389 1078 waar
410 1013 539 1073 zooveel
560 1011 591 1071 om
633 1010 656 1070 te
681 1008 753 1068 doen
782 1007 806 1067 is
827 1002 976 1062 geweest.
996 1000 1052 1060 Uit

190 1060 277 1120 latere
311 1056 394 1116 jaren
428 1053 553 1113 noemen
592 1050 633 1110 we
667 1049 726 1109 nog
764 1045 826 1105 Der
856 1043 943 1103 Gang
977 1040 1031 1100 zum

200 1096 320 1156 Weiher
348 1095 390 1155 uit
418 1092 501 1152 1925.

228 1143 416 1203 Schnitzlers
454 1139 598 1199 bizonder
631 1136 663 1196 en
704 1133 796 1193 groot
829 1130 926 1190 talent
958 1127 1050 1187 open¬

190 1183 299 1243 baarde
327 1181 385 1241 zich
414 1179 433 1239 in
461 1177 515 1237 zijn
543 1174 723 1234 verhalende
751 1170 864 1230 werken
896 1168 954 1228 niet
978 1165 1052 1225 min¬

195 1222 242 1282 der
266 1219 317 1279 dan
345 1219 368 1279 in
396 1218 447 1278 zijn
475 1213 722 1273 tooneelspelen.
739 1210 770 1270 In
798 1207 864 1267 1892
888 1207 1049 1267 verscheen

193 1258 335 1318 Sterben,
362 1257 413 1317 dat
439 1255 471 1315 de
505 1252 611 1312 laatste
641 1250 736 1310 dagen
770 1246 821 1306 van
858 1246 905 1306 een
939 1244 1056 1304 tering¬

196 1298 276 1358 lijder
313 1296 478 1356 realistisch
519 1290 676 1350 schildert.
709 1287 773 1347 Het
806 1285 883 1345 werd
920 1282 1048 1342 gevolgd

190 1336 264 1396 door
289 1337 338 1397 een
371 1335 473 1395 groote
502 1331 587 1391 reeks
615 1327 771 1387 novellen,
793 1324 927 1384 waarvan
959 1321 998 1381 we
1027 1322 1047 1382 in

192 1374 244 1434 het
272 1374 430 1434 bijzonder
479 1370 603 1430 noemen
657 1365 782 1425 Doktor
831 1362 972 1422 Gräsler,
996 1359 1056 1419 Ba¬

196 1413 311 1473 de-arzt
342 1412 449 1472 (1917)
497 1407 685 1467 Casanova’s
738 1401 918 1461 Heimfahrt
948 1398 1055 1458 (1918)

202 1452 334 1512 Fräulein
371 1450 441 1510 Else
477 1449 600 1509 (1924),
627 1446 680 1506 Die
716 1443 791 1503 Frau
827 1441 879 1501 des
915 1440 1052 1500 Richters

201 1492 319 1552 (1925),
342 1489 575 1549 Traumuovelle
607 1485 730 1545 (1927),
753 1482 783 1542 en
815 1476 964 1536 Therese.
987 1476 1048 1536 Zijn

193 1531 293 1591 eenige
322 1530 428 1590 groote
456 1527 558 1587 roman
586 1525 610 1585 is
636 1523 696 1583 Der
725 1521 798 1581 Weg
826 1519 871 1579 ins
895 1515 997 1575 Freie,
1017 1515 1061 1575 uit

201 1568 279 1628 1908,
303 1568 413 1628 waarin
465 1565 507 1625 hij
551 1562 602 1622 een
634 1559 779 1619 synthese
811 1557 893 1617 geeft
921 1553 971 1613 van
1007 1553 1058 1613 het

201 1607 373 1667 geestelijke
403 1604 484 1664 leven
519 1603 570 1663 van
609 1599 738 1659 Weenen
773 1595 949 1655 omstreeks
980 1592 1061 1652 1900.

195 1649 259 1709 Zijn
285 1646 392 1706 laatste
419 1643 539 1703 werken
565 1641 621 1701 zijn
651 1638 711 1698 Der
737 1637 823 1697 Geist
845 1636 870 1696 im
914 1631 1004 1691 Wort
1026 1631 1055 1691 en

196 1686 260 1746 Das
289 1686 369 1746 Buch
402 1683 454 1743 der
482 1682 599 1742 Spüche
628 1678 685 1738 und
717 1676 899 1736 Bedenken,
919 1670 1060 1730 aphoris¬

195 1726 277 1786 men,
293 1724 512 1784 opmerkingen
540 1721 571 1781 en
599 1715 868 1775 dagboekbladen,
885 1712 927 1772 die
951 1710 1060 1770 prach¬

198 1762 233 1822 tig
261 1762 425 1822 materiaal
441 1759 546 1819 bleken
574 1759 605 1819 om
645 1754 817 1814 Schnitzler
841 1751 891 1811 ook
923 1750 966 1810 als
990 1749 1060 1809 den¬

195 1805 247 1865 ker
295 1801 323 1861 te
356 1801 453 1861 leeren
490 1798 622 1858 kennen.
668 1795 756 1855 Maar
789 1790 958 1850 Schnitzler
1015 1789 1059 1849 als

198 1843 339 1903 mensch,
361 1840 421 1900 met
446 1838 516 1898 wien
549 1836 598 1896 het
623 1833 821 1893 voorbericht
842 1830 966 1890 nauwer
991 1827 1061 1887 con¬

201 1883 260 1943 tact
280 1879 438 1939 beloofde,
454 1876 541 1936 komt
561 1876 584 1936 in
608 1872 754 1932 zooverre
778 1870 892 1930 slechts
916 1867 1062 1927 eenzijdig

197 1923 240 1983 tot
264 1921 311 1981 den
339 1918 433 1978 lezer,
449 1918 488 1978 als
512 1918 543 1978 al
559 1916 590 1976 de
614 1912 727 1972 gouden
755 1910 787 1970 en
811 1910 912 1970 innige
937 1906 1058 1966 warmte

197 1961 240 2021 die
288 1959 354 2019 men
386 1956 515 2016 speurde
563 1954 586 2014 in
622 1950 810 2010 Schnitzler,
850 1947 959 2007 zoodra
991 1944 1053 2004 men

202 1998 302 2058 luttele
335 1995 556 2055 cgenblikken
609 1992 670 2052 met
699 1989 751 2049 hem
795 1986 960 2046 gesproken
997 1986 1065 2046 had,

200 2038 262 2098 zich
292 2037 312 2097 in
342 2037 388 2097 ait
409 2033 518 2093 boekje
547 2031 710 2091 verborgen
744 2028 840 2088 heeft.

249 2085 398 2145 Wanneer
449 2082 511 2142 men
561 2079 636 2139 daar
665 2079 706 2139 bij
732 2076 902 2136 Schnitzler
932 2071 1060 2131 binnen-

203 2124 320 2184 kwam,
339 2124 390 2184 zoo
416 2119 493 2179 werd
523 2120 575 2180 nog
604 2117 685 2177 maar
711 2115 814 2175 luttele
840 2112 984 2172 maanden
1014 2110 1065 2170 ge¬

207 2162 285 2222 leden
313 2160 518 2220 geschreven,
534 2159 557 2219 in
585 2158 640 2218 zijn
668 2154 769 2214 lichte,
790 2152 852 2212 niet
873 2151 1053 2211 overdreven

204 2204 329 2264 groote,
353 2201 436 2261 maar
463 2198 485 2258 in
520 2198 561 2258 elk
596 2196 687 2256 geval
711 2192 878 2252 verzorgde
909 2189 977 2249 villa
1008 2188 1057 2248 aan

208 2240 252 2300 den
289 2240 358 2300 rand
411 2237 464 2297 van
501 2235 655 2295 Weenen,
676 2234 761 2294 dicht
790 2232 834 2292 bij
860 2230 908 2290 het
941 2228 1062 2288 Wiener

217 2281 316 2341 Wald,
339 2279 491 2339 omvangt
518 2276 529 2336 u
563 2276 612 2336 een
647 2274 761 2334 gevoel
784 2270 837 2330 van
872 2268 1061 2328 vertrouwde

208 2321 469 2381 behaaglijkheid.
520 2315 548 2375 In
587 2314 658 2374 deze
688 2312 776 2372 blije,
798 2309 958 2369 precieuze
988 2309 1063 2369 suite

213 2360 273 2420 met
293 2359 368 2419 haar
392 2356 536 2416 kostbaar
559 2352 768 2412 citroenhout,
787 2350 874 2410 zacht
897 2347 984 2407 groen
1015 2345 1068 2405 zij¬

213 2400 258 2460 den
297 2398 484 2458 bespanning
549 2392 610 2452 met
641 2391 690 2451 een
729 2389 817 2449 schat
848 2387 897 2447 van
936 2386 1065 2446 ragfijne

209 2437 347 2497 planten,
367 2434 476 2494 sierlijk
513 2431 661 2491 porcelein
693 2430 724 2490 en
756 2428 866 2488 zilver,
886 2428 984 2488 hangt
1008 2425 1055 2485 een

211 2476 287 2536 sfeer
317 2476 366 2536 van
401 2473 469 2533 orde
500 2473 526 2533 en
560 2470 720 2530 verfijning
754 2467 803 2527 van
834 2466 1065 2526 levensharmo¬

209 2517 251 2577 nie
282 2515 312 2575 en
343 2514 442 2574 edelen
476 2510 583 2570 zwier,
602 2509 648 2569 die
675 2508 709 2568 op
740 2506 903 2566 overigens
930 2504 1063 2564 ondoor-

212 2553 401 2613 grondelijke
434 2550 514 2610 wijze
543 2547 704 2607 associatie
733 2544 813 2604 wekt
842 2543 902 2603 met
931 2541 963 2601 de
992 2541 1064 2601 18de

214 2592 285 2652 eeuw
324 2592 388 2652 met
411 2591 460 2651 het
487 2588 657 2648 Weensche
684 2585 809 2645 rococo.
832 2582 915 2642 Maar
942 2580 983 2640 als
1010 2580 1063 2640 dan

217 2631 247 2691 de
281 2631 394 2691 kleine,
421 2628 527 2688 ietwat
554 2625 728 2685 gedrongen
766 2622 909 2682 gestalte,
940 2619 1000 2679 met
1031 2619 1065 2679 de

213 2670 378 2730 machtige,
403 2667 548 2727 stekende
580 2665 611 2725 en
643 2664 709 2724 toch
745 2660 824 2720 weer
852 2659 926 2719 alles
954 2658 1068 2718 begrij¬

215 2710 310 2770 pende
340 2709 457 2769 oogen,
481 2706 533 2766 het
560 2703 643 2763 ovale
678 2703 780 2763 gelaat
807 2699 955 2759 omsloten
993 2697 1065 2757 door

217 2750 235 2810 ’n
261 2747 418 2807 achteloos
440 2743 693 2803 neerhangenden
723 2740 850 2800 haardos
877 2738 902 2798 en
932 2737 979 2797 een
1008 2737 1070 2797 lan¬

211 2790 283 2850 gen,
325 2786 457 2846 zwarten
511 2782 700 2842 puntbaard,
746 2779 768 2839 is
803 2777 1079 2837 binnengetreden,

217 2828 311 2888 hangt
331 2828 353 2888 in
380 2826 429 2886 het
449 2823 581 2883 gansche
605 2819 722 2879 vertrek
749 2819 783 2879 de
806 2817 912 2877 dwang
939 2816 988 2876 van
1019 2813 1064 2873 een

213 2867 312 2927 zware
361 2862 665 2922 tegenwoordigheid
722 2858 771 2918 een
806 2857 908 2917 intens
942 2855 1063 2915 geladen

217 2906 338 2966 centrum
384 2906 436 2966 van
471 2903 512 2963 als
543 2900 686 2960 geweldig
721 2897 883 2957 vermoede
914 2894 1073 2954 krachten,

217 2944 260 3004 die
287 2944 331 3004 bij
349 2944 402 3004 alle
429 2941 610 3001 innemende
637 2938 889 2998 vriendelijkheid
916 2934 991 2994 door
1013 2931 1066 2991 den

216 2983 367 3043 bezoeker
391 2983 436 3043 als
459 2983 493 3043 op
524 2980 576 3040 den
607 2977 812 3037 achtergrond
839 2974 964 3034 aanwez
1022 2970 1074 3030 ge¬

215 3022 303 3082 voeld
335 3022 475 3082 worden.

253 3070 357 3130 Boven
390 3070 414 3130 in
447 3069 499 3129 zijn
532 3067 686 3127 beknopte
714 3063 904 3123 werkkamer
933 3061 998 3121 met
1022 3061 1074 3121 het

217 3112 303 3172 wijde
331 3109 460 3169 uitzicht
484 3109 558 3169 door
586 3105 636 3165 het
660 3103 770 3163 breede
798 3100 986 3160 erkerraam,
1010 3097 1076 3157 ver¬

215 3151 297 3211 haalt
318 3149 491 3209 Schnitzler
515 3144 715 3204 glimlachend
744 3141 794 3201 van
822 3141 877 3201 zijn
905 3138 999 3198 eerste
1023 3136 1074 3196 be¬

216 3189 286 3249 zock
316 3189 365 3249 aan
395 3186 570 3246 Nederland
595 3184 636 3244 als
662 3182 787 3242 17-jarig
812 3180 966 3240 jongeling
996 3176 1074 3236 teza¬

217 3229 279 3289 men
312 3228 374 3288 met
397 3228 452 3288 zijn
485 3225 592 3285 vader,
610 3222 661 3282 den
695 3218 875 3278 beroemden
908 3216 1081 3276 professor,

220 3268 260 3328 ter
283 3268 480 3328 gelegenheid
510 3264 561 3324 van
587 3261 634 3321 een
661 3261 792 3321 medisch
818 3258 965 3318 congres,
984 3258 1075 3318 waar¬

218 3309 290 3369 over
314 3309 350 3369 de
375 3306 463 3366 jonge
492 3303 637 3363 schrijver
662 3300 714 3360 aan
746 3297 915 3357 Weensche
944 3297 1077 3357 vaktijd¬

221 3347 361 3407 schriften
393 3344 548 3404 verslagen
583 3338 735 3398 gezonden
769 3338 864 3398 heeft.
887 3335 1077 3395 Merkwaar¬

221 3386 260 3446 dig
292 3386 339 3446 als
363 3384 429 3444 men
461 3383 594 3443 bedenkt
622 3380 672 3440 hoe
704 3378 735 3438 de
763 3377 857 3437 jonge
885 3374 1018 3434 medicus
1046 3372 1069 3432 in

221 3425 253 3485 de
279 3425 415 3485 schaduw
456 3422 577 3482 gestaan
611 3418 691 3478 moet
717 3416 831 3476 hebben
865 3413 916 3473 van
946 3413 997 3473 den
1030 3411 1081 3471 be¬

219 3464 359 3524 roemden
386 3461 492 3521 vader,
512 3458 622 3518 terwijl
641 3458 689 3518 een
719 3455 830 3515 geheel
849 3452 959 3512 andere
986 3452 1078 3512 werk¬

221 3503 377 3563 zaamheid
409 3500 432 3560 in
465 3500 515 3560 het
539 3498 715 3558 geestelijke
747 3494 825 3554 leven
861 3494 994 3554 hemzelf
1022 3491 1072 3551 den

227 3541 416 3601 wereldnaam
456 3538 605 3598 gebracht
630 3535 724 3595 heeft.

265 3586 309 3646 De
353 3588 474 3648 mensch
507 3586 680 3646 Schnitzler
705 3583 797 3643 toont
822 3580 882 3640 zich
911 3580 935 3640 in
967 3580 999 3640 de
1028 3578 1076 3638 ge¬

227 3625 511 3685 dachtenwisseling
549 3626 564 3686 n
595 3622 936 3682 gesprekskunstenaar
963 3619 1004 3679 bij
1024 3618 1080 3678 uit¬

225 3667 444 3727 nemendheid.
488 3664 546 3724 Hij
570 3664 660 3724 praat
684 3661 773 3721 druk,
797 3660 875 3720 snel,
899 3658 1008 3718 ernstig
1044 3658 1071 3718 en

228 3706 361 3766 prachtig
385 3706 483 3766 houdt
503 3703 546 3763 huj
562 3703 593 3763 de
617 3700 726 3760 draden
754 3700 804 3760 van
832 3700 883 3760 het
899 3697 1024 3757 gesprek
1052 3697 1075 3757 in

230 3744 257 3804 de
309 3744 403 3804 hand.
427 3741 517 3801 Niets
541 3741 568 3801 is
596 3741 623 3801 er
651 3739 674 3799 in
706 3738 906 3798 Schnitzler's
934 3735 1075 3795 optreden

228 3783 277 3843 van
312 3785 357 3845 een
388 3783 510 3843 afstand
540 3780 590 3840 van
621 3777 773 3837 uiterlijke
800 3777 830 3837 of
857 3774 1081 3834 neerbuigende

230 3825 504 3885 hooghartigheid.
554 3818 725 3878 Schnitzler
758 3816 841 3876 heeft
871 3814 920 3874 den
958 3813 1074 3873 afstand

232 3866 273 3926 tot
296 3864 349 3924 zijn
380 3860 629 3920 medemenschen
661 3857 721 3917 niet
744 3855 793 3915 van
823 3855 933 3915 noode,
952 3855 982 3915 ze
1005 3854 1027 3914 is
1051 3852 1080 3912 er

230 3901 283 3961 van
313 3903 371 3963 zelf
393 3902 446 3962 .En
476 3900 592 3960 telkens
618 3896 730 3956 tijdens
756 3894 801 3954 dit
823 3894 910 3954 lange
935 3891 964 3951 en
994 3891 1085 3951 fasci¬

234 3941 379 4001 neerende
409 3940 533 4000 gesprek
567 3935 625 3995 was
654 3935 704 3995 het
729 3935 758 3995 of
783 3932 895 3992 zonder
921 3929 1078 3989 merkbart

235 3980 402 4040 aanleiding
434 3977 529 4037 boven
566 3974 615 4034 een
647 3974 692 4034 als
724 3971 859 4031 terloops
887 3971 1085 4031 neergewor¬

235 4020 283 4080 pen
311 4017 408 4077 thema
437 4016 501 4076 met
522 4016 623 4076 enkele
647 4013 805 4073 volzinnen
837 4010 898 4070 met
918 4010 966 4070 een
995 4010 1088 4070 luttél

235 4058 343 4118 gebaar
364 4056 420 4116 iets
445 4055 545 4115 slanks
570 4055 598 4115 en
627 4055 699 4115 hoog
732 4052 905 4112 oprijzends
930 4049 1002 4109 werd
1031 4047 1083 4107 op¬

233 4097 400 4157 gebouwd.
417 4094 498 4154 Geen
525 4094 665 4154 wonder;
683 4094 730 4154 hij
747 4091 893 4151 koepelde
915 4089 944 4149 er
966 4088 1000 4148 de
1026 4087 1086 4147 up¬

234 4138 297 4198 reld
323 4138 351 4198 en
382 4137 431 4197 het
453 4132 533 4192 leven
559 4132 706 4192 omheen.

1767 422 2468 482 OBSERVER

1856 487 1875 547 I.
1892 485 2009 545 österr.
2022 478 2167 538 behördl.
2181 471 2476 531 konzessioniertes

1809 524 2043 584 Unternehmen
2073 520 2118 580 für
2145 510 2530 570 Zeitungs-Ausschnitte

1870 579 2013 639 WIEN,
2040 581 2085 641 I.,
2112 576 2393 636 WOLLZEILE
2439 568 2484 628 11

1966 631 2178 691 TELEPHON
2209 623 2381 683 R-23-0-43

1763 738 2045 798 Correspondants
2074 733 2146 793 dans
2173 729 2278 789 toutes
2302 727 2347 787 les
2374 724 2465 784 grand

1858 842 1902 902 Ja
1934 849 2092 909 lournal:

2138 924 2220 984 Het
2239 927 2330 987 Volk

2117 977 2347 1037 Amsterdam

1770 1201 2009 1261 Kunst
2056 1199 2124 1259 en
2194 1196 2582 1256 Letteren.

1780 1384 1964 1444 Arthur
1993 1383 2258 1443 Schnitzler
2294 1376 2568 1436 overleden.

1983 1524 2158 1584 Weensch
2197 1519 2379 1579 medicus,
2405 1513 2536 1573 auteur
2569 1509 2656 1569 van?

2033 1590 2101 1650 vele
2131 1587 2193 1647 ook
2228 1586 2257 1646 in
2292 1582 2441 1642 Holland
2477 1577 2661 1637 bekende)

2032 1655 2199 1715 werken.

1768 1747 1886 1807 Zooals
1909 1745 2001 1805 reeds
2024 1743 2080 1803 het
2098 1741 2327 1801 ochtendblad
2354 1739 2429 1799 kort
2451 1733 2640 1793 vermeldde

1727 1788 1752 1848 is
1779 1787 1817 1847 de
1847 1784 2027 1844 Weensche
2057 1780 2336 1840 arts-schrijver,
2353 1771 2567 1831 Schnitzler,
2585 1768 2636 1828 ten

1725 1825 1862 1885 gevolge
1899 1822 1999 1882 eener
2033 1819 2187 1879 beroerte
2224 1816 2257 1876 op
2299 1813 2403 1873 negen
2445 1809 2478 1869 en
2520 1807 2644 1867 zestig¬

1729 1863 1853 1923 jarigen
1884 1861 2012 1921 leeftijd
2043 1856 2237 1916 gestorven.
2256 1854 2326 1914 Zijn
2357 1848 2481 1908 laatste
2508 1844 2644 1904 levens¬

1734 1903 1822 1963 jaren
1859 1900 1920 1960 zijn
1952 1897 2058 1957 grauw
2098 1894 2130 1954 en
2163 1892 2309 1952 eenzaam
2358 1885 2520 1945 geweest,
2541 1882 2653 1942 zooals

1731 1938 1768 1998 de
1806 1937 1897 1997 geest
1931 1935 1981 1995 die
2014 1933 2131 1993 ademt
2165 1930 2214 1990 uit
2244 1930 2306 1990 zijn
2344 1927 2476 1987 jongste
2515 1921 2643 1981 werken

1738 1977 1905 2037 „Fräulein
1938 1973 2032 2033 Else"
2060 1971 2091 2031 en
2123 1967 2327 2027 „Thérèse”.
2346 1965 2399 2025 Als
2427 1962 2481 2022 wij
2504 1958 2563 2018 ons
2590 1958 2653 2018 wel

1731 2013 1935 2073 herinneren
1972 2010 2068 2070 heeft
2098 2007 2318 2067 Schnitzler's
2348 2001 2464 2061 eenige
2498 1998 2660 2058 dochter,

1731 2055 1782 2115 die
1813 2051 1949 2111 gehuwd
1984 2049 2047 2109 was
2074 2046 2146 2106 met
2172 2043 2223 2103 een
2258 2040 2467 2100 Italiaansch
2502 2036 2655 2096 officier,

1733 2091 1853 2151 enkele
1883 2089 1974 2149 jaren
2012 2086 2149 2146 geleden
2187 2082 2265 2142 door
2295 2079 2349 2139 een
2387 2076 2444 2136 val
2470 2074 2528 2134 van
2566 2073 2653 2133 haar

1744 2130 1842 2190 paard
1879 2127 1942 2187 het
1970 2124 2060 2184 leven
2101 2120 2272 2180 verloren.
2300 2116 2385 2176 Deze
2418 2114 2516 2174 ramp
2553 2112 2652 2172 heeft

1734 2165 1925 2225 Schnitzler
1963 2160 2033 2220 niet
2071 2159 2162 2219 meer
2200 2156 2333 2216 kunnen
2379 2150 2570 2210 verzetten,
2600 2149 2653 2209 hij

1744 2204 1846 2264 leefde
1881 2201 2053 2261 sindsdien
2096 2196 2379 2256 teruggetrokken
2423 2189 2457 2249 en
2496 2189 2560 2249 zijn
2599 2184 2659 2244 ge¬

1739 2243 1902 2303 zondheid
1936 2240 2066 2300 schijnt
2095 2236 2216 2296 ernstig
2250 2232 2419 2292 geschokt
2442 2228 2475 2288 te
2503 2229 2578 2289 zijii
2602 2224 2657 2284 ge¬

1746 2280 1862 2340 weest.

1784 2320 1817 2380 In
1846 2317 2065 2377 Schnitzler's
2090 2312 2242 2372 romans,
2257 2309 2410 2369 novellen
2439 2306 2472 2366 en
2506 2302 2658 2362 tooneel¬

1744 2356 1868 2416 werken
1909 2353 2051 2413 spreekt
2083 2350 2118 2410 de
2154 2348 2354 2408 omgeving,
2381 2344 2505 2404 waarin
2545 2341 2598 2401 hij
2630 2338 2661 2398 te

1752 2395 1880 2455 Weenen
1911 2393 1936 2453 in
1967 2390 2000 2450 de
2022 2389 2146 2449 tweede
2168 2386 2258 2446 helft
2280 2385 2335 2445 der
2353 2383 2464 2443 vorige
2490 2380 2567 2440 eeuw
2598 2377 2661 2437 op¬

1744 2434 1898 2494 groeide.
1915 2431 1966 2491 Als
1988 2428 2064 2488 zoon
2091 2427 2150 2487 van
2180 2425 2231 2485 een
2262 2423 2406 2483 medisch
2437 2419 2659 2479 hoogleeraar

1744 2473 1807 2533 aan
1855 2468 1893 2528 de
1936 2467 2119 2527 Weensche
2162 2462 2396 2522 universiteit,
2431 2456 2503 2516 met
2542 2455 2661 2515 tevens

1746 2510 1857 2570 groote
1896 2506 2159 2566 belangstelling
2203 2503 2280 2563 voor
2315 2498 2422 2558 kunst
2449 2495 2483 2555 en
2518 2493 2659 2553 letteren

1744 2547 1782 2607 en
1813 2546 1859 2606 die
1881 2544 1940 2604 dan
1971 2544 2026 2604 ook
2057 2543 2120 2603 vele
2147 2539 2275 2599 geziene
2301 2535 2441 2595 artisten
2472 2532 2574 2592 onder
2596 2530 2656 2590 zijn

1777 2586 1926 2646 atlenten
1962 2582 2066 2642 telde,
2084 2577 2265 2637 verkeerde
2297 2576 2346 2636 hij
2369 2573 2463 2633 sinds
2491 2571 2549 2631 zijn
2586 2568 2662 2628 jon¬

1752 2623 1928 2683 gensjaren
1958 2620 1983 2680 in
2019 2619 2074 2679 het
2100 2616 2293 2676 gezelschap
2324 2613 2383 2673 van
2414 2611 2448 2671 de
2479 2607 2569 2667 beste
2595 2607 2667 2667 ver¬

1756 2661 2064 2721 tegenwoordigers
2090 2656 2145 2716 der
2172 2652 2432 2712 universitaire-
2459 2647 2493 2707 en
2528 2646 2668 2706 kunste¬

1756 2700 2021 2760 naarskringen,
2038 2694 2210 2754 benevens
2231 2690 2403 2750 degenen,
2420 2688 2467 2748 die
2489 2685 2557 2745 zich
2587 2685 2668 2745 daar

1752 2738 1944 2798 gewoonlijk
1979 2735 2039 2795 ook
2069 2732 2197 2792 gaarne
2228 2729 2404 2789 bewegen,
2430 2727 2464 2787 de
2499 2724 2670 2784 vooraan-

1750 2774 1921 2834 staanden
1951 2774 2002 2834 uit
2024 2768 2315 2828 handelskringen
2345 2765 2379 2825 en
2414 2762 2636 2822 bankwezen.

1799 2815 1828 2875 In
1863 2812 2046 2872 navolging
2081 2807 2140 2867 van
2179 2807 2234 2867 den
2274 2804 2375 2864 vader
2406 2802 2486 2862 gaat
2517 2801 2555 2861 de
2585 2798 2662 2858 zoon

1757 2850 1834 2910 voor
1873 2850 1992 2910 dokter
2031 2846 2210 2906 studeeren
2258 2842 2292 2902 en
2340 2840 2467 2900 vestigt
2502 2837 2596 2897 zich,
2626 2837 2669 2897 na

1759 2891 1872 2951 vooraf
1900 2888 1959 2948 aan
1996 2884 2288 2944 buitenlandsche
2316 2879 2511 2939 klinieken,
2530 2876 2562 2936 te
2590 2873 2676 2933 heb¬

1756 2927 1817 2987 ben
1853 2927 2020 2987 gewerkt,
2042 2921 2231 2981 omstreeks
2267 2918 2337 2978 1895
2368 2918 2416 2978 als
2448 2914 2676 2974 militair-ge¬

1756 2962 1944 3022 neesheer.
1966 2960 2030 3020 Zoo
2065 2958 2171 3018 wordt
2202 2956 2424 3016 Schnitzler's
2455 2950 2673 3010 kennisan

1763 3003 1821 3063 het
1840 3001 1952 3061 milieu
1980 2998 2038 3058 der
2061 2998 2224 3058 „hoogere
2247 2992 2419 3052 standen”
2442 2989 2468 3049 in
2501 2989 2559 3049 het
2587 2986 2677 3046 Wee¬

1762 3039 1821 3099 nen
1865 3039 1924 3099 van
1972 3036 2165 3096 omstreeks
2208 3031 2294 3091 1900,
2329 3028 2564 3088 vermeerderd
2612 3025 2684 3085 met

1762 3080 1819 3140 zijn
1872 3076 2075 3136 ervaringen
2128 3073 2158 3133 in
2212 3070 2274 3130 het
2318 3067 2688 3127 officierenwereldje,

1764 3116 1855 3176 waar
1876 3112 2196 3172 standsbewustzijn
2230 3108 2263 3168 en
2292 3106 2554 3166 vormendienst
2576 3103 2683 3163 hoog¬

1769 3155 1809 3215 tij
1836 3153 1967 3213 vieren,
1995 3150 2058 3210 wel
2090 3147 2249 3207 volledig.
2276 3144 2334 3204 Hij
2362 3144 2389 3204 is
2421 3142 2475 3202 een
2517 3139 2575 3199 der
2607 3138 2683 3198 best

1762 3192 1963 3252 ingevoerde
1994 3189 2087 3249 leden
2122 3186 2182 3246 van
2216 3183 2276 3243 dat
2302 3180 2537 3240 kunstmatige
2567 3177 2683 3237 maat-

1762 3225 2401 3285 schappijtje-in-de-maatschappij,
2433 3216 2574 3276 hetwelk
2618 3215 2679 3275 zijn

1768 3270 1853 3330 leven
1893 3268 1978 3328 leidt
2004 3263 2230 3323 afgezonderd
2265 3260 2299 3320 en
2338 3258 2385 3318 ten
2424 3255 2517 3315 koste
2552 3253 2611 3313 van
2646 3250 2684 3310 de

1768 3309 1883 3369 groote
1914 3306 2042 3366 massa,
2064 3303 2089 3363 in
2124 3302 2162 3362 de
2192 3298 2423 3358 overtuiging,
2445 3294 2505 3354 dat
2531 3291 2590 3351 het
2616 3290 2689 3350 uit¬

1768 3346 1913 3406 sluitend
1940 3343 1992 3403 zoo
2019 3341 2163 3401 behoort
2186 3338 2212 3398 te
2239 3337 2321 3397 zijn,
2335 3333 2458 3393 zonder
2480 3332 2594 3392 begrip
2621 3328 2677 3388 van

1767 3383 1891 3443 sociale
1917 3380 2071 3440 nooden,
2088 3377 2212 3437 zonder
2239 3375 2294 3435 oog
2324 3374 2400 3434 voor
2427 3371 2465 3431 de
2491 3370 2555 3430 zich
2590 3368 2687 3428 lang¬

1768 3422 1851 3482 zaam
1918 3419 2164 3479 voltrekkende
2218 3413 2487 3473 veranderingen
2544 3406 2672 3466 rondom

1777 3459 1862 3519 hen.

1818 3494 1875 3554 Van
1914 3496 1966 3556 den
2001 3494 2144 3554 beginne
2174 3492 2211 3552 af
2236 3491 2293 3551 aan
2327 3487 2524 3547 openbaart
2548 3483 2615 3543 zich
2649 3480 2697 3540 bij

1774 3535 1827 3595 den
1857 3535 1978 3595 jongen
2007 3532 2157 3592 medicus
2179 3528 2228 3588 als
2250 3526 2479 3586 medewerker
2505 3521 2563 3581 aan
2589 3520 2692 3580 aller¬

1771 3572 1819 3632 lei
1837 3573 2093 3633 tijdschriften,
2107 3565 2424 3625 schrijverstalent.
2442 3560 2504 3620 Zal
2522 3559 2583 3619 het
2601 3557 2685 3617 gaan

1776 3612 1859 3672 naar
1899 3610 1938 3670 de
1979 3610 2132 3670 typische
2178 3602 2384 3662 burgerlijke
2424 3597 2623 3657 schrijverij
2659 3593 2698 3653 of

1777 3649 1861 3709 naar
1881 3646 1997 3706 critiek
2027 3646 2058 3706 op
2087 3646 2119 3706 de
2143 3643 2321 3703 onzuivere
2345 3637 2550 3697 atmosfeer,
2567 3632 2687 3692 waarin

1776 3687 1826 3747 hij
1850 3685 2022 3745 verkeert.
2041 3682 2315 3742 Onverbiddelijk
2349 3676 2492 3736 gebeurt
2516 3671 2576 3731 het
2600 3670 2693 3730 laat-

1778 3724 1846 3784 ste.
1864 3723 2060 3783 Schnitzler
2087 3719 2185 3779 heeft
2215 3718 2270 3778 van
2305 3716 2343 3776 af
2369 3713 2429 3773 zijn
2468 3709 2575 3769 eerste
2605 3706 2699 3766 regel

1776 3762 1970 3822 schriftuur
2010 3759 2084 3819 blijk
2134 3756 2274 3816 gegeven
2319 3752 2385 3812 zich
2434 3748 2509 3808 niet
2544 3747 2606 3807 aan
2655 3747 2694 3807 de

1779 3799 1947 3859 onsociale
1974 3795 2177 3855 toestanden
2208 3792 2235 3852 te
2263 3789 2395 3849 kunnen
2427 3786 2641 3846 aanpassen.

1823 3836 2070 3896 Voornamelijk
2097 3832 2123 3892 is
2145 3831 2180 3891 de
2207 3830 2387 3890 aandacht
2410 3825 2541 3885 gericht
2564 3822 2599 3882 op
2630 3822 2687 3882 zijn

1781 3878 1870 3938 eigen
1912 3874 2073 3934 kringen.
2094 3870 2229 3930 Slechts
2260 3867 2396 3927 zelden,
2422 3862 2532 3922 zooals
2558 3858 2593 3918 in
2629 3857 2719 3917 zin¬

1780 3914 1908 3974 eersten
1947 3909 2422 3969 bundeltweegesprekken.
2449 3900 2611 3960 „Anatol"
2641 3895 2701 3955 ge¬

1785 3950 1875 4010 titeld
1902 3950 1934 4010 en
1966 3949 2024 4009 het
2043 3947 2115 4007 spel
2138 3945 2273 4005 „Reigen
2306 3944 2319 4004 ,
2333 3941 2414 4001 gaat
2437 3938 2486 3998 hij
2505 3935 2618 3995 buiten
2650 3935 2695 3995 die

1782 3990 1949 4050 grenzen,
1963 3986 2050 4046 naar
2135 3981 2315 4041 voorstad,
2329 3980 2417 4040 naar
2439 3977 2500 4037 het
2523 3974 2699 4034 soldaten¬

1783 4028 1937 4088 kroegje,
1956 4024 2137 4084 gelijk'ook
2169 4019 2301 4079 vrijwel
2320 4016 2523 4076 uitsluitend
2556 4012 2696 4072 Weenen

1780 4066 1841 4126 zijn
1877 4061 2178 4121 operatie-terrein
2214 4058 2320 4118 blijft.

1828 4103 1860 4163 En
1898 4103 1939 4163 nu
1973 4101 2001 4161 is
2029 4100 2076 4160 dit
2104 4097 2165 4157 het
2194 4095 2390 4155 bijzondere
2419 4091 2447 4151 in
2485 4089 2709 4149 Schnitzler's

1781 4140 2098 4200 persoonlijkheid:
2125 4134 2195 4194 niet
2227 4132 2275 4192 als
2306 4132 2359 4192 een
2395 4129 2584 4189 strijdbaar
2616 4126 2712 4186 held,

1816 4180 1856 4240 jet
1879 4177 1928 4237 als
1952 4175 2001 4235 een
2033 4174 2224 4234 aanklager
2247 4171 2315 4231 met
2338 4168 2533 4228 vlammend
2561 4165 2714 4225 zwaard,
