3392 4256
231 270 355 330 12.

429 276 899 336 Schnilzler
969 278 1006 338 s
1077 276 1301 336 Death

295 697 558 757 OBS

695 704 1015 764 RVER

390 756 402 816 .
415 757 540 817 österr.
549 761 699 821 behördl.
713 767 1014 827 konzessioniertes

332 797 569 857 Unternehmen
601 803 648 863 für
674 809 1063 869 Zeitungs-Ausschnitte

378 855 527 915 WIEN,
560 864 606 924 I.,
632 868 925 928 WOLLZEILE
971 876 1015 936 11

481 912 693 972 TELEPHON
729 918 906 978 R-23-0-43

263 1061 484 1121 AUSSCHNITT
502 1064 586 1124 VOM.

716 1083 729 1143 2
773 1096 830 1156 2.
846 1109 944 1169 0Kl.
976 1133 1074 1193 1931

324 1246 443 1306 Kieter
478 1246 631 1306 Zeitung
666 1246 733 1306 und
768 1249 1058 1309 Handelshtatt,
1085 1255 1160 1315 Kiel

466 1346 627 1406 Arthur
660 1349 877 1409 Schnitzler

281 1407 401 1467 Arthur
428 1410 592 1470 Schnitzler
615 1414 650 1474 ist
673 1413 704 1473 am
749 1416 908 1476 Mittwoch
936 1418 971 1478 um
1012 1419 1069 1479 7,15
1100 1419 1162 1479 Uhr

222 1455 342 1515 abends
372 1458 397 1518 in
432 1460 514 1520 Wien
548 1461 634 1521 einem
677 1464 891 1524 Schlaganfall
913 1466 1050 1526 erlegen.

283 1503 395 1563 Arthur
421 1506 584 1566 Schnitzler
611 1508 709 1568 wurde
736 1508 770 1568 am
809 1510 856 1570 15.
869 1511 899 1571 5.
921 1511 985 1571 1862
1011 1513 1037 1573 in
1067 1514 1149 1574 Wien

227 1541 347 1601 gevoren
380 1544 428 1604 als
457 1544 541 1604 Sohn
574 1547 622 1607 des
655 1547 812 1607 bekannten
845 1547 1014 1607 Professors
1043 1553 1075 1613 an
1107 1553 1155 1613 der

222 1580 345 1640 Wiener
377 1583 575 1643 Universität,
602 1586 659 1646 Dr.
682 1586 810 1646 Johann
841 1587 1017 1647 Schnitzler.
1058 1590 1154 1650 Durch

225 1619 266 1679 die
291 1619 362 1679 enge
387 1622 532 1682 Fühlung
566 1622 624 1682 mit
645 1623 695 1683 den
724 1624 845 1684 Größen
874 1625 928 1685 der
953 1628 1036 1688 ersten
1070 1628 1157 1688 deut¬

225 1658 291 1718 schen
321 1658 451 1718 Bühne,
464 1661 514 1721 des
543 1662 786 1722 Burgtheaters,
808 1664 853 1724 dee
875 1666 899 1726 in
929 1665 1021 1725 seines
1047 1668 1155 1728 Vaters

222 1697 317 1757 Hause
347 1698 534 1758 verkehrten,
556 1700 659 1760 wurde
685 1702 714 1762 er
739 1702 818 1762 schon
848 1702 872 1762 in
906 1703 998 1763 seiner
1027 1705 1152 1765 Jugend

222 1732 275 1792 auf
298 1734 350 1794 das
382 1738 581 1798 künstlerische
608 1738 719 1798 Gebiet
746 1741 932 1801 hingelenkt.

276 1780 351 1840 Sein
387 1783 475 1843 erster
506 1786 793 1846 schriftstellerischer
834 1787 944 1847 Erfolg
988 1789 1055 1849 war
1095 1792 1147 1852 das

216 1819 301 1879 [Werk
327 1822 499 1882 „Anatol“,
526 1825 589 1885 eine
620 1825 710 1885 Reihe
740 1825 795 1885 von
830 1828 1041 1888 dramatischen
1080 1830 1156 1890 Dia¬

215 1857 318 1917 llogen,
344 1861 390 1921 die
420 1861 503 1921 durch
537 1861 603 1921 ibre
629 1864 767 1924 graziöse
801 1865 947 1925 Sprache,
973 1867 1056 1927 mehr
1086 1869 1156 1929 aber

220 1895 280 1955 noch
310 1898 391 1958 durch
422 1899 486 1959 ihre
512 1901 735 1961 aufdringliche
762 1901 868 1961 Erotik
894 1902 950 1962 und
981 1905 1156 1965 Frivolität

219 1935 360 1995 Aufsehen
418 1938 577 1998 erregten.
635 1936 692 1996 Die
746 1942 984 2002 Uraufführung
1050 1944 1147 2004 seines

222 1974 412 2034 Schauspiels
448 1977 620 2037 „Liebelei“
665 1977 700 2037 am
749 1980 961 2040 Burgtheater
1002 1983 1152 2043 eröffnete

215 2010 263 2070 den
303 2013 417 2073 Reigen
453 2016 549 2076 seiner
585 2016 766 2076 zahlreichen
806 2019 1070 2079 Bühnenerfolge,
1101 2022 1145 2082 die

215 2050 300 2110 meist
322 2051 394 2111 recht
417 2052 506 2112 heikle
532 2055 639 2115 Stoffe
661 2055 742 2115 mehr
768 2055 841 2115 oder
863 2058 996 2118 weniger
1022 2061 1142 2121 graziös

219 2089 401 2149 bebandeln.
439 2090 580 2150 Daneven
609 2093 701 2153 zeigte
722 2093 750 2153 er
772 2093 817 2153 sich
842 2096 908 2156 aber
930 2096 995 2156 auch
1021 2097 1066 2157 als
1092 2096 1149 2156 Er¬

222 2126 313 2186 jähler
342 2126 396 2186 von
429 2129 533 2189 starkem
584 2132 708 2192 Talent,
734 2132 870 2192 meistens
908 2135 1045 2195 Novellen
1083 2138 1141 2198 und

216 2165 390 2225 Moveletten
420 2168 469 2228 von
499 2168 582 2228 einem
620 2171 728 2231 nahezu
758 2172 920 2232 peinlichen
950 2176 1149 2236 Realismus.

218 2202 271 2262 Der
302 2206 417 2266 einzige
444 2207 572 2267 größere
604 2208 723 2268 Roman
759 2209 807 2269 der
839 2213 927 2273 „Weg
958 2213 1007 2273 ins
1038 2216 1126 2276 Freie

215 2243 346 2303 schildert
369 2246 421 2306 das
448 2246 567 2306 Wiener
590 2246 682 2306 Leben
709 2249 823 2309 zurzeit
841 2249 889 2309 der
912 2253 1145 2313 Jahrhundert¬

220 2281 337 2341 wende.

268 2329 303 2389 Es
331 2329 367 2389 ist
391 2332 431 2392 ein
459 2332 728 2392 charakteristisches
761 2335 916 2395 Merkmal
934 2337 984 2397 der
1008 2338 1034 2398 so
1058 2340 1144 2400 zahl¬

209 2367 315 2427 freichen
351 2368 452 2428 Werke
479 2371 683 2431 Schnitzlers,
706 2371 749 2431 die
781 2373 829 2433 dem
874 2374 997 2434 Wiener
1029 2378 1135 2438 Milien

207 2407 400 2467 sentstammen
437 2409 489 2469 und
522 2410 586 2470 auch
618 2410 735 2470 solcher,
760 2410 808 2470 die
833 2413 889 2473 erst
913 2413 937 2473 in
970 2413 1018 2473 den
1051 2418 1123 2478 aller

215 2445 303 2505 letzten
330 2446 444 2506 Jahren
471 2449 633 2509 erschienen
660 2450 734 2510 sind,
753 2450 800 2510 daß
832 2452 862 2512 sie
885 2452 1007 2512 zumeist
1026 2455 1135 2515 Bilder

213 2484 257 2544 der
284 2484 354 2544 Zeit
377 2484 434 2544 aus
465 2484 513 2544 des
545 2487 682 2547 Dichters
709 2488 854 2548 jüngeren
885 2490 1004 2550 Jahren
1036 2494 1141 2554 geben.

212 2522 305 2582 Einer
332 2523 399 2583 viel
417 2523 596 2583 sorgloseren
631 2526 691 2586 und
718 2529 1017 2589 unbekümmerteren
1052 2535 1145 2595 Welt,

212 2601 224 2661 s
255 2601 285 2661 es
315 2601 362 2661 die
388 2604 508 2664 heutige
539 2607 585 2667 ist,
603 2607 685 2667 eines
715 2607 904 2667 zufriedenen
939 2607 994 2667 und
1025 2610 1119 2670 dabei

207 2643 404 2703 höngeistigen
430 2643 661 2703 Bürgertums,
675 2644 704 2704 an
735 2643 786 2703 das
816 2647 923 2707 soziale
945 2649 1112 2709 Probleme

209 2681 264 2741 lten
299 2681 510 2741 berantreten.
554 2681 661 2741 Selten
697 2681 791 2741 hallen
835 2684 912 2744 seine
951 2685 1054 2745 Werke
1085 2687 1110 2747 in

211 2717 262 2777 nem
310 2720 434 2780 schrillen
469 2719 533 2779 Ton
567 2720 644 2780 aus,
666 2721 700 2781 sie
731 2721 897 2781 verklingen
958 2723 1013 2783 und
1048 2723 1116 2783 ver¬

207 2756 356 2816 immern.
398 2758 494 2818 Zeine
524 2759 628 2819 weiche
657 2759 711 2819 und
745 2759 837 2819 dabei
862 2760 908 2820 oft
933 2762 1112 2822 spielerische

208 2795 388 2855 sehandlung
418 2798 465 2858 der
495 2798 663 2858 Probleme
693 2798 761 2858 läßt
787 2801 950 2861 Schnitzler
977 2801 1023 2861 als
1054 2804 1105 2864 den

196 2835 453 2895 isgesprochenen
494 2837 734 2897 österreichischen
787 2837 902 2897 Dichter
938 2840 1120 2900 erscheinen,

200 2875 225 2935 en
251 2872 367 2932 Dichter
398 2872 479 2932 eines
505 2875 677 2935 vergangen
699 2875 802 2935 Wien,
824 2876 914 2936 dessen
936 2878 1116 2938 Landschaft

205 2911 237 2971 sid
271 2913 449 2973 Umgebung
492 2914 520 2974 in
553 2915 652 2975 seinen
695 2914 812 2974 Werken
845 2917 986 2977 lebendig
1025 2918 1123 2978 wird.

358 3261 588 3321 aserunr
609 3278 664 3338 on
765 3294 839 3354 22
882 3308 956 3368 Oll
977 3323 1032 3383 on

266 3448 569 3508 Sächsiche
612 3484 1052 3544 Staatszeitung,
1085 3517 1335 3577 Dresden

445 3609 581 3669 Kudn
605 3623 742 3683 Saner
766 3639 892 3699 gudeen
939 3652 1042 3712 Luher
1066 3667 1201 3727 Senn

371 3639 411 3699 est
436 3641 460 3701 am
493 3648 549 3708 21.
567 3658 688 3718 Oktober
705 3670 811 3730 abends
845 3680 877 3740 um
918 3686 942 3746 6½
992 3694 1048 3754 Uhr
1073 3699 1105 3759 in
1139 3709 1211 3769 Wien

375 3680 530 3740 gestorben.
577 3695 631 3755 Als
660 3702 715 3762 Ex
743 3713 852 3773 Dichner
882 3722 917 3782 am
955 3737 1129 3797 Nachmittag
1166 3750 1211 3810 von

379 3717 457 3777 einemn
504 3735 706 3795 Svagiergapn
741 3756 921 3816 timkelrte,
945 3767 1011 3827 eriu
1058 3776 1090 3836 er
1126 3787 1203 3847 einen

380 3762 589 3822 Schlagansall.
635 3775 667 3835 Ee
701 3785 800 3845 stets,
812 3797 911 3857 Kne
934 3805 1000 3865 das
1034 3822 1210 3882 Bewusktsein

368 3802 584 3862 Medereklangt
598 3815 633 3875 zu
647 3820 754 3880 haben,
794 3836 938 3896 Schiekr
975 3849 1047 3909 wäre
1072 3855 1107 3915 in
1133 3865 1204 3925 Mel

367 3835 486 3895 nachten
523 3848 629 3908 Jahre
667 3857 701 3917 70
726 3867 833 3927 Jahre
846 3876 904 3936 Culk
930 3889 1096 3949 gewonden.
1133 3905 1204 3965 Nues

358 3872 457 3932 deren
487 3883 588 3943 Aintah
604 3893 689 3953 benen
721 3902 748 3962 in
778 3913 908 3973 uecheren
924 3924 1037 3984 Wiener
1055 3941 1212 4001 Fhoner.

367 3920 627 3980 stehanffährungen
657 3939 734 3999 seiner
764 3950 860 4010 Sthcke
880 3961 1004 4021 geblant.

1523 273 1656 333 box
1728 276 1916 336 42/7

2132 255 2248 315 vom:

2125 451 2359 511 AUSSCHNITT
2380 449 2457 509 VOM.

2647 490 2737 550 22.
2756 479 2864 539 OKT.
2889 470 2997 530 1931

2057 641 2226 701 Berliner
2261 634 2489 694 Jllustrierte
2525 620 2837 680 Nachtausgabe,
2865 607 2990 667 Berlin
3018 598 3084 658 8U0
3102 594 3144 654 60

2326 974 2389 1034 Ty
2467 985 2569 1045 VTode
2609 991 2749 1051 Aulur
2776 1001 3057 1061 Sehnnaleng.

2306 1092 2634 1152 /Anatol
2680 1105 2725 1165 in
2795 1116 3122 1176 Trauer.

2424 1159 2457 1219 In
2501 1165 2577 1225 Wien
2621 1172 2659 1232 ist
2688 1177 2793 1237 gestern
2837 1180 2928 1240 abend
2967 1182 3014 1242 der
3053 1189 3168 1249 Dichter

2384 1200 2496 1260 Arthur
2524 1208 2744 1268 Schnitzler
2767 1218 2889 1278 plötzlich
2917 1222 2940 1282 im
2978 1222 3024 1282 70.
3044 1226 3169 1286 Lebens¬

2382 1239 2464 1299 jahre
2493 1243 2659 1303 gestorben.

2337 1291 2375 1351 Es
2409 1294 2471 1354 gibt
2501 1298 2577 1358 einen
2612 1302 2678 1362 Weg
2708 1307 2731 1367 in
2766 1309 2866 1369 Wien,
2891 1312 2934 1372 der
2968 1317 3055 1377 führt
3074 1318 3170 1378 direkt

2298 1333 2354 1393 aus
2388 1336 2435 1396 der
2461 1339 2555 1399 Stadt
2581 1343 2606 1403 in
2637 1346 2683 1406 den
2714 1349 2800 1409 Wald
2826 1353 2954 1413 hinaus,
2976 1357 3010 1417 an
3040 1362 3164 1422 spielen¬

2292 1374 2339 1434 den
2374 1380 2503 1440 Kindern
2539 1385 2642 1445 vorbei
2668 1391 2720 1451 und
2751 1397 2897 1457 zierlichen
2933 1402 3101 1462 Häuschen,
3123 1407 3153 1467 an

2296 1423 2545 1483 Buschenschenken
2595 1431 2653 1491 und
2698 1438 2929 1498 Laubbäumen,
2961 1444 2996 1504 an
3046 1447 3157 1507 Wiesen

2294 1460 2348 1520 und
2381 1468 2526 1528 Feldern.
2572 1480 2921 1540 „Sommerheidenweg“
2954 1489 3035 1549 heißt
3063 1491 3090 1551 er
3117 1491 3144 1551 im

2290 1508 2492 1568 Volksmund,
2530 1515 2586 1575 und
2629 1520 2798 1580 Arthur
2832 1530 3057 1590 Schnitzler
3105 1532 3156 1592 hat

2291 1545 2334 1605 ihm
2382 1550 2408 1610 in
2447 1556 2525 1616 einem
2573 1561 2664 1621 seiner
2695 1565 2833 1625 Romane
2877 1570 2920 1630 ein
2964 1575 3162 1635 literarisches

2284 1590 2433 1650 Denkmal
2462 1604 2569 1664 gesetzt.
2613 1607 2650 1667 In
2683 1610 2818 1670 früheren
2852 1615 2964 1675 Jahren
2998 1617 3063 1677 traf
3087 1619 3147 1679 man

2530 2496 2647 2556 Arthur
2679 2504 2855 2564 Schnitzler.

2244 2569 2287 2629 ihn
2326 2574 2369 2634 oft
2398 2578 2480 2638 dort,
2504 2580 2547 2640 als
2581 2585 2725 2645 einsamen
2760 2597 3019 2657 Spaziergänger.
3054 2604 3111 2664 Der

2249 2615 2347 2675 Wind,
2376 2620 2465 2680 dessen
2508 2623 2611 2683 wilder
2649 2631 2785 2691 Melodie
2818 2637 2893 2697 einst
2926 2641 2992 2701 auch
3025 2646 3114 2706 Beet¬

2244 2655 2332 2715 hoven
2370 2664 2519 2724 gelauscht
2548 2668 2641 2728 hatte,
2665 2672 2744 2732 blies
2777 2680 2861 2740 durch
2899 2684 2950 2744 sein
2988 2688 3113 2748 sanftes,

2243 2699 2438 2759 silbergraues
2474 2710 2651 2770 Lockenhaar
2687 2715 2740 2775 und
2776 2722 2873 2782 zupfte
2905 2726 2949 2786 ihn
2989 2728 3020 2788 an
3060 2730 3113 2790 sei¬

2244 2741 2293 2801 nem
2339 2748 2466 2808 spitzigen
2508 2751 2599 2811 Bart,
2622 2756 2676 2816 der
2704 2758 2772 2818 stets
2809 2765 2873 2825 nach
2910 2768 2987 2828 alter
3019 2774 3110 2834 Mode

2245 2786 2409 2846 geschnitten
2459 2793 2537 2853 war.
2583 2797 2623 2857 In
2660 2799 2710 2859 der
2743 2804 2824 2864 Hand
2861 2812 3021 2872 schaukelte
3062 2817 3103 2877 ein

2239 2829 2424 2889 Schlapphut
2451 2837 2508 2897 mit
2531 2839 2641 2899 breiter
2673 2845 2814 2905 Krempe,
2841 2852 2893 2912 und
2925 2858 2977 2918 sein
3013 2859 3097 2919 helles

2239 2867 2318 2927 Auge
2356 2873 2454 2933 blickte
2492 2878 2553 2938 voll
2582 2885 2746 2945 heimlicher
2784 2894 2948 2954 Sehnsucht
2977 2901 3033 2961 auf
3062 2905 3108 2965 die

2238 2913 2409 2973 Landschaft
2427 2921 2568 2981 ihinaus,
2590 2928 2634 2988 die
2656 2929 2739 2989 man,
2762 2933 2810 2993 wie
2837 2938 2876 2998 ein
2903 2941 3021 3001 Großer
3048 2945 3100 3005 vor

2231 2956 2299 3016 ihm,
2323 2959 2377 3019 wie
2405 2966 2593 3026 Grillparzer
2622 2973 2723 3033 gesagt
2746 2978 2842 3038 hatte,
2861 2986 2976 3046 gesehen
3008 2989 3095 3049 haben

2232 2998 2346 3058 mußte,
2369 3004 2404 3064 um
2444 3008 2524 3068 Wien
2555 3014 2608 3074 und
2644 3016 2719 3076 seine
2742 3021 2857 3081 Dichter
2884 3028 2910 3088 zu
2941 3031 3105 3091 verstehen.

2268 3054 2442 3114 Schnitzlers
2465 3061 2585 3121 Heimat
2608 3066 2672 3126 war
2696 3069 2736 3129 die
2760 3071 2852 3131 ewige
2875 3076 2971 3136 Stadt
2995 3082 3026 3142 an
3054 3083 3100 3143 der

2230 3093 2346 3153 Donau.
2395 3099 2468 3159 Hier
2499 3104 2603 3164 wurde
2634 3108 2664 3168 er
2699 3114 2820 3174 geboren
2860 3120 2907 3180 (am
2955 3121 3003 3181 15.
3029 3126 3102 3186 Mai

2228 3134 2327 3194 1862),
2359 3141 2422 3201 hier
2450 3144 2527 3204 lebte
2555 3147 2581 3207 er
2614 3150 2659 3210 als
2691 3156 2863 3216 Jüngling,
2891 3163 2990 3223 Mann
3036 3168 3090 3228 und

2225 3177 2335 3237 Greis.
2366 3185 2441 3245 Sein
2468 3189 2560 3249 Vater
2583 3193 2644 3253 war
2667 3195 2702 3255 ein
2729 3201 2896 3261 berühmter
2923 3208 3011 3268 Arzt;
3029 3214 3091 3274 auch

2220 3219 2250 3279 er
2272 3222 2374 3282 wurde
2396 3231 2503 3291 Doktor
2525 3233 2568 3293 der
2590 3238 2723 3298 Medizin
2749 3243 2804 3303 und
2831 3246 2903 3306 stand
2930 3249 3037 3309 bereits
3063 3255 3084 3315 in

2220 3263 2270 3323 der
2293 3266 2420 3326 Praxis,
2440 3272 2485 3332 als
2508 3274 2553 3334 ihn
2581 3277 2626 3337 die
2649 3281 2718 3341 Lust
2737 3284 2786 3344 zum
2823 3291 2978 3351 Schreiben
3006 3296 3092 3356 über¬

2219 3305 2296 3365 kam.
2335 3314 2425 3374 Zarte
2455 3318 2593 3378 Novellen
2632 3322 2687 3382 und
2730 3330 2919 3390 dramatische
2950 3336 3087 3396 Einakter

2219 3350 2337 3410 machten
2370 3356 2419 3416 den
2452 3361 2585 3421 Anfang.
2631 3367 2708 3427 Bald
2736 3372 2842 3432 glückte
2865 3377 2910 3437 ihm
2952 3381 3015 3441 auch
3043 3384 3084 3444 ein

2212 3395 2316 3455 großer
2353 3399 2458 3459 Wurf,
2495 3405 2550 3465 und
2592 3409 2641 3469 als
2674 3410 2728 3470 das
2765 3419 2966 3479 Burgtheater
3008 3425 3081 3485 1892

2207 3436 2310 3496 großer
2351 3441 2454 3501 Wurf,
2486 3447 2543 3507 und
2584 3449 2633 3509 als
2675 3454 2728 3514 das
2769 3461 2971 3521 Burgtheater
3012 3466 3078 3526 1895

2208 3477 2399 3537 begründet.

2246 3520 2291 3580 Die
2319 3526 2471 3586 Menschen
2503 3531 2526 3591 in
2559 3535 2641 3595 Wien
2674 3539 2788 3599 wurden
2826 3547 2949 3607 Puppen
2987 3554 3074 3614 seiner

2213 3563 2367 3623 Phantasie
2390 3571 2444 3631 und
2472 3577 2595 3637 Figuren
2627 3580 2713 3640 seiner
2736 3585 2850 3645 Laune.
2864 3591 2927 3651 Erst
2950 3596 3073 3656 Schnitz¬

2208 3604 2245 3664 ler
2274 3609 2320 3669 hat
2349 3611 2396 3671 dem
2439 3616 2537 3676 „süßen
2571 3622 2711 3682 Mädel“,
2731 3626 2782 3686 das
2811 3632 2834 3692 so
2863 3635 2985 3695 gläubig
3018 3640 3069 3700 und

2201 3648 2332 3708 verliebt
2362 3653 2389 3713 in
2427 3656 2479 3716 den
2522 3661 2578 3721 Tag
2616 3666 2762 3726 hinlebte,
2792 3670 2833 3730 ein
2876 3679 3069 3739 literarisches

2203 3693 2291 3753 Kleid
2323 3699 2464 3759 geschenkt
2496 3705 2548 3765 und
2580 3709 2673 3769 seinen
2705 3714 2869 3774 Charakter
2896 3722 3077 3782 analysiert;

2870 3783 2907 3843 von
2936 3790 3065 3850 laans-on

2208 3788 2784 3848 OS
2888 3817 3003 3877 .
3015 3825 3048 3885 .
