3344 4384
1533 237 1595 297 e

531 249 712 309 deridieron
760 255 977 315 representar
1009 258 1040 318 en
1088 258 1154 318 este
1190 260 1245 320 dia

1286 270 1315 330 to
1348 270 1522 330 literario,
1543 274 1680 334 además
1706 277 1742 337 de
1772 279 1925 339 pintora.

528 290 684 350 solemne,
707 291 733 351 ei
760 291 786 351 15
814 291 853 351 de
881 295 974 355 mayo
1006 294 1180 354 prórimo,
1198 297 1251 357 las

1322 309 1412 369 Hace
1435 309 1518 369 unos
1538 312 1678 372 cuantos
1697 315 1780 375 aûps
1799 315 1825 375 se
1849 318 2000 378 examoró

522 328 618 388 obras
639 327 677 387 de
702 327 912 387 Schnitzler.
934 333 1013 393 Pero
1043 333 1068 393 la
1102 333 1248 393 Muerte,

1285 345 1321 405 de
1345 345 1382 405 un
1410 347 1531 407 oficial
1550 350 1605 410 del
1634 352 1777 412 Ejército
1806 354 1949 414 italiano
1978 357 1991 417 y

516 366 563 426 con
596 366 653 426 una
686 366 807 426 sonrisa
841 369 1010 429 maligna,
1027 371 1095 431 dijo
1118 375 1388 435 «Bas¬cs
1432 385 1489 445 con
1517 387 1564 447 .
1586 389 1633 449 El
1655 390 1745 450 joven
1783 393 1995 453 matrimonio

522 404 604 464 ta(!»
630 404 643 464 y
674 404 790 464 arrojó
817 405 903 465 lejos
929 407 968 467 de
994 410 1185 470 Schnitzler
1211 410 1241 470 la

1285 418 1315 478 se
1355 420 1533 480 cstableció
1577 424 1612 484 en
1660 428 1786 488 Italia.
1826 431 1865 491 El
1909 430 1991 490 viejo

514 441 623 501 pluma
658 440 755 500 junto
786 441 840 501 con
876 443 902 503 la
934 446 1034 506 vida.

1282 458 1471 518 Schnitzler
1503 460 1531 520 se
1564 464 1664 524 quedó
1697 465 1914 525 salo—estaba
1951 469 2002 529 ai-

556 480 618 540 Era
652 479 689 539 un
718 479 860 539 escritor
889 482 973 542 fino,
994 485 1031 545 de
1057 483 1098 543 un
1128 482 1235 542 hondo

1281 494 1539 554 vorciado—cen
1583 500 1613 560 su
1661 503 1813 563 trabajo.
1849 506 1911 566 Era
1954 506 1993 566 un

517 516 663 576 lirismo.
687 516 790 576 Sabia
822 518 1000 578 conmover
1028 518 1040 578 a
1072 521 1123 581 los
1147 521 1246 581 lecto¬

1284 535 1379 595 golpe
1416 536 1495 596 rudo
1536 539 1615 599 para
1652 539 1702 599 él.
1731 542 1810 602 Pero
1847 542 1876 602 le
1909 543 2000 603 espe¬

518 554 569 614 res
601 554 659 614 aun
699 554 863 614 pintando
899 558 926 618 la
962 560 1036 620 vida
1072 560 1146 620 real
1174 560 1244 620 más

1277 572 1356 632 raba
1397 572 1469 632 otro
1506 578 1758 638 infinitamente
1791 578 1859 638 més
1892 581 1999 641 cruel:

516 593 650 653 vulgar,
677 594 803 654 porque
838 596 953 656 detrás
984 596 1022 656 de
1053 596 1137 656 estos
1164 596 1244 656 cua¬

1277 608 1310 668 su
1343 609 1409 669 hija
1455 611 1483 671 se
1521 614 1670 674 suicidó,
1691 617 1918 677 seguramente
1948 618 2001 678 de¬

507 628 584 688 dros
610 629 748 689 banales
779 631 861 691 hubo
896 633 930 693 en
965 634 1016 694 las
1043 634 1181 694 novelas
1212 638 1224 698 1
1255 646 1480 706 cepcionada
1515 650 1527 710 g
1567 652 1808 712 desgraciada.

513 667 606 727 obras
635 667 847 727 dramáticas
876 670 913 730 de
946 671 1133 731 Schuitzler
1162 673 1239 733 algo

1312 683 1389 743 Esto
1424 686 1522 746 acabó
1557 691 1569 751 a
1608 691 1814 751 Schnitzler.
1845 694 1904 754 Era
1939 694 1999 754 de¬

510 704 718 764 romántico,
741 707 814 767 algo
849 709 910 769 que
942 709 1034 769 abrió
1069 709 1161 769 otros
1189 711 1246 771 ho¬

1276 721 1428 781 masiado
1459 724 1537 784 para
1573 727 1599 787 su
1639 728 1794 788 corazón,
1818 733 1849 793 ya
1881 733 2001 793 cansa-

512 742 657 802 rizontes
696 745 768 805 más
807 745 917 805 vastos
956 750 971 810 y
1017 748 1089 808 más
1128 748 1242 808 bellos.

1280 763 1336 823 do,
1359 763 1371 823 y
1403 763 1429 823 la
1464 763 1595 823 Muerte
1622 766 1709 826 cortó
1741 769 1771 829 el
1794 771 1859 831 hilo
1885 774 1925 834 de
1951 773 1999 833 es¬

513 781 575 841 Era
617 781 654 841 un
692 784 971 844 impresionista,
1000 787 1029 847 en
1071 787 1100 847 el
1130 787 1233 847 mejor

1277 796 1304 856 ta
1337 798 1425 858 vida.
1438 799 1490 859 tan
1522 802 1587 862 rica
1619 803 1631 863 e
1660 805 1808 865 intensa.

513 820 639 880 sentido
666 820 706 880 de
734 820 760 880 la
792 823 958 883 palabra.
981 823 1133 883 Preferia
1169 826 1245 886 pin¬

1315 835 1418 895 Tenia
1450 839 1545 899 razón
1577 840 1608 900 el
1635 843 1793 903 difunto:
1816 846 1929 906 detrás
1956 846 1992 906 de

516 857 563 917 tar
597 855 645 915 con
682 856 800 916 rasgos
830 861 948 921 vagos,
975 861 985 921 a
1023 861 1048 921 la
1082 861 1240 921 aguada;

1277 871 1432 931 nuestros
1458 876 1575 936 sueños
1607 879 1674 939 más
1701 882 1882 942 hermosos,
1906 885 2000 945 aspi¬

505 899 541 959 y,
566 895 611 955 sin
648 896 825 956 embargo,
854 900 1030 960 conseguía
1068 900 1240 960 imágenes

1277 912 1428 972 raciones
1453 914 1465 974 e
1493 915 1621 975 ideales
1646 918 1714 978 más
1738 921 1850 981 nobles
1875 924 1886 984 y
1919 924 1994 984 pro¬

513 930 743 990 admirables.

1276 951 1385 1011 yectos
1425 953 1626 1013 magnificos
1666 957 1727 1017 está
1771 960 1802 1020 la
1846 960 1999 1020 Muert,

552 969 654 1029 Tenia
699 972 855 1032 millones
882 973 921 1033 de
949 975 1091 1035 lectores
1132 977 1163 1037 en
1212 976 1243 1036 el

1273 992 1335 1052 que
1367 990 1397 1050 se
1425 990 1518 1050 burla
1554 993 1589 1053 de
1621 996 1647 1056 la
1683 996 1901 1056 Humanidad
1937 1001 1994 1061 fon

508 1008 632 1068 Mundo
664 1008 799 1068 entero:
823 1011 1015 1071 pertenecía
1043 1014 1054 1074 a
1087 1016 1134 1076 los
1159 1014 1242 1074 cori¬

1275 1026 1330 1086 sus
1354 1028 1470 1088 luchas
1499 1032 1512 1092 y
1541 1033 1783 1093 esperanzas...

513 1050 578 1110 feos
607 1045 644 1105 de
673 1047 701 1107 la
734 1048 917 1108 literatura
951 1050 1110 1110 mundial
1134 1054 1147 1114 y
1181 1053 1237 1113 sus

1720 1083 1775 1143 N.
1787 1082 1930 1142 TAGGIN

511 1082 609 1142 obras
644 1085 733 1145 están
773 1087 973 1147 traducidas
1008 1088 1021 1148 a
1060 1091 1153 1151 todos
1184 1091 1234 1151 los

1312 1109 1414 1169 Viena
1447 1112 1459 1172 y
1492 1115 1645 1175 octubre.

512 1121 663 1181 idiomas
687 1121 757 1181 más
781 1123 796 1183 o
823 1124 936 1184 menos
963 1127 1083 1187 cultos.

548 1160 630 1220 Dejó
665 1160 725 1220 una
764 1163 898 1223 enorme
929 1165 1080 1225 herencia
1115 1166 1240 1226 espiri¬

510 1199 600 1259 tual.
625 1199 778 1259 Durante
806 1199 877 1259 más
905 1202 940 1262 de
968 1202 1125 1262 cuarenta
1158 1205 1240 1265 años

513 1235 564 1295 era
594 1235 797 1295 trabajador
823 1238 1018 1298 incansable
1044 1241 1077 1301 de
1103 1241 1128 1301 la
1159 1241 1234 1301 plu¬

513 1274 584 1334 ma,
609 1274 669 1334 que
697 1274 729 1334 en
762 1274 789 1334 su
826 1275 922 1335 mano
954 1276 982 1336 se
1011 1279 1235 1339 transforma¬

510 1309 545 1369 ba
592 1311 603 1371 a
650 1309 739 1369 veces
767 1311 794 1371 en
829 1312 888 1372 una
923 1312 1067 1372 éspada.
1102 1316 1230 1376 Porque

511 1345 698 1405 Schnitzler
727 1348 774 1408 era
807 1349 842 1409 no
871 1351 1050 1411 solamente
1079 1354 1234 1414 escritor,

504 1384 583 1444 sino
613 1387 756 1447 también
790 1390 970 1450 luchador.

547 1469 625 1529 Hijo
654 1469 695 1529 de
724 1471 760 1531 un
793 1471 952 1531 conocido
980 1473 1128 1533 médico,
1152 1477 1231 1537 Sch¬

502 1503 630 1563 nitzler
659 1506 803 1566 también
840 1506 867 1566 se
897 1506 992 1566 habia
1026 1509 1186 1569 dedicado
1215 1509 1226 1569 u

497 1542 534 1602 la
583 1541 771 1601 Medicina.
813 1542 967 1602 Durante
1009 1545 1095 1605 unos
1137 1545 1227 1605 cinco

504 1578 591 1638 años
615 1579 726 1639 estuvo
750 1581 786 1641 de
814 1582 940 1642 médico
963 1584 1097 1644 militar
1125 1584 1153 1644 en
1181 1585 1222 1645 jin

499 1617 707 1677 regimiento
739 1618 774 1678 de
806 1620 1023 1680 Infantería.
1050 1623 1114 1683 Alli
1141 1624 1226 1684 pudo

505 1656 659 1716 observar
694 1658 707 1718 y
747 1658 901 1718 estudiar
932 1659 958 1719 la
999 1659 1073 1719 vida
1109 1662 1148 1722 de
1179 1663 1227 1723 los

508 1695 669 1755 soldados
692 1698 729 1758 y,
748 1695 839 1755 sobre
868 1698 964 1758 todo,
983 1698 1020 1758 de
1043 1701 1093 1761 los
1117 1701 1232 1761 oficia¬

506 1731 572 1791 les,
597 1732 639 1792 El
659 1733 830 1793 ambiente
854 1735 882 1795 le
907 1736 992 1796 daba
1021 1736 1035 1796 a
1069 1736 1159 1796 veces
1179 1737 1235 1797 as¬

499 1770 561 1830 co.
580 1770 764 1830 Schnitzler
791 1772 944 1832 presentó
967 1775 998 1835 su
1025 1775 1178 1835 dimisión
1210 1779 1218 1839 y

505 1808 537 1868 se
570 1808 686 1868 dedicó
719 1813 1006 1873 exciusivamente
1039 1814 1052 1874 a
1090 1814 1117 1874 la
1155 1817 1228 1877 lite¬

502 1845 650 1905 ratura.

544 1885 583 1945 Su
614 1883 759 1943 primera
790 1886 865 1946 obra
896 1889 1107 1949 dramática,
1127 1892 1152 1952 la
1183 1891 1232 1951 co¬

504 1922 614 1982 media
643 1925 860 1985 «Anatolio»,
879 1928 1073 1988 constituyó
1097 1928 1133 1988 al
1157 1929 1230 1989 mis¬

499 1960 555 2020 mo
582 1960 704 2020 tiempo
731 1963 762 2023 su
793 1963 915 2023 primer
942 1965 1030 2025 éxito
1057 1968 1232 2028 literario.

499 1997 696 2057 Estrenada
741 1999 771 2059 en
820 2000 882 2060 uno
926 2002 965 2062 de
1001 2004 1053 2064 los
1089 2005 1234 2065 mejores

500 2035 627 2095 teatros
651 2038 692 2098 de
719 2038 842 2098 Viena,
865 2041 920 2101 fué
948 2041 1025 2101 muy
1053 2041 1126 2101 bien
1154 2044 1231 2104 aco¬

498 2078 575 2138 gida
608 2076 666 2136 por
694 2077 721 2137 el
744 2077 899 2137 público.
922 2080 981 2140 Eso
1013 2080 1063 2140 dió
1090 2083 1227 2143 ánimos

499 2113 513 2173 a
546 2113 756 2173 Schnitzler,
780 2116 877 2176 quien
910 2119 1036 2179 empezó
1069 2119 1082 2179 a
1115 2122 1227 2182 traba¬

498 2154 551 2214 jar
580 2152 634 2212 con
671 2152 787 2212 mucho
820 2154 906 2214 celo.

545 2188 646 2248 Antes
674 2190 808 2250 escribia
842 2193 1057 2253 únicarienie
1084 2196 1165 2256 para
1198 2198 1224 2258 el

494 2226 619 2286 teatro.
646 2229 717 2289 Una
753 2229 824 2289 tras
852 2230 923 2290 otra
959 2232 1133 2292 siguieron
1169 2235 1222 2295 sus

494 2265 680 2325 comedias:
721 2266 785 2326 «El
831 2268 948 2328 cuento
997 2271 1038 2331 de
1083 2272 1224 2332 hadas»,

490 2303 609 2363 «Cosas
637 2304 678 2364 de
707 2304 845 2364 amor»,
869 2307 933 2367 «El
966 2307 1035 2367 velo
1068 2309 1109 2369 de
1137 2310 1224 2370 Bea¬

494 2340 600 2400 triz»,
635 2343 894 2403 «Intermezzo»,
933 2347 996 2407 «El
1035 2348 1217 2408 papagayo

499 2378 615 2438 verden
639 2380 652 2440 y
676 2381 741 2441 una
770 2381 848 2441 serie
872 2382 909 2442 de
933 2384 1040 2444 otras.
1064 2387 1138 2447 Más
1157 2387 1226 2447 tar¬

495 2417 553 2477 de,
576 2419 612 2479 ya
644 2418 757 2478 siendo
789 2420 930 2480 escritor
958 2423 1102 2483 célebre,
1126 2426 1225 2486 escri¬

495 2456 547 2516 bió
576 2457 662 2517 unos
687 2459 825 2519 dramas
850 2459 863 2519 y
898 2461 1089 2521 tragedias.
1113 2465 1218 2525 Entre

492 2495 570 2555 ellos
610 2495 755 2555 merecen
802 2498 896 2558 sobre
939 2499 1013 2559 todo
1061 2504 1210 2564 atención

499 2531 564 2591 «El
598 2534 750 2594 profesor
784 2537 1017 2597 Bernhardi».
1046 2537 1112 2597 «El
1146 2543 1221 2603 pais

497 2571 649 2631 lejano»,
666 2570 728 2630 «El
753 2573 930 2633 veraneo».
952 2576 1224 2636 «Hermanas»...

539 2608 583 2668 De
609 2608 663 2668 vez
689 2611 718 2671 en
749 2611 874 2671 cuando
904 2614 1094 2674 Schnitzler
1120 2617 1219 2677 escri¬

485 2644 535 2704 bía
586 2647 731 2707 también
778 2650 937 2710 novelas.
979 2654 1133 2714 Algunas
1175 2657 1211 2717 de

488 2686 567 2746 ellas
596 2686 694 2746 gozan
727 2688 764 2748 de
793 2689 872 2749 gran
910 2692 1139 2752 popularidad
1177 2693 1209 2753 en

483 2725 618 2785 Austria
654 2725 670 2785 y
710 2725 740 2785 en
780 2725 810 2785 el
846 2728 1076 2788 Extranjero,
1108 2731 1216 2791 como,

490 2766 543 2826 por
582 2764 746 2824 ejemplo,
775 2764 959 2824 «Señorita
1003 2767 1118 2827 Elsa»,
1148 2767 1215 2827 «El

483 2800 608 2860 médico
645 2802 698 2862 del
730 2803 949 2863 balneario»,
981 2804 1048 2864 «El
1080 2806 1209 2866 camino

481 2840 518 2900 de
538 2838 565 2898 la
590 2838 759 2898 libertad»
783 2838 797 2898 y
821 2840 887 2900 «El
906 2841 1057 2901 teniente
1081 2844 1217 2904 Gustl».

528 2878 601 2938 Esta
632 2877 748 2937 última
779 2879 895 2939 novela
925 2881 1081 2941 despertó
1107 2883 1133 2943 la
1163 2883 1214 2943 có¬

490 2916 555 2976 lera
591 2915 603 2975 y
639 2914 669 2974 el
696 2916 770 2976 odio
802 2917 841 2977 de
872 2918 920 2978 los
951 2919 1095 2979 círculos
1122 2922 1214 2982 mili¬

485 2952 591 3012 tares.
610 2953 654 3013 En
686 2953 743 3013 ella
770 2955 962 3015 Schnitzler
989 2958 1087 3018 pinta
1114 2961 1140 3021 la
1168 2961 1220 3021 vi¬

479 2994 512 3054 da
550 2991 588 3051 de
622 2991 669 3051 los
703 2994 855 3054 oficiales
884 2997 941 3057 del
970 2997 1147 3057 Ejército,
1171 3000 1218 3060 es¬

482 3029 729 3089 tigmatizando
766 3032 823 3092 sus
851 3034 1059 3094 costumbres
1088 3038 1099 3098 y
1141 3038 1217 3098 pre¬

485 3068 627 3128 juicios,
645 3069 671 3129 su
702 3070 849 3130 vanidad
880 3073 892 3133 y
923 3074 1087 3134 estrechez
1109 3076 1148 3136 de
1170 3077 1204 3137 es

483 3107 608 3167 piritu.
634 3107 708 3167 Hay
743 3110 807 3170 que
834 3110 929 3170 tener
959 3110 993 3170 en
1028 3113 1145 3173 cuenta
1176 3116 1206 3176 lo

485 3148 545 3208 que
575 3146 626 3206 era
662 3146 734 3206 bajo
765 3147 816 3207 los
847 3149 1048 3209 Habsburgo
1079 3152 1109 3212 la
1144 3152 1216 3212 cas¬

490 3185 520 3245 ta
551 3185 699 3245 militar.
735 3186 774 3246 La
814 3188 928 3248 novela
959 3188 998 3248 de
1020 3191 1208 3251 Schnitzler

489 3224 666 3284 constituía
703 3224 742 3284 un
779 3224 908 3284 desafío
941 3227 1017 3287 muy
1050 3230 1207 3290 atrevido

484 3262 492 3322 a
529 3260 592 3320 esta
634 3262 743 3322 casta.
771 3263 820 3323 No
854 3264 940 3324 hay,
963 3265 1122 3325 además,
1145 3268 1209 3328 que

489 3298 624 3358 olvidar
653 3300 713 3360 que
741 3301 929 3361 Schnitzler
958 3303 1009 3363 era
1042 3306 1214 3366 israelita.

519 3338 582 3398 jUn
617 3337 709 3397 judto
744 3337 769 3397 se
799 3340 914 3400 atreve
944 3338 956 3398 a
986 3343 1143 3403 burlarse
1169 3344 1206 3404 de

483 3376 531 3436 los
560 3376 693 3436 señores
722 3379 893 3439 oficiales!
925 3379 990 3439 Era
1023 3379 1063 3439 un
1100 3382 1213 3442 escán¬

487 3415 564 3475 dalo
594 3415 637 3475 sin
671 3416 748 3476 par.
770 3415 979 3475 Centenares
1001 3420 1039 3480 de
1065 3421 1211 3481 oficiales

489 3451 645 3511 creyeron
690 3454 726 3514 ae
771 3454 799 3514 su
843 3457 944 3517 deber
985 3457 1145 3517 defender
1186 3460 1214 3520 el

482 3489 620 3549 «honor»
649 3491 688 3551 de
716 3492 743 3552 su
779 3492 889 3552 casta.
910 3495 1103 3555 Schnitzler
1131 3498 1214 3558 reci¬

482 3525 536 3585 bió
568 3528 607 3588 un
643 3531 838 3591 sinnúmero
870 3531 909 3591 de
936 3534 1089 3594 desafíos
1117 3537 1128 3597 y
1164 3537 1202 3597 un

484 3567 613 3627 montón
644 3567 682 3627 de
713 3567 823 3627 cartas
850 3567 957 3627 llenas
984 3570 1018 3630 de
1049 3573 1212 3633 insultos.

486 3605 590 3665 Claro
622 3606 684 3666 está
719 3606 781 3666 que
808 3606 847 3666 no
879 3609 948 3669 hizo
984 3609 1049 3669 caso
1081 3612 1204 3672 alguno

485 3644 524 3704 de
569 3644 597 3704 la
650 3645 843 3705 campaña;
885 3648 1017 3708 dectaró
1071 3649 1131 3709 por
1176 3651 1203 3711 la

489 3681 609 3741 Prenna
642 3681 698 3741 que
727 3683 762 3743 ni
787 3684 932 3744 siquiera
964 3686 1105 3746 pensaba
1134 3686 1214 3746 «po¬

482 3719 620 3779 lemizar
648 3719 701 3779 con
737 3721 772 3781 un
808 3722 996 3782 «revólver»
1028 3724 1039 3784 o
1071 3726 1131 3786 una
1167 3726 1212 3786 es¬

486 3756 568 3816 pada
610 3757 643 3817 en
681 3758 707 3818 la
753 3758 887 3818 mano»,
918 3762 1030 3822 puesto
1072 3767 1132 3827 que
1166 3767 1195 3827 su

475 3794 569 3854 única
604 3797 694 3857 arma
733 3797 781 3857 era
816 3798 842 3858 la
877 3800 1016 3860 pluma.

513 3833 676 3893 Entonces
713 3834 741 3894 se
773 3836 898 3896 reunió
934 3837 974 3897 un
1014 3841 1206 3901 «Tribunal

483 3872 525 3932 de
553 3872 673 3932 honor»
701 3872 755 3932 del
779 3875 980 3935 regimiento
1012 3878 1043 3938 en
1079 3878 1105 3938 el
1133 3881 1206 3941 cual

479 3908 573 3968 había
616 3910 744 3970 servido
783 3913 994 3973 Schnitzler.
1029 3916 1105 3976 Este
1144 3918 1195 3978 fué

484 3946 639 4006 invitado
671 3949 681 4009 a
717 3949 925 4009 comparecer
958 3952 1035 4012 ante
1064 3955 1113 4015 los
1138 3955 1212 4015 que-

471 3985 535 4045 ces.
567 3986 655 4046 Pero
699 3987 726 4047 el
751 3988 954 4048 «criminal»
987 3991 1014 4051 se
1042 3994 1122 4054 negó
1154 3994 1206 4054 ro¬

477 4024 699 4084 tundamente
720 4025 730 4085 a
762 4027 917 4087 obedecer
938 4030 969 4090 la
995 4033 1207 4093 invitación.

485 4060 532 4120 n
564 4063 631 4123 una
663 4063 751 4123 carta
783 4066 934 4126 dirigida
971 4069 1007 4129 al
1034 4071 1206 4131 presiden¬

475 4099 482 4159 t
525 4099 563 4159 de
591 4100 683 4160 dicho
710 4102 887 4162 Tribunal
911 4105 1042 4165 declaró
1073 4109 1130 4169 que
1158 4108 1207 4168 re-

483 4137 609 4197 conocia
644 4137 695 4197 tan
730 4138 791 4198 sólo
826 4140 857 4200 el
881 4145 987 4205 juicio
1018 4148 1028 4208 y
1063 4148 1093 4208 el
1117 4146 1206 4206 nere-

474 4176 559 4236 dicto
590 4176 626 4236 de
658 4177 708 4237 sus
736 4178 898 4238 lietores.

512 4217 568 4277 Los
592 4215 772 4275 miembros
801 4218 856 4278 del
877 4221 1073 4281 Tribunal,
1097 4224 1205 4284 furio-

478 4254 522 4314 sos
574 4254 786 4314 condenaron
834 4257 847 4317 a
899 4257 1090 4317 Sehaitzler
1135 4263 1193 4323 por
