<?xml version="1.0" encoding="UTF-8" standalone="yes"?>
<PcGts xmlns="http://schema.primaresearch.org/PAGE/gts/pagecontent/2013-07-15" xmlns:xsi="http://www.w3.org/2001/XMLSchema-instance" xsi:schemaLocation="http://schema.primaresearch.org/PAGE/gts/pagecontent/2013-07-15 http://schema.primaresearch.org/PAGE/gts/pagecontent/2013-07-15/pagecontent.xsd">
    <Metadata>
        <Creator>prov=READ-COOP:name=PyLaia@TranskribusPlatform:version=2.12.1:model_id=39995:lm=none:date=09_04_2024_22:52</Creator>
        <Created>2019-10-07T20:40:34.115+02:00</Created>
        <LastChange>2024-04-09T22:52:39.057+02:00</LastChange>
        <TranskribusMetadata docId="224459" pageId="9584176" pageNr="749" tsid="157631251" status="IN_PROGRESS" userId="64420" imgUrl="https://files.transkribus.eu/Get?id=QXPNKVVMQXFBCFNMFTFHOVMN&amp;fileType=view" xmlUrl="https://files.transkribus.eu/Get?id=ZECRCLRFKYVWPIXUDGHCXKIY" imageId="6209500"/>
    </Metadata>
    <Page imageFilename="224459_0749.jpeg" imageWidth="3344" imageHeight="4352">
        <ReadingOrder>
            <OrderedGroup id="ro_1712938252531" caption="Regions reading order">
                <RegionRefIndexed index="0" regionRef="tr_1"/>
            </OrderedGroup>
        </ReadingOrder>
        <TextRegion orientation="0.0" id="tr_1" custom="readingOrder {index:0;}">
            <Coords points="1023,102 1023,4108 2262,4108 2262,102"/>
            <TextLine id="tr_1_tl_1" custom="readingOrder {index:0;}">
                <Coords points="1409,137 2207,133 2207,68 2031,101 1409,95"/>
                <Baseline points="1417,125 1456,128 1496,128 1536,125 1575,127 1615,126 1655,125 1694,126 1734,128 1774,127 1814,125 1853,125 1893,125 1933,125 1972,125 2012,125 2052,125 2091,125 2131,125 2171,125 2211,122"/>
                <Word id="tr_1_tl_1_w1" custom="readingOrder {index:0;}">
                    <Coords points="1413,88 1413,148 1521,148 1521,88"/>
                    <TextEquiv>
                        <Unicode>Poesie</Unicode>
                    </TextEquiv>
                </Word>
                <Word id="tr_1_tl_1_w2" custom="readingOrder {index:1;}">
                    <Coords points="1550,87 1550,147 1600,147 1600,87"/>
                    <TextEquiv>
                        <Unicode>des</Unicode>
                    </TextEquiv>
                </Word>
                <Word id="tr_1_tl_1_w3" custom="readingOrder {index:2;}">
                    <Coords points="1630,86 1630,146 1788,146 1788,86"/>
                    <TextEquiv>
                        <Unicode>Chambre</Unicode>
                    </TextEquiv>
                </Word>
                <Word id="tr_1_tl_1_w4" custom="readingOrder {index:3;}">
                    <Coords points="1818,85 1818,145 2019,145 2019,85"/>
                    <TextEquiv>
                        <Unicode>particulière</Unicode>
                    </TextEquiv>
                </Word>
                <Word id="tr_1_tl_1_w5" custom="readingOrder {index:4;}">
                    <Coords points="2049,85 2049,145 2106,145 2106,85"/>
                    <TextEquiv>
                        <Unicode>und</Unicode>
                    </TextEquiv>
                </Word>
                <Word id="tr_1_tl_1_w6" custom="readingOrder {index:5;}">
                    <Coords points="2143,85 2143,145 2193,145 2193,85"/>
                    <TextEquiv>
                        <Unicode>des</Unicode>
                    </TextEquiv>
                </Word>
                <TextEquiv>
                    <Unicode>Poesie des Chambre particulière und des</Unicode>
                </TextEquiv>
            </TextLine>
            <TextLine id="tr_1_tl_2" custom="readingOrder {index:1;}">
                <Coords points="1021,149 1038,151 1056,137 1165,145 1184,128 1218,143 1266,136 1291,145 1291,103 1276,97 1021,101"/>
                <Baseline points="1029,140 1055,134 1082,131 1108,131 1135,130 1162,128 1188,130 1215,131 1241,131 1268,131 1295,131"/>
                <Word id="tr_1_tl_2_w1" custom="readingOrder {index:0;}">
                    <Coords points="1027,88 1027,148 1293,148 1293,88"/>
                    <TextEquiv>
                        <Unicode>„Anatol"-Zeit,</Unicode>
                    </TextEquiv>
                </Word>
                <TextEquiv>
                    <Unicode>„Anatol"-Zeit,</Unicode>
                </TextEquiv>
            </TextLine>
            <TextLine id="tr_1_tl_3" custom="readingOrder {index:2;}">
                <Coords points="1970,187 2002,184 2041,210 2076,210 2136,180 2154,193 2210,187 2210,137 2173,133 2148,145 2124,128 2114,137 1970,134"/>
                <Baseline points="1978,176 2004,175 2030,173 2056,173 2082,173 2109,173 2135,173 2161,173 2187,173 2214,173"/>
                <Word id="tr_1_tl_3_w1" custom="readingOrder {index:0;}">
                    <Coords points="1971,133 1971,193 2120,193 2120,133"/>
                    <TextEquiv>
                        <Unicode>Zunächst</Unicode>
                    </TextEquiv>
                </Word>
                <Word id="tr_1_tl_3_w2" custom="readingOrder {index:1;}">
                    <Coords points="2150,133 2150,193 2195,193 2195,133"/>
                    <TextEquiv>
                        <Unicode>ein</Unicode>
                    </TextEquiv>
                </Word>
                <TextEquiv>
                    <Unicode>Zunächst ein</Unicode>
                </TextEquiv>
            </TextLine>
            <TextLine id="tr_1_tl_4" custom="readingOrder {index:3;}">
                <Coords points="1406,193 1439,205 1474,181 1651,178 1690,192 1752,175 1884,207 1925,183 1925,137 1896,133 1777,131 1737,151 1631,131 1504,158 1471,134 1406,134"/>
                <Baseline points="1414,179 1439,176 1465,176 1491,177 1516,178 1542,178 1568,176 1593,176 1619,176 1645,174 1671,173 1696,173 1722,173 1748,173 1773,173 1799,173 1825,173 1850,173 1876,173 1902,174 1928,176"/>
                <Word id="tr_1_tl_4_w1" custom="readingOrder {index:0;}">
                    <Coords points="1401,136 1401,196 1476,196 1476,136"/>
                    <TextEquiv>
                        <Unicode>Hier</Unicode>
                    </TextEquiv>
                </Word>
                <Word id="tr_1_tl_4_w2" custom="readingOrder {index:1;}">
                    <Coords points="1515,137 1515,197 1590,197 1590,137"/>
                    <TextEquiv>
                        <Unicode>zwei</Unicode>
                    </TextEquiv>
                </Word>
                <Word id="tr_1_tl_4_w3" custom="readingOrder {index:2;}">
                    <Coords points="1624,133 1624,193 1727,193 1727,133"/>
                    <TextEquiv>
                        <Unicode>dieser</Unicode>
                    </TextEquiv>
                </Word>
                <Word id="tr_1_tl_4_w4" custom="readingOrder {index:3;}">
                    <Coords points="1760,133 1760,193 1922,193 1922,133"/>
                    <TextEquiv>
                        <Unicode>Gedichte.</Unicode>
                    </TextEquiv>
                </Word>
                <TextEquiv>
                    <Unicode>Hier zwei dieser Gedichte.</Unicode>
                </TextEquiv>
            </TextLine>
            <TextLine id="tr_1_tl_5" custom="readingOrder {index:4;}">
                <Coords points="1021,195 1058,199 1092,183 1141,195 1178,177 1236,190 1355,189 1355,137 1322,122 1278,148 1254,134 1177,149 1104,136 1021,148"/>
                <Baseline points="1029,185 1054,181 1079,180 1104,179 1130,179 1155,178 1180,176 1206,176 1231,176 1256,176 1282,176 1307,176 1332,176 1358,176"/>
                <Word id="tr_1_tl_5_w1" custom="readingOrder {index:0;}">
                    <Coords points="1022,139 1022,199 1150,199 1150,139"/>
                    <TextEquiv>
                        <Unicode>„Süßen</Unicode>
                    </TextEquiv>
                </Word>
                <Word id="tr_1_tl_5_w2" custom="readingOrder {index:1;}">
                    <Coords points="1190,136 1190,196 1358,196 1358,136"/>
                    <TextEquiv>
                        <Unicode>Mädels".</Unicode>
                    </TextEquiv>
                </Word>
                <TextEquiv>
                    <Unicode>„Süßen Mädels".</Unicode>
                </TextEquiv>
            </TextLine>
            <TextLine id="tr_1_tl_6" custom="readingOrder {index:5;}">
                <Coords points="1024,249 1040,243 1085,253 1101,241 1124,253 1159,243 1181,256 1210,244 1243,247 1245,190 1230,186 1180,180 1121,196 1094,184 1058,201 1049,192 1026,196"/>
                <Baseline points="1032,223 1058,223 1085,224 1112,226 1139,224 1166,224 1193,225 1220,224 1247,220"/>
                <Word id="tr_1_tl_6_w1" custom="readingOrder {index:0;}">
                    <Coords points="1024,184 1024,244 1248,244 1248,184"/>
                    <TextEquiv>
                        <Unicode>namenloses:</Unicode>
                    </TextEquiv>
                </Word>
                <TextEquiv>
                    <Unicode>namenloses:</Unicode>
                </TextEquiv>
            </TextLine>
            <TextLine id="tr_1_tl_7" custom="readingOrder {index:6;}">
                <Coords points="1254,275 1762,261 1815,282 1877,258 1992,281 1992,223 1919,213 1565,243 1254,222"/>
                <Baseline points="1262,265 1298,267 1335,266 1372,265 1408,266 1445,268 1482,265 1518,265 1555,265 1592,265 1629,265 1665,265 1702,265 1739,265 1775,265 1812,265 1849,265 1885,265 1922,267 1959,268 1996,271"/>
                <Word id="tr_1_tl_7_w1" custom="readingOrder {index:0;}">
                    <Coords points="1249,225 1249,285 1304,285 1304,225"/>
                    <TextEquiv>
                        <Unicode>Wie</Unicode>
                    </TextEquiv>
                </Word>
                <Word id="tr_1_tl_7_w2" custom="readingOrder {index:1;}">
                    <Coords points="1340,225 1340,285 1390,285 1390,225"/>
                    <TextEquiv>
                        <Unicode>wir</Unicode>
                    </TextEquiv>
                </Word>
                <Word id="tr_1_tl_7_w3" custom="readingOrder {index:2;}">
                    <Coords points="1426,227 1426,287 1451,287 1451,227"/>
                    <TextEquiv>
                        <Unicode>so</Unicode>
                    </TextEquiv>
                </Word>
                <Word id="tr_1_tl_7_w4" custom="readingOrder {index:3;}">
                    <Coords points="1487,225 1487,285 1543,285 1543,225"/>
                    <TextEquiv>
                        <Unicode>still</Unicode>
                    </TextEquiv>
                </Word>
                <Word id="tr_1_tl_7_w5" custom="readingOrder {index:4;}">
                    <Coords points="1569,225 1569,285 1604,285 1604,225"/>
                    <TextEquiv>
                        <Unicode>an</Unicode>
                    </TextEquiv>
                </Word>
                <Word id="tr_1_tl_7_w6" custom="readingOrder {index:5;}">
                    <Coords points="1645,225 1645,285 1721,285 1721,225"/>
                    <TextEquiv>
                        <Unicode>einem</Unicode>
                    </TextEquiv>
                </Word>
                <Word id="tr_1_tl_7_w7" custom="readingOrder {index:6;}">
                    <Coords points="1767,225 1767,285 1858,285 1858,225"/>
                    <TextEquiv>
                        <Unicode>Tische</Unicode>
                    </TextEquiv>
                </Word>
                <Word id="tr_1_tl_7_w8" custom="readingOrder {index:7;}">
                    <Coords points="1894,227 1894,287 1990,287 1990,227"/>
                    <TextEquiv>
                        <Unicode>saßen,</Unicode>
                    </TextEquiv>
                </Word>
                <TextEquiv>
                    <Unicode>Wie wir so still an einem Tische saßen,</Unicode>
                </TextEquiv>
            </TextLine>
            <TextLine id="tr_1_tl_8" custom="readingOrder {index:7;}">
                <Coords points="1248,309 1945,318 1945,281 1866,267 1248,273"/>
                <Baseline points="1256,307 1290,305 1325,306 1359,306 1394,304 1429,304 1463,304 1498,304 1533,304 1567,304 1602,304 1637,304 1671,304 1706,304 1741,304 1775,304 1810,304 1845,304 1879,304 1914,304 1949,307"/>
                <Word id="tr_1_tl_8_w1" custom="readingOrder {index:0;}">
                    <Coords points="1247,266 1247,326 1294,326 1294,266"/>
                    <TextEquiv>
                        <Unicode>Als</Unicode>
                    </TextEquiv>
                </Word>
                <Word id="tr_1_tl_8_w2" custom="readingOrder {index:1;}">
                    <Coords points="1323,265 1323,325 1417,325 1417,265"/>
                    <TextEquiv>
                        <Unicode>hätten</Unicode>
                    </TextEquiv>
                </Word>
                <Word id="tr_1_tl_8_w3" custom="readingOrder {index:2;}">
                    <Coords points="1451,264 1451,324 1507,324 1507,264"/>
                    <TextEquiv>
                        <Unicode>wir</Unicode>
                    </TextEquiv>
                </Word>
                <Word id="tr_1_tl_8_w4" custom="readingOrder {index:3;}">
                    <Coords points="1536,264 1536,324 1592,324 1592,264"/>
                    <TextEquiv>
                        <Unicode>uns</Unicode>
                    </TextEquiv>
                </Word>
                <Word id="tr_1_tl_8_w5" custom="readingOrder {index:4;}">
                    <Coords points="1622,264 1622,324 1721,324 1721,264"/>
                    <TextEquiv>
                        <Unicode>früher</Unicode>
                    </TextEquiv>
                </Word>
                <Word id="tr_1_tl_8_w6" custom="readingOrder {index:5;}">
                    <Coords points="1755,264 1755,324 1797,324 1797,264"/>
                    <TextEquiv>
                        <Unicode>nie</Unicode>
                    </TextEquiv>
                </Word>
                <Word id="tr_1_tl_8_w7" custom="readingOrder {index:6;}">
                    <Coords points="1826,264 1826,324 1949,324 1949,264"/>
                    <TextEquiv>
                        <Unicode>geseh'n,</Unicode>
                    </TextEquiv>
                </Word>
                <TextEquiv>
                    <Unicode>Als hätten wir uns früher nie geseh'n,</Unicode>
                </TextEquiv>
            </TextLine>
            <TextLine id="tr_1_tl_9" custom="readingOrder {index:8;}">
                <Coords points="1248,349 1951,347 1951,314 1906,306 1337,327 1248,309"/>
                <Baseline points="1256,343 1292,343 1329,343 1366,343 1403,343 1439,343 1476,343 1513,343 1550,343 1587,343 1623,341 1660,341 1697,343 1734,343 1771,343 1807,341 1844,342 1881,343 1918,342 1955,340"/>
                <Word id="tr_1_tl_9_w1" custom="readingOrder {index:0;}">
                    <Coords points="1247,303 1247,363 1301,363 1301,303"/>
                    <TextEquiv>
                        <Unicode>Und</Unicode>
                    </TextEquiv>
                </Word>
                <Word id="tr_1_tl_9_w2" custom="readingOrder {index:1;}">
                    <Coords points="1334,303 1334,363 1407,363 1407,303"/>
                    <TextEquiv>
                        <Unicode>ganz</Unicode>
                    </TextEquiv>
                </Word>
                <Word id="tr_1_tl_9_w3" custom="readingOrder {index:2;}">
                    <Coords points="1440,303 1440,363 1522,363 1522,303"/>
                    <TextEquiv>
                        <Unicode>ruhig</Unicode>
                    </TextEquiv>
                </Word>
                <Word id="tr_1_tl_9_w4" custom="readingOrder {index:3;}">
                    <Coords points="1560,301 1560,361 1674,361 1674,301"/>
                    <TextEquiv>
                        <Unicode>unser'n</Unicode>
                    </TextEquiv>
                </Word>
                <Word id="tr_1_tl_9_w5" custom="readingOrder {index:4;}">
                    <Coords points="1711,302 1711,362 1840,362 1840,302"/>
                    <TextEquiv>
                        <Unicode>Spargel</Unicode>
                    </TextEquiv>
                </Word>
                <Word id="tr_1_tl_9_w6" custom="readingOrder {index:5;}">
                    <Coords points="1873,302 1873,362 1941,362 1941,302"/>
                    <TextEquiv>
                        <Unicode>aßen</Unicode>
                    </TextEquiv>
                </Word>
                <TextEquiv>
                    <Unicode>Und ganz ruhig unser'n Spargel aßen</Unicode>
                </TextEquiv>
            </TextLine>
            <TextLine id="tr_1_tl_10" custom="readingOrder {index:9;}">
                <Coords points="1248,385 1993,391 1966,342 1248,349"/>
                <Baseline points="1256,382 1293,382 1330,382 1367,382 1404,382 1441,382 1478,382 1515,382 1552,382 1589,382 1626,382 1663,382 1700,382 1737,381 1774,379 1811,379 1848,381 1885,380 1922,379 1959,379 1996,379"/>
                <Word id="tr_1_tl_10_w1" custom="readingOrder {index:0;}">
                    <Coords points="1247,342 1247,402 1293,402 1293,342"/>
                    <TextEquiv>
                        <Unicode>Als</Unicode>
                    </TextEquiv>
                </Word>
                <Word id="tr_1_tl_10_w2" custom="readingOrder {index:1;}">
                    <Coords points="1322,342 1322,402 1393,402 1393,342"/>
                    <TextEquiv>
                        <Unicode>wäre</Unicode>
                    </TextEquiv>
                </Word>
                <Word id="tr_1_tl_10_w3" custom="readingOrder {index:2;}">
                    <Coords points="1421,342 1421,402 1473,402 1473,342"/>
                    <TextEquiv>
                        <Unicode>gar</Unicode>
                    </TextEquiv>
                </Word>
                <Word id="tr_1_tl_10_w4" custom="readingOrder {index:3;}">
                    <Coords points="1497,342 1497,402 1581,402 1581,342"/>
                    <TextEquiv>
                        <Unicode>nichts</Unicode>
                    </TextEquiv>
                </Word>
                <Word id="tr_1_tl_10_w5" custom="readingOrder {index:4;}">
                    <Coords points="1610,342 1610,402 1737,402 1737,342"/>
                    <TextEquiv>
                        <Unicode>zwischen</Unicode>
                    </TextEquiv>
                </Word>
                <Word id="tr_1_tl_10_w6" custom="readingOrder {index:5;}">
                    <Coords points="1766,339 1766,399 1817,399 1817,339"/>
                    <TextEquiv>
                        <Unicode>uns</Unicode>
                    </TextEquiv>
                </Word>
                <Word id="tr_1_tl_10_w7" custom="readingOrder {index:6;}">
                    <Coords points="1846,339 1846,399 1997,399 1997,339"/>
                    <TextEquiv>
                        <Unicode>gescheh'n,</Unicode>
                    </TextEquiv>
                </Word>
                <TextEquiv>
                    <Unicode>Als wäre gar nichts zwischen uns gescheh'n,</Unicode>
                </TextEquiv>
            </TextLine>
            <TextLine id="tr_1_tl_11" custom="readingOrder {index:10;}">
                <Coords points="1248,425 1937,421 2046,454 2034,376 1248,386"/>
                <Baseline points="1256,417 1295,420 1335,420 1375,417 1414,417 1454,417 1494,417 1533,417 1573,417 1613,417 1653,417 1692,417 1732,417 1772,417 1811,417 1851,417 1891,417 1930,417 1970,417 2010,417 2050,414"/>
                <Word id="tr_1_tl_11_w1" custom="readingOrder {index:0;}">
                    <Coords points="1247,378 1247,438 1301,438 1301,378"/>
                    <TextEquiv>
                        <Unicode>Und</Unicode>
                    </TextEquiv>
                </Word>
                <Word id="tr_1_tl_11_w2" custom="readingOrder {index:1;}">
                    <Coords points="1324,378 1324,438 1375,438 1375,378"/>
                    <TextEquiv>
                        <Unicode>wie</Unicode>
                    </TextEquiv>
                </Word>
                <Word id="tr_1_tl_11_w3" custom="readingOrder {index:2;}">
                    <Coords points="1394,377 1394,437 1425,437 1425,377"/>
                    <TextEquiv>
                        <Unicode>sie</Unicode>
                    </TextEquiv>
                </Word>
                <Word id="tr_1_tl_11_w4" custom="readingOrder {index:3;}">
                    <Coords points="1449,377 1449,437 1503,437 1503,377"/>
                    <TextEquiv>
                        <Unicode>mir</Unicode>
                    </TextEquiv>
                </Word>
                <Word id="tr_1_tl_11_w5" custom="readingOrder {index:4;}">
                    <Coords points="1522,377 1522,437 1531,437 1531,377"/>
                    <TextEquiv>
                        <Unicode>—</Unicode>
                    </TextEquiv>
                </Word>
                <Word id="tr_1_tl_11_w6" custom="readingOrder {index:5;}">
                    <Coords points="1577,377 1577,437 1618,437 1618,377"/>
                    <TextEquiv>
                        <Unicode>als</Unicode>
                    </TextEquiv>
                </Word>
                <Word id="tr_1_tl_11_w7" custom="readingOrder {index:6;}">
                    <Coords points="1641,377 1641,437 1719,437 1719,377"/>
                    <TextEquiv>
                        <Unicode>wenn</Unicode>
                    </TextEquiv>
                </Word>
                <Word id="tr_1_tl_11_w8" custom="readingOrder {index:7;}">
                    <Coords points="1747,377 1747,437 1779,437 1779,377"/>
                    <TextEquiv>
                        <Unicode>ich</Unicode>
                    </TextEquiv>
                </Word>
                <Word id="tr_1_tl_11_w9" custom="readingOrder {index:8;}">
                    <Coords points="1803,377 1803,437 1825,437 1825,377"/>
                    <TextEquiv>
                        <Unicode>es</Unicode>
                    </TextEquiv>
                </Word>
                <Word id="tr_1_tl_11_w10" custom="readingOrder {index:9;}">
                    <Coords points="1848,377 1848,437 1922,437 1922,377"/>
                    <TextEquiv>
                        <Unicode>nicht</Unicode>
                    </TextEquiv>
                </Word>
                <Word id="tr_1_tl_11_w11" custom="readingOrder {index:10;}">
                    <Coords points="1941,377 1941,437 2050,437 2050,377"/>
                    <TextEquiv>
                        <Unicode>wüßte!</Unicode>
                    </TextEquiv>
                </Word>
                <TextEquiv>
                    <Unicode>Und wie sie mir — als wenn ich es nicht wüßte!</Unicode>
                </TextEquiv>
            </TextLine>
            <TextLine id="tr_1_tl_12" custom="readingOrder {index:11;}">
                <Coords points="1254,469 1936,468 1936,427 1912,421 1702,441 1639,416 1254,427"/>
                <Baseline points="1262,456 1295,458 1329,458 1363,456 1397,456 1431,456 1465,456 1499,455 1533,453 1567,453 1601,453 1634,453 1668,453 1702,455 1736,456 1770,455 1804,453 1838,453 1872,453 1906,454 1940,456"/>
                <Word id="tr_1_tl_12_w1" custom="readingOrder {index:0;}">
                    <Coords points="1248,416 1248,476 1287,476 1287,416"/>
                    <TextEquiv>
                        <Unicode>Im</Unicode>
                    </TextEquiv>
                </Word>
                <Word id="tr_1_tl_12_w2" custom="readingOrder {index:1;}">
                    <Coords points="1332,416 1332,476 1495,476 1495,416"/>
                    <TextEquiv>
                        <Unicode>Flüsterton</Unicode>
                    </TextEquiv>
                </Word>
                <Word id="tr_1_tl_12_w3" custom="readingOrder {index:2;}">
                    <Coords points="1530,413 1530,473 1692,473 1692,413"/>
                    <TextEquiv>
                        <Unicode>erzählten,</Unicode>
                    </TextEquiv>
                </Word>
                <Word id="tr_1_tl_12_w4" custom="readingOrder {index:3;}">
                    <Coords points="1718,415 1718,475 1772,475 1772,415"/>
                    <TextEquiv>
                        <Unicode>wer</Unicode>
                    </TextEquiv>
                </Word>
                <Word id="tr_1_tl_12_w5" custom="readingOrder {index:4;}">
                    <Coords points="1807,413 1807,473 1836,473 1836,413"/>
                    <TextEquiv>
                        <Unicode>du</Unicode>
                    </TextEquiv>
                </Word>
                <Word id="tr_1_tl_12_w6" custom="readingOrder {index:5;}">
                    <Coords points="1876,414 1876,474 1939,474 1939,414"/>
                    <TextEquiv>
                        <Unicode>bist,</Unicode>
                    </TextEquiv>
                </Word>
                <TextEquiv>
                    <Unicode>Im Flüsterton erzählten, wer du bist,</Unicode>
                </TextEquiv>
            </TextLine>
            <TextLine id="tr_1_tl_13" custom="readingOrder {index:12;}">
                <Coords points="1257,502 2043,508 2043,453 1999,450 1257,466"/>
                <Baseline points="1265,492 1304,495 1343,495 1382,495 1421,495 1460,495 1499,495 1538,495 1577,495 1616,492 1656,492 1695,494 1734,494 1773,491 1812,490 1851,492 1890,492 1929,494 1968,495 2007,495 2047,495"/>
                <Word id="tr_1_tl_13_w1" custom="readingOrder {index:0;}">
                    <Coords points="1251,452 1251,512 1304,512 1304,452"/>
                    <TextEquiv>
                        <Unicode>Und</Unicode>
                    </TextEquiv>
                </Word>
                <Word id="tr_1_tl_13_w2" custom="readingOrder {index:1;}">
                    <Coords points="1333,455 1333,515 1366,515 1366,455"/>
                    <TextEquiv>
                        <Unicode>ich</Unicode>
                    </TextEquiv>
                </Word>
                <Word id="tr_1_tl_13_w3" custom="readingOrder {index:2;}">
                    <Coords points="1396,455 1396,515 1443,515 1443,455"/>
                    <TextEquiv>
                        <Unicode>zum</Unicode>
                    </TextEquiv>
                </Word>
                <Word id="tr_1_tl_13_w4" custom="readingOrder {index:3;}">
                    <Coords points="1482,455 1482,515 1608,515 1608,455"/>
                    <TextEquiv>
                        <Unicode>Abschied</Unicode>
                    </TextEquiv>
                </Word>
                <Word id="tr_1_tl_13_w5" custom="readingOrder {index:4;}">
                    <Coords points="1637,452 1637,512 1680,512 1680,452"/>
                    <TextEquiv>
                        <Unicode>dir</Unicode>
                    </TextEquiv>
                </Word>
                <Word id="tr_1_tl_13_w6" custom="readingOrder {index:5;}">
                    <Coords points="1709,454 1709,514 1752,514 1752,454"/>
                    <TextEquiv>
                        <Unicode>das</Unicode>
                    </TextEquiv>
                </Word>
                <Word id="tr_1_tl_13_w7" custom="readingOrder {index:6;}">
                    <Coords points="1782,452 1782,512 1926,512 1926,452"/>
                    <TextEquiv>
                        <Unicode>Händchen</Unicode>
                    </TextEquiv>
                </Word>
                <Word id="tr_1_tl_13_w8" custom="readingOrder {index:7;}">
                    <Coords points="1956,455 1956,515 2046,515 2046,455"/>
                    <TextEquiv>
                        <Unicode>küßte,</Unicode>
                    </TextEquiv>
                </Word>
                <TextEquiv>
                    <Unicode>Und ich zum Abschied dir das Händchen küßte,</Unicode>
                </TextEquiv>
            </TextLine>
            <TextLine id="tr_1_tl_14" custom="readingOrder {index:13;}">
                <Coords points="1254,554 1450,558 1491,534 1551,557 1948,552 1948,498 1254,501"/>
                <Baseline points="1262,537 1296,536 1331,534 1365,534 1400,534 1434,534 1469,534 1503,534 1538,534 1572,532 1607,532 1641,534 1676,534 1710,534 1745,533 1779,531 1814,531 1848,531 1883,532 1917,534 1952,534"/>
                <Word id="tr_1_tl_14_w1" custom="readingOrder {index:0;}">
                    <Coords points="1253,496 1253,556 1302,556 1302,496"/>
                    <TextEquiv>
                        <Unicode>Als</Unicode>
                    </TextEquiv>
                </Word>
                <Word id="tr_1_tl_14_w2" custom="readingOrder {index:1;}">
                    <Coords points="1332,494 1332,554 1405,554 1405,494"/>
                    <TextEquiv>
                        <Unicode>hätt'</Unicode>
                    </TextEquiv>
                </Word>
                <Word id="tr_1_tl_14_w3" custom="readingOrder {index:2;}">
                    <Coords points="1430,494 1430,554 1464,554 1464,494"/>
                    <TextEquiv>
                        <Unicode>ich</Unicode>
                    </TextEquiv>
                </Word>
                <Word id="tr_1_tl_14_w4" custom="readingOrder {index:3;}">
                    <Coords points="1499,493 1499,553 1592,553 1592,493"/>
                    <TextEquiv>
                        <Unicode>deinen</Unicode>
                    </TextEquiv>
                </Word>
                <Word id="tr_1_tl_14_w5" custom="readingOrder {index:4;}">
                    <Coords points="1628,494 1628,554 1725,554 1725,494"/>
                    <TextEquiv>
                        <Unicode>Nacken</Unicode>
                    </TextEquiv>
                </Word>
                <Word id="tr_1_tl_14_w6" custom="readingOrder {index:5;}">
                    <Coords points="1760,491 1760,551 1804,551 1804,491"/>
                    <TextEquiv>
                        <Unicode>nie</Unicode>
                    </TextEquiv>
                </Word>
                <Word id="tr_1_tl_14_w7" custom="readingOrder {index:6;}">
                    <Coords points="1834,492 1834,552 1946,552 1946,492"/>
                    <TextEquiv>
                        <Unicode>geküßt!</Unicode>
                    </TextEquiv>
                </Word>
                <TextEquiv>
                    <Unicode>Als hätt' ich deinen Nacken nie geküßt!</Unicode>
                </TextEquiv>
            </TextLine>
            <TextLine id="tr_1_tl_15" custom="readingOrder {index:14;}">
                <Coords points="1409,632 1519,634 1542,616 1569,632 1682,617 1731,631 1753,614 1841,626 1841,563 1795,551 1699,569 1673,549 1596,566 1566,552 1531,569 1494,557 1450,581 1409,564"/>
                <Baseline points="1417,608 1442,608 1467,608 1492,608 1517,608 1542,608 1567,608 1592,608 1617,608 1643,608 1668,608 1693,608 1718,608 1743,608 1768,608 1793,608 1818,607 1844,605"/>
                <Word id="tr_1_tl_15_w1" custom="readingOrder {index:0;}">
                    <Coords points="1409,568 1409,628 1568,628 1568,568"/>
                    <TextEquiv>
                        <Unicode>Ansang</Unicode>
                    </TextEquiv>
                </Word>
                <Word id="tr_1_tl_15_w2" custom="readingOrder {index:1;}">
                    <Coords points="1606,568 1606,628 1679,628 1679,568"/>
                    <TextEquiv>
                        <Unicode>vom</Unicode>
                    </TextEquiv>
                </Word>
                <Word id="tr_1_tl_15_w3" custom="readingOrder {index:2;}">
                    <Coords points="1723,568 1723,628 1844,628 1844,568"/>
                    <TextEquiv>
                        <Unicode>Ende.</Unicode>
                    </TextEquiv>
                </Word>
                <TextEquiv>
                    <Unicode>Ansang vom Ende.</Unicode>
                </TextEquiv>
            </TextLine>
            <TextLine id="tr_1_tl_16" custom="readingOrder {index:15;}">
                <Coords points="1254,673 1989,682 1989,629 1887,604 1709,640 1254,622"/>
                <Baseline points="1262,665 1298,665 1335,665 1371,666 1408,667 1444,665 1481,665 1517,665 1554,665 1590,664 1627,662 1664,665 1700,665 1737,665 1773,666 1810,668 1846,668 1883,665 1919,665 1956,665 1993,665"/>
                <Word id="tr_1_tl_16_w1" custom="readingOrder {index:0;}">
                    <Coords points="1253,625 1253,685 1310,685 1310,625"/>
                    <TextEquiv>
                        <Unicode>Duß</Unicode>
                    </TextEquiv>
                </Word>
                <Word id="tr_1_tl_16_w2" custom="readingOrder {index:1;}">
                    <Coords points="1344,625 1344,685 1382,685 1382,625"/>
                    <TextEquiv>
                        <Unicode>all</Unicode>
                    </TextEquiv>
                </Word>
                <Word id="tr_1_tl_16_w3" custom="readingOrder {index:2;}">
                    <Coords points="1411,625 1411,685 1459,685 1459,625"/>
                    <TextEquiv>
                        <Unicode>das</Unicode>
                    </TextEquiv>
                </Word>
                <Word id="tr_1_tl_16_w4" custom="readingOrder {index:3;}">
                    <Coords points="1493,625 1493,685 1603,685 1603,625"/>
                    <TextEquiv>
                        <Unicode>Schöne</Unicode>
                    </TextEquiv>
                </Word>
                <Word id="tr_1_tl_16_w5" custom="readingOrder {index:4;}">
                    <Coords points="1633,624 1633,684 1690,684 1690,624"/>
                    <TextEquiv>
                        <Unicode>nun</Unicode>
                    </TextEquiv>
                </Word>
                <Word id="tr_1_tl_16_w6" custom="readingOrder {index:5;}">
                    <Coords points="1724,625 1724,685 1815,685 1815,625"/>
                    <TextEquiv>
                        <Unicode>längst</Unicode>
                    </TextEquiv>
                </Word>
                <Word id="tr_1_tl_16_w7" custom="readingOrder {index:6;}">
                    <Coords points="1840,627 1840,687 1868,687 1868,627"/>
                    <TextEquiv>
                        <Unicode>zu</Unicode>
                    </TextEquiv>
                </Word>
                <Word id="tr_1_tl_16_w8" custom="readingOrder {index:7;}">
                    <Coords points="1902,625 1902,685 1993,685 1993,625"/>
                    <TextEquiv>
                        <Unicode>Ende,</Unicode>
                    </TextEquiv>
                </Word>
                <TextEquiv>
                    <Unicode>Duß all das Schöne nun längst zu Ende,</Unicode>
                </TextEquiv>
            </TextLine>
            <TextLine id="tr_1_tl_17" custom="readingOrder {index:16;}">
                <Coords points="1257,711 1738,709 1738,671 1721,668 1257,674"/>
                <Baseline points="1265,704 1290,701 1315,703 1340,704 1365,704 1390,704 1415,704 1440,704 1465,704 1490,704 1515,704 1540,702 1565,701 1590,701 1615,702 1640,703 1665,704 1690,704 1715,703 1740,701"/>
                <Word id="tr_1_tl_17_w1" custom="readingOrder {index:0;}">
                    <Coords points="1256,661 1256,721 1310,721 1310,661"/>
                    <TextEquiv>
                        <Unicode>Wie</Unicode>
                    </TextEquiv>
                </Word>
                <Word id="tr_1_tl_17_w2" custom="readingOrder {index:1;}">
                    <Coords points="1338,664 1338,724 1466,724 1466,664"/>
                    <TextEquiv>
                        <Unicode>könntest</Unicode>
                    </TextEquiv>
                </Word>
                <Word id="tr_1_tl_17_w3" custom="readingOrder {index:2;}">
                    <Coords points="1490,663 1490,723 1549,723 1549,663"/>
                    <TextEquiv>
                        <Unicode>du's</Unicode>
                    </TextEquiv>
                </Word>
                <Word id="tr_1_tl_17_w4" custom="readingOrder {index:3;}">
                    <Coords points="1582,663 1582,723 1714,723 1714,663"/>
                    <TextEquiv>
                        <Unicode>versteh'n</Unicode>
                    </TextEquiv>
                </Word>
                <TextEquiv>
                    <Unicode>Wie könntest du's versteh'n</Unicode>
                </TextEquiv>
            </TextLine>
            <TextLine id="tr_1_tl_18" custom="readingOrder {index:17;}">
                <Coords points="1251,753 1809,741 1928,766 1928,709 1904,696 1685,721 1251,709"/>
                <Baseline points="1259,743 1292,743 1326,742 1359,740 1393,740 1427,740 1460,741 1494,742 1527,740 1561,740 1595,740 1628,741 1662,743 1695,743 1729,742 1763,740 1796,740 1830,740 1863,740 1897,740 1931,740"/>
                <Word id="tr_1_tl_18_w1" custom="readingOrder {index:0;}">
                    <Coords points="1251,703 1251,763 1301,763 1301,703"/>
                    <TextEquiv>
                        <Unicode>Ich</Unicode>
                    </TextEquiv>
                </Word>
                <Word id="tr_1_tl_18_w2" custom="readingOrder {index:1;}">
                    <Coords points="1332,700 1332,760 1403,760 1403,700"/>
                    <TextEquiv>
                        <Unicode>hab'</Unicode>
                    </TextEquiv>
                </Word>
                <Word id="tr_1_tl_18_w3" custom="readingOrder {index:2;}">
                    <Coords points="1430,700 1430,760 1455,760 1455,700"/>
                    <TextEquiv>
                        <Unicode>ja</Unicode>
                    </TextEquiv>
                </Word>
                <Word id="tr_1_tl_18_w4" custom="readingOrder {index:3;}">
                    <Coords points="1491,700 1491,760 1536,760 1536,700"/>
                    <TextEquiv>
                        <Unicode>die</Unicode>
                    </TextEquiv>
                </Word>
                <Word id="tr_1_tl_18_w5" custom="readingOrder {index:4;}">
                    <Coords points="1568,700 1568,760 1680,760 1680,700"/>
                    <TextEquiv>
                        <Unicode>lieben,</Unicode>
                    </TextEquiv>
                </Word>
                <Word id="tr_1_tl_18_w6" custom="readingOrder {index:5;}">
                    <Coords points="1706,700 1706,760 1788,760 1788,700"/>
                    <TextEquiv>
                        <Unicode>süßen</Unicode>
                    </TextEquiv>
                </Word>
                <Word id="tr_1_tl_18_w7" custom="readingOrder {index:6;}">
                    <Coords points="1824,700 1824,760 1921,760 1921,700"/>
                    <TextEquiv>
                        <Unicode>Hände</Unicode>
                    </TextEquiv>
                </Word>
                <TextEquiv>
                    <Unicode>Ich hab' ja die lieben, süßen Hände</Unicode>
                </TextEquiv>
            </TextLine>
            <TextLine id="tr_1_tl_19" custom="readingOrder {index:18;}">
                <Coords points="1254,794 1863,800 1863,751 1807,739 1735,762 1254,753"/>
                <Baseline points="1262,782 1292,782 1322,782 1352,782 1382,780 1412,780 1442,782 1473,780 1503,779 1533,779 1563,779 1593,779 1623,779 1653,779 1684,780 1714,782 1744,780 1774,779 1804,779 1834,781 1865,782"/>
                <Word id="tr_1_tl_19_w1" custom="readingOrder {index:0;}">
                    <Coords points="1253,742 1253,802 1361,802 1361,742"/>
                    <TextEquiv>
                        <Unicode>Geküßt</Unicode>
                    </TextEquiv>
                </Word>
                <Word id="tr_1_tl_19_w2" custom="readingOrder {index:1;}">
                    <Coords points="1389,740 1389,800 1448,800 1448,740"/>
                    <TextEquiv>
                        <Unicode>beim</Unicode>
                    </TextEquiv>
                </Word>
                <Word id="tr_1_tl_19_w3" custom="readingOrder {index:2;}">
                    <Coords points="1494,739 1494,799 1630,799 1630,739"/>
                    <TextEquiv>
                        <Unicode>Kommen</Unicode>
                    </TextEquiv>
                </Word>
                <Word id="tr_1_tl_19_w4" custom="readingOrder {index:3;}">
                    <Coords points="1667,740 1667,800 1721,800 1721,740"/>
                    <TextEquiv>
                        <Unicode>und</Unicode>
                    </TextEquiv>
                </Word>
                <Word id="tr_1_tl_19_w5" custom="readingOrder {index:4;}">
                    <Coords points="1754,739 1754,799 1858,799 1858,739"/>
                    <TextEquiv>
                        <Unicode>Geh'n;</Unicode>
                    </TextEquiv>
                </Word>
                <TextEquiv>
                    <Unicode>Geküßt beim Kommen und Geh'n;</Unicode>
                </TextEquiv>
            </TextLine>
            <TextLine id="tr_1_tl_20" custom="readingOrder {index:19;}">
                <Coords points="1251,865 1637,855 1925,892 2001,866 2001,807 1715,833 1657,807 1485,830 1426,800 1251,819"/>
                <Baseline points="1259,853 1296,855 1333,856 1370,856 1408,856 1445,856 1482,856 1520,856 1557,856 1594,855 1632,854 1669,856 1706,856 1743,856 1781,858 1818,858 1855,856 1893,856 1930,856 1967,856 2005,853"/>
                <Word id="tr_1_tl_20_w1" custom="readingOrder {index:0;}">
                    <Coords points="1255,814 1255,874 1313,874 1313,814"/>
                    <TextEquiv>
                        <Unicode>Und</Unicode>
                    </TextEquiv>
                </Word>
                <Word id="tr_1_tl_20_w2" custom="readingOrder {index:1;}">
                    <Coords points="1343,816 1343,876 1412,876 1412,816"/>
                    <TextEquiv>
                        <Unicode>hab'</Unicode>
                    </TextEquiv>
                </Word>
                <Word id="tr_1_tl_20_w3" custom="readingOrder {index:2;}">
                    <Coords points="1442,816 1442,876 1461,876 1461,816"/>
                    <TextEquiv>
                        <Unicode>in</Unicode>
                    </TextEquiv>
                </Word>
                <Word id="tr_1_tl_20_w4" custom="readingOrder {index:3;}">
                    <Coords points="1500,816 1500,876 1593,876 1593,816"/>
                    <TextEquiv>
                        <Unicode>deinem</Unicode>
                    </TextEquiv>
                </Word>
                <Word id="tr_1_tl_20_w5" custom="readingOrder {index:4;}">
                    <Coords points="1643,816 1643,876 1824,876 1824,816"/>
                    <TextEquiv>
                        <Unicode>dämm'rigen</Unicode>
                    </TextEquiv>
                </Word>
                <Word id="tr_1_tl_20_w6" custom="readingOrder {index:5;}">
                    <Coords points="1858,816 1858,876 1985,876 1985,816"/>
                    <TextEquiv>
                        <Unicode>Zimmer</Unicode>
                    </TextEquiv>
                </Word>
                <TextEquiv>
                    <Unicode>Und hab' in deinem dämm'rigen Zimmer</Unicode>
                </TextEquiv>
            </TextLine>
            <TextLine id="tr_1_tl_21" custom="readingOrder {index:20;}">
                <Coords points="1254,904 1403,896 1424,916 1592,898 1696,914 1750,898 1750,869 1684,861 1599,875 1492,855 1254,863"/>
                <Baseline points="1262,895 1287,895 1313,895 1339,895 1365,895 1390,895 1416,895 1442,895 1468,895 1494,895 1519,895 1545,895 1571,895 1597,895 1623,895 1648,895 1674,895 1700,895 1726,895 1752,895"/>
                <Word id="tr_1_tl_21_w1" custom="readingOrder {index:0;}">
                    <Coords points="1253,855 1253,915 1306,915 1306,855"/>
                    <TextEquiv>
                        <Unicode>Mit</Unicode>
                    </TextEquiv>
                </Word>
                <Word id="tr_1_tl_21_w2" custom="readingOrder {index:1;}">
                    <Coords points="1337,855 1337,915 1380,915 1380,855"/>
                    <TextEquiv>
                        <Unicode>dir</Unicode>
                    </TextEquiv>
                </Word>
                <Word id="tr_1_tl_21_w3" custom="readingOrder {index:2;}">
                    <Coords points="1406,855 1406,915 1498,915 1498,855"/>
                    <TextEquiv>
                        <Unicode>gekost</Unicode>
                    </TextEquiv>
                </Word>
                <Word id="tr_1_tl_21_w4" custom="readingOrder {index:3;}">
                    <Coords points="1523,855 1523,915 1577,915 1577,855"/>
                    <TextEquiv>
                        <Unicode>und</Unicode>
                    </TextEquiv>
                </Word>
                <Word id="tr_1_tl_21_w5" custom="readingOrder {index:4;}">
                    <Coords points="1607,855 1607,915 1714,915 1714,855"/>
                    <TextEquiv>
                        <Unicode>gelacht</Unicode>
                    </TextEquiv>
                </Word>
                <Word id="tr_1_tl_21_w6" custom="readingOrder {index:5;}">
                    <Coords points="1735,855 1735,915 1749,915 1749,855"/>
                    <TextEquiv>
                        <Unicode>-</Unicode>
                    </TextEquiv>
                </Word>
                <TextEquiv>
                    <Unicode>Mit dir gekost und gelacht -</Unicode>
                </TextEquiv>
            </TextLine>
            <TextLine id="tr_1_tl_22" custom="readingOrder {index:21;}">
                <Coords points="1251,943 1984,940 2041,967 2041,898 1940,887 1697,916 1251,904"/>
                <Baseline points="1259,934 1298,934 1337,934 1376,932 1416,931 1455,931 1494,932 1533,934 1573,931 1612,934 1651,934 1690,932 1730,931 1769,931 1808,932 1847,934 1887,934 1926,931 1965,933 2004,934 2044,934"/>
                <Word id="tr_1_tl_22_w1" custom="readingOrder {index:0;}">
                    <Coords points="1255,894 1255,954 1315,954 1315,894"/>
                    <TextEquiv>
                        <Unicode>Und</Unicode>
                    </TextEquiv>
                </Word>
                <Word id="tr_1_tl_22_w2" custom="readingOrder {index:1;}">
                    <Coords points="1339,892 1339,952 1408,952 1408,892"/>
                    <TextEquiv>
                        <Unicode>hab'</Unicode>
                    </TextEquiv>
                </Word>
                <Word id="tr_1_tl_22_w3" custom="readingOrder {index:2;}">
                    <Coords points="1428,891 1428,951 1488,951 1488,891"/>
                    <TextEquiv>
                        <Unicode>auch</Unicode>
                    </TextEquiv>
                </Word>
                <Word id="tr_1_tl_22_w4" custom="readingOrder {index:3;}">
                    <Coords points="1512,892 1512,952 1685,952 1685,892"/>
                    <TextEquiv>
                        <Unicode>geplaudert</Unicode>
                    </TextEquiv>
                </Word>
                <Word id="tr_1_tl_22_w5" custom="readingOrder {index:4;}">
                    <Coords points="1709,891 1709,951 1759,951 1759,891"/>
                    <TextEquiv>
                        <Unicode>mit</Unicode>
                    </TextEquiv>
                </Word>
                <Word id="tr_1_tl_22_w6" custom="readingOrder {index:5;}">
                    <Coords points="1779,891 1779,951 1834,951 1834,891"/>
                    <TextEquiv>
                        <Unicode>dir,</Unicode>
                    </TextEquiv>
                </Word>
                <Word id="tr_1_tl_22_w7" custom="readingOrder {index:6;}">
                    <Coords points="1854,894 1854,954 1904,954 1904,894"/>
                    <TextEquiv>
                        <Unicode>wie</Unicode>
                    </TextEquiv>
                </Word>
                <Word id="tr_1_tl_22_w8" custom="readingOrder {index:7;}">
                    <Coords points="1928,893 1928,953 2045,953 2045,893"/>
                    <TextEquiv>
                        <Unicode>immer,</Unicode>
                    </TextEquiv>
                </Word>
                <TextEquiv>
                    <Unicode>Und hab' auch geplaudert mit dir, wie immer,</Unicode>
                </TextEquiv>
            </TextLine>
            <TextLine id="tr_1_tl_23" custom="readingOrder {index:22;}">
                <Coords points="1254,1005 1335,984 1393,1002 1509,984 1574,1008 1685,993 1714,1011 1761,979 1838,991 1838,941 1810,935 1661,954 1254,941"/>
                <Baseline points="1262,976 1292,974 1322,973 1353,973 1383,973 1414,973 1444,973 1475,973 1505,973 1536,973 1566,973 1597,973 1627,973 1658,973 1688,973 1719,973 1749,973 1780,971 1810,970 1841,970"/>
                <Word id="tr_1_tl_23_w1" custom="readingOrder {index:0;}">
                    <Coords points="1254,934 1254,994 1302,994 1302,934"/>
                    <TextEquiv>
                        <Unicode>Bis</Unicode>
                    </TextEquiv>
                </Word>
                <Word id="tr_1_tl_23_w2" custom="readingOrder {index:1;}">
                    <Coords points="1340,933 1340,993 1415,993 1415,933"/>
                    <TextEquiv>
                        <Unicode>spät,</Unicode>
                    </TextEquiv>
                </Word>
                <Word id="tr_1_tl_23_w3" custom="readingOrder {index:2;}">
                    <Coords points="1437,933 1437,993 1479,993 1479,933"/>
                    <TextEquiv>
                        <Unicode>bis</Unicode>
                    </TextEquiv>
                </Word>
                <Word id="tr_1_tl_23_w4" custom="readingOrder {index:3;}">
                    <Coords points="1518,933 1518,993 1577,993 1577,933"/>
                    <TextEquiv>
                        <Unicode>spät</Unicode>
                    </TextEquiv>
                </Word>
                <Word id="tr_1_tl_23_w5" custom="readingOrder {index:4;}">
                    <Coords points="1610,933 1610,993 1636,993 1636,933"/>
                    <TextEquiv>
                        <Unicode>in</Unicode>
                    </TextEquiv>
                </Word>
                <Word id="tr_1_tl_23_w6" custom="readingOrder {index:5;}">
                    <Coords points="1675,933 1675,993 1717,993 1717,933"/>
                    <TextEquiv>
                        <Unicode>die</Unicode>
                    </TextEquiv>
                </Word>
                <Word id="tr_1_tl_23_w7" custom="readingOrder {index:6;}">
                    <Coords points="1750,930 1750,990 1835,990 1835,930"/>
                    <TextEquiv>
                        <Unicode>Nacht</Unicode>
                    </TextEquiv>
                </Word>
                <TextEquiv>
                    <Unicode>Bis spät, bis spät in die Nacht</Unicode>
                </TextEquiv>
            </TextLine>
            <TextLine id="tr_1_tl_24" custom="readingOrder {index:23;}">
                <Coords points="1251,1058 1978,1068 1978,999 1859,985 1702,1020 1251,1003"/>
                <Baseline points="1259,1053 1295,1047 1331,1044 1367,1044 1403,1044 1439,1044 1475,1046 1511,1047 1547,1047 1583,1047 1620,1047 1656,1047 1692,1047 1728,1047 1764,1047 1800,1047 1836,1047 1872,1047 1908,1047 1944,1047 1981,1047"/>
                <Word id="tr_1_tl_24_w1" custom="readingOrder {index:0;}">
                    <Coords points="1250,1011 1250,1071 1289,1071 1289,1011"/>
                    <TextEquiv>
                        <Unicode>Im</Unicode>
                    </TextEquiv>
                </Word>
                <Word id="tr_1_tl_24_w2" custom="readingOrder {index:1;}">
                    <Coords points="1330,1004 1330,1064 1493,1064 1493,1004"/>
                    <TextEquiv>
                        <Unicode>Heimgeh'n</Unicode>
                    </TextEquiv>
                </Word>
                <Word id="tr_1_tl_24_w3" custom="readingOrder {index:2;}">
                    <Coords points="1529,1007 1529,1067 1648,1067 1648,1007"/>
                    <TextEquiv>
                        <Unicode>wieder,</Unicode>
                    </TextEquiv>
                </Word>
                <Word id="tr_1_tl_24_w4" custom="readingOrder {index:3;}">
                    <Coords points="1668,1007 1668,1067 1748,1067 1748,1007"/>
                    <TextEquiv>
                        <Unicode>durch</Unicode>
                    </TextEquiv>
                </Word>
                <Word id="tr_1_tl_24_w5" custom="readingOrder {index:4;}">
                    <Coords points="1773,1007 1773,1067 1842,1067 1842,1007"/>
                    <TextEquiv>
                        <Unicode>stille</Unicode>
                    </TextEquiv>
                </Word>
                <Word id="tr_1_tl_24_w6" custom="readingOrder {index:5;}">
                    <Coords points="1868,1007 1868,1067 1981,1067 1981,1007"/>
                    <TextEquiv>
                        <Unicode>Gassen,</Unicode>
                    </TextEquiv>
                </Word>
                <TextEquiv>
                    <Unicode>Im Heimgeh'n wieder, durch stille Gassen,</Unicode>
                </TextEquiv>
            </TextLine>
            <TextLine id="tr_1_tl_25" custom="readingOrder {index:24;}">
                <Coords points="1254,1089 1767,1098 1767,1061 1690,1050 1670,1065 1530,1053 1510,1071 1480,1053 1254,1058"/>
                <Baseline points="1262,1086 1287,1086 1312,1086 1338,1086 1363,1085 1389,1083 1414,1083 1439,1083 1465,1085 1490,1086 1516,1086 1541,1086 1566,1086 1592,1085 1617,1083 1643,1083 1668,1083 1693,1085 1719,1086 1744,1086 1770,1086"/>
                <Word id="tr_1_tl_25_w1" custom="readingOrder {index:0;}">
                    <Coords points="1253,1046 1253,1106 1381,1106 1381,1046"/>
                    <TextEquiv>
                        <Unicode>Schlich's</Unicode>
                    </TextEquiv>
                </Word>
                <Word id="tr_1_tl_25_w2" custom="readingOrder {index:1;}">
                    <Coords points="1416,1043 1416,1103 1484,1103 1484,1043"/>
                    <TextEquiv>
                        <Unicode>über</Unicode>
                    </TextEquiv>
                </Word>
                <Word id="tr_1_tl_25_w3" custom="readingOrder {index:2;}">
                    <Coords points="1520,1046 1520,1106 1583,1106 1583,1046"/>
                    <TextEquiv>
                        <Unicode>mich</Unicode>
                    </TextEquiv>
                </Word>
                <Word id="tr_1_tl_25_w4" custom="readingOrder {index:3;}">
                    <Coords points="1619,1043 1619,1103 1642,1103 1642,1043"/>
                    <TextEquiv>
                        <Unicode>so</Unicode>
                    </TextEquiv>
                </Word>
                <Word id="tr_1_tl_25_w5" custom="readingOrder {index:4;}">
                    <Coords points="1678,1046 1678,1106 1770,1106 1770,1046"/>
                    <TextEquiv>
                        <Unicode>bang,</Unicode>
                    </TextEquiv>
                </Word>
                <TextEquiv>
                    <Unicode>Schlich's über mich so bang,</Unicode>
                </TextEquiv>
            </TextLine>
            <TextLine id="tr_1_tl_26" custom="readingOrder {index:25;}">
                <Coords points="1260,1132 1735,1123 1893,1159 1893,1070 1845,1061 1741,1104 1657,1083 1260,1091"/>
                <Baseline points="1268,1125 1299,1125 1331,1125 1362,1125 1394,1125 1425,1125 1457,1125 1488,1125 1520,1125 1551,1124 1583,1122 1614,1124 1646,1124 1677,1122 1709,1122 1740,1124 1772,1124 1803,1122 1835,1124 1866,1124 1898,1125"/>
                <Word id="tr_1_tl_26_w1" custom="readingOrder {index:0;}">
                    <Coords points="1260,1085 1260,1145 1313,1145 1313,1085"/>
                    <TextEquiv>
                        <Unicode>Wie</Unicode>
                    </TextEquiv>
                </Word>
                <Word id="tr_1_tl_26_w2" custom="readingOrder {index:1;}">
                    <Coords points="1335,1085 1335,1145 1372,1145 1372,1085"/>
                    <TextEquiv>
                        <Unicode>ich</Unicode>
                    </TextEquiv>
                </Word>
                <Word id="tr_1_tl_26_w3" custom="readingOrder {index:2;}">
                    <Coords points="1399,1085 1399,1145 1468,1145 1468,1085"/>
                    <TextEquiv>
                        <Unicode>mein</Unicode>
                    </TextEquiv>
                </Word>
                <Word id="tr_1_tl_26_w4" custom="readingOrder {index:3;}">
                    <Coords points="1501,1084 1501,1144 1591,1144 1591,1084"/>
                    <TextEquiv>
                        <Unicode>armes</Unicode>
                    </TextEquiv>
                </Word>
                <Word id="tr_1_tl_26_w5" custom="readingOrder {index:4;}">
                    <Coords points="1624,1082 1624,1142 1725,1142 1725,1082"/>
                    <TextEquiv>
                        <Unicode>Mädel</Unicode>
                    </TextEquiv>
                </Word>
                <Word id="tr_1_tl_26_w6" custom="readingOrder {index:5;}">
                    <Coords points="1747,1082 1747,1142 1875,1142 1875,1082"/>
                    <TextEquiv>
                        <Unicode>verlassen</Unicode>
                    </TextEquiv>
                </Word>
                <TextEquiv>
                    <Unicode>Wie ich mein armes Mädel verlassen</Unicode>
                </TextEquiv>
            </TextLine>
            <TextLine id="tr_1_tl_27" custom="readingOrder {index:26;}">
                <Coords points="1251,1166 1353,1189 1549,1172 1629,1196 1664,1169 1792,1169 1792,1127 1251,1133"/>
                <Baseline points="1259,1164 1285,1164 1312,1164 1339,1164 1366,1164 1393,1164 1420,1164 1446,1164 1473,1164 1500,1164 1527,1164 1554,1164 1581,1164 1608,1164 1634,1163 1661,1161 1688,1163 1715,1164 1742,1164 1769,1164 1796,1164"/>
                <Word id="tr_1_tl_27_w1" custom="readingOrder {index:0;}">
                    <Coords points="1256,1124 1256,1184 1295,1184 1295,1124"/>
                    <TextEquiv>
                        <Unicode>So</Unicode>
                    </TextEquiv>
                </Word>
                <Word id="tr_1_tl_27_w2" custom="readingOrder {index:1;}">
                    <Coords points="1321,1124 1321,1184 1406,1184 1406,1124"/>
                    <TextEquiv>
                        <Unicode>lange</Unicode>
                    </TextEquiv>
                </Word>
                <Word id="tr_1_tl_27_w3" custom="readingOrder {index:2;}">
                    <Coords points="1432,1124 1432,1184 1528,1184 1528,1124"/>
                    <TextEquiv>
                        <Unicode>schon!</Unicode>
                    </TextEquiv>
                </Word>
                <Word id="tr_1_tl_27_w4" custom="readingOrder {index:3;}">
                    <Coords points="1548,1124 1548,1184 1598,1184 1598,1124"/>
                    <TextEquiv>
                        <Unicode>Ach</Unicode>
                    </TextEquiv>
                </Word>
                <Word id="tr_1_tl_27_w5" custom="readingOrder {index:4;}">
                    <Coords points="1629,1121 1629,1181 1679,1181 1679,1121"/>
                    <TextEquiv>
                        <Unicode>wie</Unicode>
                    </TextEquiv>
                </Word>
                <Word id="tr_1_tl_27_w6" custom="readingOrder {index:5;}">
                    <Coords points="1705,1124 1705,1184 1790,1184 1790,1124"/>
                    <TextEquiv>
                        <Unicode>lang!</Unicode>
                    </TextEquiv>
                </Word>
                <TextEquiv>
                    <Unicode>So lange schon! Ach wie lang!</Unicode>
                </TextEquiv>
            </TextLine>
            <TextLine id="tr_1_tl_28" custom="readingOrder {index:27;}">
                <Coords points="1251,1240 1620,1263 1896,1245 1928,1266 1966,1260 1964,1196 1249,1199"/>
                <Baseline points="1259,1229 1294,1239 1330,1241 1365,1240 1401,1239 1436,1241 1472,1239 1507,1238 1543,1238 1578,1239 1614,1241 1650,1239 1685,1238 1721,1238 1756,1238 1792,1241 1827,1241 1863,1239 1898,1239 1934,1241 1970,1241"/>
                <Word id="tr_1_tl_28_w1" custom="readingOrder {index:0;}">
                    <Coords points="1253,1199 1253,1259 1341,1259 1341,1199"/>
                    <TextEquiv>
                        <Unicode>Doch,</Unicode>
                    </TextEquiv>
                </Word>
                <Word id="tr_1_tl_28_w2" custom="readingOrder {index:1;}">
                    <Coords points="1362,1199 1362,1259 1406,1259 1406,1199"/>
                    <TextEquiv>
                        <Unicode>daß</Unicode>
                    </TextEquiv>
                </Word>
                <Word id="tr_1_tl_28_w3" custom="readingOrder {index:2;}">
                    <Coords points="1436,1200 1436,1260 1465,1260 1465,1200"/>
                    <TextEquiv>
                        <Unicode>ich</Unicode>
                    </TextEquiv>
                </Word>
                <Word id="tr_1_tl_28_w4" custom="readingOrder {index:3;}">
                    <Coords points="1496,1198 1496,1258 1515,1258 1515,1198"/>
                    <TextEquiv>
                        <Unicode>so</Unicode>
                    </TextEquiv>
                </Word>
                <Word id="tr_1_tl_28_w5" custom="readingOrder {index:4;}">
                    <Coords points="1540,1199 1540,1259 1633,1259 1633,1199"/>
                    <TextEquiv>
                        <Unicode>einsam</Unicode>
                    </TextEquiv>
                </Word>
                <Word id="tr_1_tl_28_w6" custom="readingOrder {index:5;}">
                    <Coords points="1673,1198 1673,1258 1717,1258 1717,1198"/>
                    <TextEquiv>
                        <Unicode>von</Unicode>
                    </TextEquiv>
                </Word>
                <Word id="tr_1_tl_28_w7" custom="readingOrder {index:6;}">
                    <Coords points="1748,1198 1748,1258 1787,1258 1787,1198"/>
                    <TextEquiv>
                        <Unicode>dir</Unicode>
                    </TextEquiv>
                </Word>
                <Word id="tr_1_tl_28_w8" custom="readingOrder {index:7;}">
                    <Coords points="1812,1199 1812,1259 1969,1259 1969,1199"/>
                    <TextEquiv>
                        <Unicode>gegangen,</Unicode>
                    </TextEquiv>
                </Word>
                <TextEquiv>
                    <Unicode>Doch, daß ich so einsam von dir gegangen,</Unicode>
                </TextEquiv>
            </TextLine>
            <TextLine id="tr_1_tl_29" custom="readingOrder {index:28;}">
                <Coords points="1257,1285 1780,1285 1780,1248 1744,1242 1682,1260 1536,1239 1512,1254 1359,1243 1335,1260 1257,1246"/>
                <Baseline points="1265,1277 1292,1277 1319,1277 1346,1277 1374,1277 1401,1277 1428,1275 1456,1275 1483,1277 1510,1277 1538,1277 1565,1277 1592,1277 1620,1277 1647,1277 1674,1277 1702,1277 1729,1277 1756,1277 1784,1280"/>
                <Word id="tr_1_tl_29_w1" custom="readingOrder {index:0;}">
                    <Coords points="1256,1237 1256,1297 1311,1297 1311,1237"/>
                    <TextEquiv>
                        <Unicode>Wie</Unicode>
                    </TextEquiv>
                </Word>
                <Word id="tr_1_tl_29_w2" custom="readingOrder {index:1;}">
                    <Coords points="1342,1237 1342,1297 1427,1297 1427,1237"/>
                    <TextEquiv>
                        <Unicode>käm's</Unicode>
                    </TextEquiv>
                </Word>
                <Word id="tr_1_tl_29_w3" custom="readingOrder {index:2;}">
                    <Coords points="1457,1236 1457,1296 1497,1296 1497,1236"/>
                    <TextEquiv>
                        <Unicode>dir</Unicode>
                    </TextEquiv>
                </Word>
                <Word id="tr_1_tl_29_w4" custom="readingOrder {index:3;}">
                    <Coords points="1528,1237 1528,1297 1597,1297 1597,1237"/>
                    <TextEquiv>
                        <Unicode>denn</Unicode>
                    </TextEquiv>
                </Word>
                <Word id="tr_1_tl_29_w5" custom="readingOrder {index:4;}">
                    <Coords points="1633,1237 1633,1297 1658,1297 1658,1237"/>
                    <TextEquiv>
                        <Unicode>zu</Unicode>
                    </TextEquiv>
                </Word>
                <Word id="tr_1_tl_29_w6" custom="readingOrder {index:5;}">
                    <Coords points="1693,1237 1693,1297 1783,1297 1783,1237"/>
                    <TextEquiv>
                        <Unicode>Sinn,</Unicode>
                    </TextEquiv>
                </Word>
                <TextEquiv>
                    <Unicode>Wie käm's dir denn zu Sinn,</Unicode>
                </TextEquiv>
            </TextLine>
            <TextLine id="tr_1_tl_30" custom="readingOrder {index:29;}">
                <Coords points="1251,1326 2007,1332 2007,1290 1922,1261 1714,1295 1251,1281"/>
                <Baseline points="1259,1316 1296,1316 1334,1316 1371,1316 1409,1315 1447,1313 1484,1313 1522,1313 1559,1313 1597,1313 1635,1313 1672,1314 1710,1316 1747,1316 1785,1316 1823,1316 1860,1316 1898,1316 1935,1316 1973,1316 2011,1316"/>
                <Word id="tr_1_tl_30_w1" custom="readingOrder {index:0;}">
                    <Coords points="1255,1276 1255,1336 1314,1336 1314,1276"/>
                    <TextEquiv>
                        <Unicode>Und</Unicode>
                    </TextEquiv>
                </Word>
                <Word id="tr_1_tl_30_w2" custom="readingOrder {index:1;}">
                    <Coords points="1349,1276 1349,1336 1392,1336 1392,1276"/>
                    <TextEquiv>
                        <Unicode>daß</Unicode>
                    </TextEquiv>
                </Word>
                <Word id="tr_1_tl_30_w3" custom="readingOrder {index:2;}">
                    <Coords points="1427,1273 1427,1333 1481,1333 1481,1273"/>
                    <TextEquiv>
                        <Unicode>ich,</Unicode>
                    </TextEquiv>
                </Word>
                <Word id="tr_1_tl_30_w4" custom="readingOrder {index:3;}">
                    <Coords points="1506,1273 1506,1333 1559,1333 1559,1273"/>
                    <TextEquiv>
                        <Unicode>von</Unicode>
                    </TextEquiv>
                </Word>
                <Word id="tr_1_tl_30_w5" custom="readingOrder {index:4;}">
                    <Coords points="1594,1273 1594,1333 1692,1333 1692,1273"/>
                    <TextEquiv>
                        <Unicode>deinem</Unicode>
                    </TextEquiv>
                </Word>
                <Word id="tr_1_tl_30_w6" custom="readingOrder {index:5;}">
                    <Coords points="1732,1276 1732,1336 1790,1336 1790,1276"/>
                    <TextEquiv>
                        <Unicode>Arm</Unicode>
                    </TextEquiv>
                </Word>
                <Word id="tr_1_tl_30_w7" custom="readingOrder {index:6;}">
                    <Coords points="1830,1276 1830,1336 2001,1336 2001,1276"/>
                    <TextEquiv>
                        <Unicode>umfangen,</Unicode>
                    </TextEquiv>
                </Word>
                <TextEquiv>
                    <Unicode>Und daß ich, von deinem Arm umfangen,</Unicode>
                </TextEquiv>
            </TextLine>
            <TextLine id="tr_1_tl_31" custom="readingOrder {index:30;}">
                <Coords points="1260,1368 1433,1362 1476,1385 1530,1359 1578,1377 1605,1356 1688,1367 1688,1320 1260,1325"/>
                <Baseline points="1268,1355 1294,1355 1321,1355 1347,1354 1374,1352 1400,1353 1427,1355 1453,1353 1480,1352 1506,1352 1533,1352 1559,1352 1586,1352 1612,1352 1639,1352 1665,1352 1692,1352"/>
                <Word id="tr_1_tl_31_w1" custom="readingOrder {index:0;}">
                    <Coords points="1259,1315 1259,1375 1293,1375 1293,1315"/>
                    <TextEquiv>
                        <Unicode>So</Unicode>
                    </TextEquiv>
                </Word>
                <Word id="tr_1_tl_31_w2" custom="readingOrder {index:1;}">
                    <Coords points="1323,1312 1323,1372 1426,1372 1426,1312"/>
                    <TextEquiv>
                        <Unicode>endlos</Unicode>
                    </TextEquiv>
                </Word>
                <Word id="tr_1_tl_31_w3" custom="readingOrder {index:2;}">
                    <Coords points="1456,1312 1456,1372 1514,1372 1514,1312"/>
                    <TextEquiv>
                        <Unicode>fern</Unicode>
                    </TextEquiv>
                </Word>
                <Word id="tr_1_tl_31_w4" custom="readingOrder {index:3;}">
                    <Coords points="1550,1312 1550,1372 1593,1372 1593,1312"/>
                    <TextEquiv>
                        <Unicode>dir</Unicode>
                    </TextEquiv>
                </Word>
                <Word id="tr_1_tl_31_w5" custom="readingOrder {index:4;}">
                    <Coords points="1618,1312 1618,1372 1691,1372 1691,1312"/>
                    <TextEquiv>
                        <Unicode>bin!</Unicode>
                    </TextEquiv>
                </Word>
                <TextEquiv>
                    <Unicode>So endlos fern dir bin!</Unicode>
                </TextEquiv>
            </TextLine>
            <TextLine id="tr_1_tl_32" custom="readingOrder {index:31;}">
                <Coords points="1260,1445 1494,1426 1581,1447 1643,1424 1735,1453 1862,1436 1945,1456 1945,1400 1896,1391 1492,1408 1260,1388"/>
                <Baseline points="1268,1432 1302,1430 1336,1429 1370,1429 1404,1429 1438,1429 1472,1429 1506,1429 1540,1429 1574,1429 1608,1429 1642,1429 1676,1429 1710,1431 1744,1432 1778,1431 1812,1429 1846,1429 1880,1429 1914,1429 1949,1429"/>
                <Word id="tr_1_tl_32_w1" custom="readingOrder {index:0;}">
                    <Coords points="1254,1391 1254,1451 1304,1451 1304,1391"/>
                    <TextEquiv>
                        <Unicode>Ich</Unicode>
                    </TextEquiv>
                </Word>
                <Word id="tr_1_tl_32_w2" custom="readingOrder {index:1;}">
                    <Coords points="1339,1389 1339,1449 1404,1449 1404,1389"/>
                    <TextEquiv>
                        <Unicode>will</Unicode>
                    </TextEquiv>
                </Word>
                <Word id="tr_1_tl_32_w3" custom="readingOrder {index:2;}">
                    <Coords points="1434,1389 1434,1449 1458,1449 1458,1389"/>
                    <TextEquiv>
                        <Unicode>ja</Unicode>
                    </TextEquiv>
                </Word>
                <Word id="tr_1_tl_32_w4" custom="readingOrder {index:3;}">
                    <Coords points="1499,1389 1499,1449 1619,1449 1619,1389"/>
                    <TextEquiv>
                        <Unicode>morgen</Unicode>
                    </TextEquiv>
                </Word>
                <Word id="tr_1_tl_32_w5" custom="readingOrder {index:4;}">
                    <Coords points="1659,1391 1659,1451 1764,1451 1764,1391"/>
                    <TextEquiv>
                        <Unicode>wieder</Unicode>
                    </TextEquiv>
                </Word>
                <Word id="tr_1_tl_32_w6" custom="readingOrder {index:5;}">
                    <Coords points="1799,1389 1799,1449 1923,1449 1923,1389"/>
                    <TextEquiv>
                        <Unicode>kommen</Unicode>
                    </TextEquiv>
                </Word>
                <TextEquiv>
                    <Unicode>Ich will ja morgen wieder kommen</Unicode>
                </TextEquiv>
            </TextLine>
            <TextLine id="tr_1_tl_33" custom="readingOrder {index:32;}">
                <Coords points="1257,1476 1664,1476 1664,1435 1643,1424 1534,1451 1433,1432 1257,1439"/>
                <Baseline points="1265,1465 1290,1467 1315,1468 1340,1468 1365,1468 1390,1468 1416,1468 1441,1468 1466,1468 1491,1468 1516,1468 1542,1468 1567,1468 1592,1467 1617,1465 1642,1466 1668,1468"/>
                <Word id="tr_1_tl_33_w1" custom="readingOrder {index:0;}">
                    <Coords points="1262,1426 1262,1486 1317,1486 1317,1426"/>
                    <TextEquiv>
                        <Unicode>Mit</Unicode>
                    </TextEquiv>
                </Word>
                <Word id="tr_1_tl_33_w2" custom="readingOrder {index:1;}">
                    <Coords points="1348,1428 1348,1488 1505,1488 1505,1428"/>
                    <TextEquiv>
                        <Unicode>lächelndem</Unicode>
                    </TextEquiv>
                </Word>
                <Word id="tr_1_tl_33_w3" custom="readingOrder {index:2;}">
                    <Coords points="1551,1426 1551,1486 1657,1486 1657,1426"/>
                    <TextEquiv>
                        <Unicode>Gesicht</Unicode>
                    </TextEquiv>
                </Word>
                <TextEquiv>
                    <Unicode>Mit lächelndem Gesicht</Unicode>
                </TextEquiv>
            </TextLine>
            <TextLine id="tr_1_tl_34" custom="readingOrder {index:33;}">
                <Coords points="1257,1510 2058,1521 2046,1447 1257,1477"/>
                <Baseline points="1265,1507 1304,1507 1344,1507 1384,1507 1424,1507 1464,1507 1504,1507 1543,1507 1583,1507 1623,1504 1663,1504 1703,1506 1743,1505 1783,1504 1822,1504 1862,1505 1902,1507 1942,1507 1982,1507 2022,1507 2062,1510"/>
                <Word id="tr_1_tl_34_w1" custom="readingOrder {index:0;}">
                    <Coords points="1262,1467 1262,1527 1317,1527 1317,1467"/>
                    <TextEquiv>
                        <Unicode>Und</Unicode>
                    </TextEquiv>
                </Word>
                <Word id="tr_1_tl_34_w2" custom="readingOrder {index:1;}">
                    <Coords points="1343,1467 1343,1527 1388,1527 1388,1467"/>
                    <TextEquiv>
                        <Unicode>daß</Unicode>
                    </TextEquiv>
                </Word>
                <Word id="tr_1_tl_34_w3" custom="readingOrder {index:2;}">
                    <Coords points="1413,1467 1413,1527 1448,1527 1448,1467"/>
                    <TextEquiv>
                        <Unicode>ich</Unicode>
                    </TextEquiv>
                </Word>
                <Word id="tr_1_tl_34_w4" custom="readingOrder {index:3;}">
                    <Coords points="1474,1467 1474,1527 1570,1527 1570,1467"/>
                    <TextEquiv>
                        <Unicode>längst</Unicode>
                    </TextEquiv>
                </Word>
                <Word id="tr_1_tl_34_w5" custom="readingOrder {index:4;}">
                    <Coords points="1586,1464 1586,1524 1712,1524 1712,1464"/>
                    <TextEquiv>
                        <Unicode>Abschied</Unicode>
                    </TextEquiv>
                </Word>
                <Word id="tr_1_tl_34_w6" custom="readingOrder {index:5;}">
                    <Coords points="1738,1464 1738,1524 1783,1524 1783,1464"/>
                    <TextEquiv>
                        <Unicode>von</Unicode>
                    </TextEquiv>
                </Word>
                <Word id="tr_1_tl_34_w7" custom="readingOrder {index:6;}">
                    <Coords points="1814,1464 1814,1524 1854,1524 1854,1464"/>
                    <TextEquiv>
                        <Unicode>dir</Unicode>
                    </TextEquiv>
                </Word>
                <Word id="tr_1_tl_34_w8" custom="readingOrder {index:7;}">
                    <Coords points="1875,1467 1875,1527 2056,1527 2056,1467"/>
                    <TextEquiv>
                        <Unicode>genommen,</Unicode>
                    </TextEquiv>
                </Word>
                <TextEquiv>
                    <Unicode>Und daß ich längst Abschied von dir genommen,</Unicode>
                </TextEquiv>
            </TextLine>
            <TextLine id="tr_1_tl_35" custom="readingOrder {index:34;}">
                <Coords points="1260,1557 1960,1556 1960,1527 1863,1504 1260,1513"/>
                <Baseline points="1268,1546 1302,1546 1337,1548 1372,1548 1407,1546 1442,1543 1476,1543 1511,1543 1546,1543 1581,1543 1616,1543 1650,1545 1685,1546 1720,1546 1755,1546 1790,1544 1824,1543 1859,1544 1894,1546 1929,1546 1964,1549"/>
                <Word id="tr_1_tl_35_w1" custom="readingOrder {index:0;}">
                    <Coords points="1260,1506 1260,1566 1330,1566 1330,1506"/>
                    <TextEquiv>
                        <Unicode>Mein</Unicode>
                    </TextEquiv>
                </Word>
                <Word id="tr_1_tl_35_w2" custom="readingOrder {index:1;}">
                    <Coords points="1367,1505 1367,1565 1468,1565 1468,1505"/>
                    <TextEquiv>
                        <Unicode>Mädel</Unicode>
                    </TextEquiv>
                </Word>
                <Word id="tr_1_tl_35_w3" custom="readingOrder {index:2;}">
                    <Coords points="1494,1503 1494,1563 1509,1563 1509,1503"/>
                    <TextEquiv>
                        <Unicode>—</Unicode>
                    </TextEquiv>
                </Word>
                <Word id="tr_1_tl_35_w4" custom="readingOrder {index:3;}">
                    <Coords points="1560,1503 1560,1563 1590,1563 1590,1503"/>
                    <TextEquiv>
                        <Unicode>du</Unicode>
                    </TextEquiv>
                </Word>
                <Word id="tr_1_tl_35_w5" custom="readingOrder {index:4;}">
                    <Coords points="1627,1505 1627,1565 1739,1565 1739,1505"/>
                    <TextEquiv>
                        <Unicode>weißt's</Unicode>
                    </TextEquiv>
                </Word>
                <Word id="tr_1_tl_35_w6" custom="readingOrder {index:5;}">
                    <Coords points="1765,1504 1765,1564 1790,1564 1790,1504"/>
                    <TextEquiv>
                        <Unicode>ja</Unicode>
                    </TextEquiv>
                </Word>
                <Word id="tr_1_tl_35_w7" custom="readingOrder {index:6;}">
                    <Coords points="1821,1505 1821,1565 1953,1565 1953,1505"/>
                    <TextEquiv>
                        <Unicode>nicht...</Unicode>
                    </TextEquiv>
                </Word>
                <TextEquiv>
                    <Unicode>Mein Mädel — du weißt's ja nicht...</Unicode>
                </TextEquiv>
            </TextLine>
            <TextLine id="tr_1_tl_36" custom="readingOrder {index:35;}">
                <Coords points="1135,1658 2228,1661 2201,1593 2158,1622 1927,1586 1135,1598"/>
                <Baseline points="1143,1653 1197,1653 1251,1653 1306,1654 1360,1656 1415,1654 1469,1653 1524,1653 1578,1653 1633,1653 1687,1653 1741,1653 1796,1653 1850,1653 1905,1653 1959,1653 2014,1653 2068,1653 2123,1653 2177,1653 2232,1650"/>
                <Word id="tr_1_tl_36_w1" custom="readingOrder {index:0;}">
                    <Coords points="1136,1613 1136,1673 1242,1673 1242,1613"/>
                    <TextEquiv>
                        <Unicode>Bevor</Unicode>
                    </TextEquiv>
                </Word>
                <Word id="tr_1_tl_36_w2" custom="readingOrder {index:1;}">
                    <Coords points="1273,1614 1273,1674 1343,1674 1343,1614"/>
                    <TextEquiv>
                        <Unicode>noch</Unicode>
                    </TextEquiv>
                </Word>
                <Word id="tr_1_tl_36_w3" custom="readingOrder {index:2;}">
                    <Coords points="1391,1613 1391,1673 1497,1673 1497,1613"/>
                    <TextEquiv>
                        <Unicode>meine</Unicode>
                    </TextEquiv>
                </Word>
                <Word id="tr_1_tl_36_w4" custom="readingOrder {index:3;}">
                    <Coords points="1527,1613 1527,1673 1716,1673 1716,1613"/>
                    <TextEquiv>
                        <Unicode>Anthologie</Unicode>
                    </TextEquiv>
                </Word>
                <Word id="tr_1_tl_36_w5" custom="readingOrder {index:4;}">
                    <Coords points="1770,1613 1770,1673 1822,1673 1822,1613"/>
                    <TextEquiv>
                        <Unicode>mit</Unicode>
                    </TextEquiv>
                </Word>
                <Word id="tr_1_tl_36_w6" custom="readingOrder {index:5;}">
                    <Coords points="1847,1613 1847,1673 1941,1673 1941,1613"/>
                    <TextEquiv>
                        <Unicode>diesen</Unicode>
                    </TextEquiv>
                </Word>
                <Word id="tr_1_tl_36_w7" custom="readingOrder {index:6;}">
                    <Coords points="1977,1613 1977,1673 2136,1673 2136,1613"/>
                    <TextEquiv>
                        <Unicode>Gedichten</Unicode>
                    </TextEquiv>
                </Word>
                <Word id="tr_1_tl_36_w8" custom="readingOrder {index:7;}">
                    <Coords points="2172,1611 2172,1671 2219,1671 2219,1611"/>
                    <TextEquiv>
                        <Unicode>er¬</Unicode>
                    </TextEquiv>
                </Word>
                <TextEquiv>
                    <Unicode>Bevor noch meine Anthologie mit diesen Gedichten er¬</Unicode>
                </TextEquiv>
            </TextLine>
            <TextLine id="tr_1_tl_37" custom="readingOrder {index:36;}">
                <Coords points="1044,1720 2227,1714 2215,1657 1044,1651"/>
                <Baseline points="1053,1707 1111,1704 1170,1704 1229,1702 1288,1704 1347,1703 1405,1703 1464,1701 1523,1701 1582,1701 1641,1701 1699,1701 1758,1701 1817,1701 1876,1701 1935,1703 1993,1701 2052,1701 2111,1703 2170,1701 2229,1698"/>
                <Word id="tr_1_tl_37_w1" custom="readingOrder {index:0;}">
                    <Coords points="1045,1664 1045,1724 1146,1724 1146,1664"/>
                    <TextEquiv>
                        <Unicode>schien,</Unicode>
                    </TextEquiv>
                </Word>
                <Word id="tr_1_tl_37_w2" custom="readingOrder {index:1;}">
                    <Coords points="1170,1663 1170,1723 1227,1723 1227,1663"/>
                    <TextEquiv>
                        <Unicode>gab</Unicode>
                    </TextEquiv>
                </Word>
                <Word id="tr_1_tl_37_w3" custom="readingOrder {index:2;}">
                    <Coords points="1261,1663 1261,1723 1426,1723 1426,1663"/>
                    <TextEquiv>
                        <Unicode>Schnitzler</Unicode>
                    </TextEquiv>
                </Word>
                <Word id="tr_1_tl_37_w4" custom="readingOrder {index:3;}">
                    <Coords points="1461,1661 1461,1721 1557,1721 1557,1661"/>
                    <TextEquiv>
                        <Unicode>seinen</Unicode>
                    </TextEquiv>
                </Word>
                <Word id="tr_1_tl_37_w5" custom="readingOrder {index:4;}">
                    <Coords points="1598,1661 1598,1721 1699,1721 1699,1661"/>
                    <TextEquiv>
                        <Unicode>später</Unicode>
                    </TextEquiv>
                </Word>
                <Word id="tr_1_tl_37_w6" custom="readingOrder {index:5;}">
                    <Coords points="1729,1661 1729,1721 1751,1721 1751,1661"/>
                    <TextEquiv>
                        <Unicode>so</Unicode>
                    </TextEquiv>
                </Word>
                <Word id="tr_1_tl_37_w7" custom="readingOrder {index:6;}">
                    <Coords points="1786,1661 1786,1721 1848,1721 1848,1661"/>
                    <TextEquiv>
                        <Unicode>viel</Unicode>
                    </TextEquiv>
                </Word>
                <Word id="tr_1_tl_37_w8" custom="readingOrder {index:7;}">
                    <Coords points="1877,1661 1877,1721 1933,1721 1933,1661"/>
                    <TextEquiv>
                        <Unicode>und</Unicode>
                    </TextEquiv>
                </Word>
                <Word id="tr_1_tl_37_w9" custom="readingOrder {index:8;}">
                    <Coords points="1974,1662 1974,1722 2218,1722 2218,1662"/>
                    <TextEquiv>
                        <Unicode>leidenschaftlich</Unicode>
                    </TextEquiv>
                </Word>
                <TextEquiv>
                    <Unicode>schien, gab Schnitzler seinen später so viel und leidenschaftlich</Unicode>
                </TextEquiv>
            </TextLine>
            <TextLine id="tr_1_tl_38" custom="readingOrder {index:37;}">
                <Coords points="1035,1759 2228,1755 2228,1712 2173,1708 1035,1726"/>
                <Baseline points="1044,1752 1103,1752 1162,1752 1222,1753 1281,1755 1341,1752 1400,1752 1459,1752 1519,1752 1578,1749 1638,1749 1697,1749 1756,1749 1816,1749 1875,1749 1935,1749 1994,1749 2053,1749 2113,1752 2172,1750 2232,1749"/>
                <Word id="tr_1_tl_38_w1" custom="readingOrder {index:0;}">
                    <Coords points="1041,1712 1041,1772 1273,1772 1273,1712"/>
                    <TextEquiv>
                        <Unicode>angefeindeten</Unicode>
                    </TextEquiv>
                </Word>
                <Word id="tr_1_tl_38_w2" custom="readingOrder {index:1;}">
                    <Coords points="1306,1712 1306,1772 1461,1772 1461,1712"/>
                    <TextEquiv>
                        <Unicode>„Reigen“</Unicode>
                    </TextEquiv>
                </Word>
                <Word id="tr_1_tl_38_w3" custom="readingOrder {index:2;}">
                    <Coords points="1495,1709 1495,1769 1627,1769 1627,1709"/>
                    <TextEquiv>
                        <Unicode>heraus.</Unicode>
                    </TextEquiv>
                </Word>
                <Word id="tr_1_tl_38_w4" custom="readingOrder {index:3;}">
                    <Coords points="1650,1709 1650,1769 1732,1769 1732,1709"/>
                    <TextEquiv>
                        <Unicode>Aber</Unicode>
                    </TextEquiv>
                </Word>
                <Word id="tr_1_tl_38_w5" custom="readingOrder {index:4;}">
                    <Coords points="1761,1709 1761,1769 1815,1769 1815,1709"/>
                    <TextEquiv>
                        <Unicode>nur</Unicode>
                    </TextEquiv>
                </Word>
                <Word id="tr_1_tl_38_w6" custom="readingOrder {index:5;}">
                    <Coords points="1844,1709 1844,1769 1893,1769 1893,1709"/>
                    <TextEquiv>
                        <Unicode>als</Unicode>
                    </TextEquiv>
                </Word>
                <Word id="tr_1_tl_38_w7" custom="readingOrder {index:6;}">
                    <Coords points="1922,1709 1922,1769 2142,1769 2142,1709"/>
                    <TextEquiv>
                        <Unicode>Privatdruck,</Unicode>
                    </TextEquiv>
                </Word>
                <Word id="tr_1_tl_38_w8" custom="readingOrder {index:7;}">
                    <Coords points="2159,1709 2159,1769 2214,1769 2214,1709"/>
                    <TextEquiv>
                        <Unicode>von</Unicode>
                    </TextEquiv>
                </Word>
                <TextEquiv>
                    <Unicode>angefeindeten „Reigen“ heraus. Aber nur als Privatdruck, von</Unicode>
                </TextEquiv>
            </TextLine>
            <TextLine id="tr_1_tl_39" custom="readingOrder {index:38;}">
                <Coords points="1029,1821 2227,1806 2227,1761 2150,1753 1029,1759"/>
                <Baseline points="1038,1799 1097,1801 1157,1799 1216,1799 1276,1799 1335,1799 1395,1799 1454,1799 1514,1799 1573,1802 1633,1800 1693,1799 1752,1796 1812,1796 1871,1799 1931,1797 1990,1797 2050,1796 2109,1796 2169,1796 2229,1793"/>
                <Word id="tr_1_tl_39_w1" custom="readingOrder {index:0;}">
                    <Coords points="1035,1760 1035,1820 1119,1820 1119,1760"/>
                    <TextEquiv>
                        <Unicode>dem,</Unicode>
                    </TextEquiv>
                </Word>
                <Word id="tr_1_tl_39_w2" custom="readingOrder {index:1;}">
                    <Coords points="1137,1759 1137,1819 1216,1819 1216,1759"/>
                    <TextEquiv>
                        <Unicode>wenn</Unicode>
                    </TextEquiv>
                </Word>
                <Word id="tr_1_tl_39_w3" custom="readingOrder {index:2;}">
                    <Coords points="1245,1759 1245,1819 1284,1819 1284,1759"/>
                    <TextEquiv>
                        <Unicode>ich</Unicode>
                    </TextEquiv>
                </Word>
                <Word id="tr_1_tl_39_w4" custom="readingOrder {index:3;}">
                    <Coords points="1307,1759 1307,1819 1386,1819 1386,1759"/>
                    <TextEquiv>
                        <Unicode>nicht</Unicode>
                    </TextEquiv>
                </Word>
                <Word id="tr_1_tl_39_w5" custom="readingOrder {index:4;}">
                    <Coords points="1404,1759 1404,1819 1482,1819 1482,1759"/>
                    <TextEquiv>
                        <Unicode>irre,</Unicode>
                    </TextEquiv>
                </Word>
                <Word id="tr_1_tl_39_w6" custom="readingOrder {index:5;}">
                    <Coords points="1499,1759 1499,1819 1562,1819 1562,1759"/>
                    <TextEquiv>
                        <Unicode>bloß</Unicode>
                    </TextEquiv>
                </Word>
                <Word id="tr_1_tl_39_w7" custom="readingOrder {index:6;}">
                    <Coords points="1590,1758 1590,1818 1799,1818 1799,1758"/>
                    <TextEquiv>
                        <Unicode>zweihundert</Unicode>
                    </TextEquiv>
                </Word>
                <Word id="tr_1_tl_39_w8" custom="readingOrder {index:7;}">
                    <Coords points="1817,1757 1817,1817 2003,1817 2003,1757"/>
                    <TextEquiv>
                        <Unicode>Exemplare</Unicode>
                    </TextEquiv>
                </Word>
                <Word id="tr_1_tl_39_w9" custom="readingOrder {index:8;}">
                    <Coords points="2021,1756 2021,1816 2213,1816 2213,1756"/>
                    <TextEquiv>
                        <Unicode>ausgegeben</Unicode>
                    </TextEquiv>
                </Word>
                <TextEquiv>
                    <Unicode>dem, wenn ich nicht irre, bloß zweihundert Exemplare ausgegeben</Unicode>
                </TextEquiv>
            </TextLine>
            <TextLine id="tr_1_tl_40" custom="readingOrder {index:39;}">
                <Coords points="1035,1854 2228,1862 2203,1807 1035,1815"/>
                <Baseline points="1044,1850 1103,1850 1162,1850 1222,1849 1281,1849 1341,1847 1400,1847 1459,1847 1519,1847 1578,1847 1638,1845 1697,1844 1756,1846 1816,1844 1875,1844 1935,1844 1994,1844 2053,1847 2113,1847 2172,1845 2232,1847"/>
                <Word id="tr_1_tl_40_w1" custom="readingOrder {index:0;}">
                    <Coords points="1035,1810 1035,1870 1178,1870 1178,1810"/>
                    <TextEquiv>
                        <Unicode>wurden,</Unicode>
                    </TextEquiv>
                </Word>
                <Word id="tr_1_tl_40_w2" custom="readingOrder {index:1;}">
                    <Coords points="1221,1809 1221,1869 1300,1869 1300,1809"/>
                    <TextEquiv>
                        <Unicode>denn</Unicode>
                    </TextEquiv>
                </Word>
                <Word id="tr_1_tl_40_w3" custom="readingOrder {index:2;}">
                    <Coords points="1343,1807 1343,1867 1678,1867 1678,1807"/>
                    <TextEquiv>
                        <Unicode>bezeichnenderweise</Unicode>
                    </TextEquiv>
                </Word>
                <Word id="tr_1_tl_40_w4" custom="readingOrder {index:3;}">
                    <Coords points="1737,1804 1737,1864 1838,1864 1838,1804"/>
                    <TextEquiv>
                        <Unicode>wagte</Unicode>
                    </TextEquiv>
                </Word>
                <Word id="tr_1_tl_40_w5" custom="readingOrder {index:4;}">
                    <Coords points="1891,1804 1891,1864 1923,1864 1923,1804"/>
                    <TextEquiv>
                        <Unicode>es</Unicode>
                    </TextEquiv>
                </Word>
                <Word id="tr_1_tl_40_w6" custom="readingOrder {index:5;}">
                    <Coords points="1976,1804 1976,1864 2029,1864 2029,1804"/>
                    <TextEquiv>
                        <Unicode>der</Unicode>
                    </TextEquiv>
                </Word>
                <Word id="tr_1_tl_40_w7" custom="readingOrder {index:6;}">
                    <Coords points="2057,1806 2057,1866 2226,1866 2226,1806"/>
                    <TextEquiv>
                        <Unicode>Verleger,</Unicode>
                    </TextEquiv>
                </Word>
                <TextEquiv>
                    <Unicode>wurden, denn bezeichnenderweise wagte es der Verleger,</Unicode>
                </TextEquiv>
            </TextLine>
            <TextLine id="tr_1_tl_41" custom="readingOrder {index:40;}">
                <Coords points="1038,1903 2228,1896 2228,1862 2041,1845 1038,1859"/>
                <Baseline points="1047,1901 1106,1898 1165,1898 1224,1897 1284,1897 1343,1895 1402,1896 1461,1898 1521,1898 1580,1895 1639,1895 1698,1895 1758,1894 1817,1892 1876,1892 1935,1894 1995,1892 2054,1892 2113,1895 2172,1893 2232,1889"/>
                <Word id="tr_1_tl_41_w1" custom="readingOrder {index:0;}">
                    <Coords points="1039,1860 1039,1920 1073,1920 1073,1860"/>
                    <TextEquiv>
                        <Unicode>S.</Unicode>
                    </TextEquiv>
                </Word>
                <Word id="tr_1_tl_41_w2" custom="readingOrder {index:1;}">
                    <Coords points="1091,1858 1091,1918 1207,1918 1207,1858"/>
                    <TextEquiv>
                        <Unicode>Fischer</Unicode>
                    </TextEquiv>
                </Word>
                <Word id="tr_1_tl_41_w3" custom="readingOrder {index:2;}">
                    <Coords points="1230,1857 1230,1917 1253,1917 1253,1857"/>
                    <TextEquiv>
                        <Unicode>in</Unicode>
                    </TextEquiv>
                </Word>
                <Word id="tr_1_tl_41_w4" custom="readingOrder {index:3;}">
                    <Coords points="1283,1855 1283,1915 1416,1915 1416,1855"/>
                    <TextEquiv>
                        <Unicode>Berlin,</Unicode>
                    </TextEquiv>
                </Word>
                <Word id="tr_1_tl_41_w5" custom="readingOrder {index:4;}">
                    <Coords points="1434,1858 1434,1918 1527,1918 1527,1858"/>
                    <TextEquiv>
                        <Unicode>nicht,</Unicode>
                    </TextEquiv>
                </Word>
                <Word id="tr_1_tl_41_w6" custom="readingOrder {index:5;}">
                    <Coords points="1545,1855 1545,1915 1597,1915 1597,1855"/>
                    <TextEquiv>
                        <Unicode>das</Unicode>
                    </TextEquiv>
                </Word>
                <Word id="tr_1_tl_41_w7" custom="readingOrder {index:6;}">
                    <Coords points="1626,1855 1626,1915 1707,1915 1707,1855"/>
                    <TextEquiv>
                        <Unicode>Buch</Unicode>
                    </TextEquiv>
                </Word>
                <Word id="tr_1_tl_41_w8" custom="readingOrder {index:7;}">
                    <Coords points="1731,1854 1731,1914 1783,1914 1783,1854"/>
                    <TextEquiv>
                        <Unicode>der</Unicode>
                    </TextEquiv>
                </Word>
                <Word id="tr_1_tl_41_w9" custom="readingOrder {index:8;}">
                    <Coords points="1807,1853 1807,1913 2050,1913 2050,1853"/>
                    <TextEquiv>
                        <Unicode>Oeffentlichkeit</Unicode>
                    </TextEquiv>
                </Word>
                <Word id="tr_1_tl_41_w10" custom="readingOrder {index:9;}">
                    <Coords points="2069,1853 2069,1913 2097,1913 2097,1853"/>
                    <TextEquiv>
                        <Unicode>zu</Unicode>
                    </TextEquiv>
                </Word>
                <Word id="tr_1_tl_41_w11" custom="readingOrder {index:10;}">
                    <Coords points="2127,1852 2127,1912 2219,1912 2219,1852"/>
                    <TextEquiv>
                        <Unicode>über¬</Unicode>
                    </TextEquiv>
                </Word>
                <TextEquiv>
                    <Unicode>S. Fischer in Berlin, nicht, das Buch der Oeffentlichkeit zu über¬</Unicode>
                </TextEquiv>
            </TextLine>
            <TextLine id="tr_1_tl_42" custom="readingOrder {index:41;}">
                <Coords points="1061,1958 2225,1939 2118,1895 1061,1907"/>
                <Baseline points="1069,1941 1127,1942 1185,1946 1243,1943 1301,1945 1359,1943 1417,1943 1475,1943 1533,1945 1591,1943 1649,1940 1707,1943 1765,1943 1823,1940 1881,1943 1939,1943 1997,1943 2055,1943 2113,1942 2171,1938 2229,1937"/>
                <Word id="tr_1_tl_42_w1" custom="readingOrder {index:0;}">
                    <Coords points="1056,1901 1056,1961 1153,1961 1153,1901"/>
                    <TextEquiv>
                        <Unicode>seben;</Unicode>
                    </TextEquiv>
                </Word>
                <Word id="tr_1_tl_42_w2" custom="readingOrder {index:1;}">
                    <Coords points="1175,1905 1175,1965 1207,1965 1207,1905"/>
                    <TextEquiv>
                        <Unicode>so</Unicode>
                    </TextEquiv>
                </Word>
                <Word id="tr_1_tl_42_w3" custom="readingOrder {index:2;}">
                    <Coords points="1241,1904 1241,1964 1332,1964 1332,1904"/>
                    <TextEquiv>
                        <Unicode>keusch</Unicode>
                    </TextEquiv>
                </Word>
                <Word id="tr_1_tl_42_w4" custom="readingOrder {index:3;}">
                    <Coords points="1365,1903 1365,1963 1435,1963 1435,1903"/>
                    <TextEquiv>
                        <Unicode>war</Unicode>
                    </TextEquiv>
                </Word>
                <Word id="tr_1_tl_42_w5" custom="readingOrder {index:4;}">
                    <Coords points="1468,1903 1468,1963 1538,1963 1538,1903"/>
                    <TextEquiv>
                        <Unicode>man</Unicode>
                    </TextEquiv>
                </Word>
                <Word id="tr_1_tl_42_w6" custom="readingOrder {index:5;}">
                    <Coords points="1572,1900 1572,1960 1701,1960 1701,1900"/>
                    <TextEquiv>
                        <Unicode>damals</Unicode>
                    </TextEquiv>
                </Word>
                <Word id="tr_1_tl_42_w7" custom="readingOrder {index:6;}">
                    <Coords points="1740,1901 1740,1961 1848,1961 1848,1901"/>
                    <TextEquiv>
                        <Unicode>(1900)</Unicode>
                    </TextEquiv>
                </Word>
                <Word id="tr_1_tl_42_w8" custom="readingOrder {index:7;}">
                    <Coords points="1881,1903 1881,1963 1902,1963 1902,1903"/>
                    <TextEquiv>
                        <Unicode>in</Unicode>
                    </TextEquiv>
                </Word>
                <Word id="tr_1_tl_42_w9" custom="readingOrder {index:8;}">
                    <Coords points="1941,1903 1941,1963 2147,1963 2147,1903"/>
                    <TextEquiv>
                        <Unicode>Deutschland</Unicode>
                    </TextEquiv>
                </Word>
                <Word id="tr_1_tl_42_w10" custom="readingOrder {index:9;}">
                    <Coords points="2180,1897 2180,1957 2190,1957 2190,1897"/>
                    <TextEquiv>
                        <Unicode>—</Unicode>
                    </TextEquiv>
                </Word>
                <TextEquiv>
                    <Unicode>seben; so keusch war man damals (1900) in Deutschland —</Unicode>
                </TextEquiv>
            </TextLine>
            <TextLine id="tr_1_tl_43" custom="readingOrder {index:42;}">
                <Coords points="1032,2001 2230,1995 2204,1937 1032,1967"/>
                <Baseline points="1041,1990 1100,1992 1160,1993 1219,1992 1279,1990 1338,1990 1398,1991 1457,1991 1517,1990 1576,1990 1636,1990 1696,1990 1755,1990 1815,1988 1874,1987 1934,1990 1993,1990 2053,1990 2112,1990 2172,1990 2232,1987"/>
                <Word id="tr_1_tl_43_w1" custom="readingOrder {index:0;}">
                    <Coords points="1038,1951 1038,2011 1126,2011 1126,1951"/>
                    <TextEquiv>
                        <Unicode>coram</Unicode>
                    </TextEquiv>
                </Word>
                <Word id="tr_1_tl_43_w2" custom="readingOrder {index:1;}">
                    <Coords points="1171,1951 1171,2011 1314,2011 1314,1951"/>
                    <TextEquiv>
                        <Unicode>publico!</Unicode>
                    </TextEquiv>
                </Word>
                <Word id="tr_1_tl_43_w3" custom="readingOrder {index:2;}">
                    <Coords points="1337,1950 1337,2010 1403,2010 1403,1950"/>
                    <TextEquiv>
                        <Unicode>Das</Unicode>
                    </TextEquiv>
                </Word>
                <Word id="tr_1_tl_43_w4" custom="readingOrder {index:3;}">
                    <Coords points="1436,1950 1436,2010 1585,2010 1585,1950"/>
                    <TextEquiv>
                        <Unicode>zelotische</Unicode>
                    </TextEquiv>
                </Word>
                <Word id="tr_1_tl_43_w5" custom="readingOrder {index:4;}">
                    <Coords points="1613,1949 1613,2009 1912,2009 1912,1949"/>
                    <TextEquiv>
                        <Unicode>Damoklesschwert</Unicode>
                    </TextEquiv>
                </Word>
                <Word id="tr_1_tl_43_w6" custom="readingOrder {index:5;}">
                    <Coords points="1941,1950 1941,2010 1990,2010 1990,1950"/>
                    <TextEquiv>
                        <Unicode>der</Unicode>
                    </TextEquiv>
                </Word>
                <Word id="tr_1_tl_43_w7" custom="readingOrder {index:6;}">
                    <Coords points="2018,1950 2018,2010 2072,2010 2072,1950"/>
                    <TextEquiv>
                        <Unicode>Lex</Unicode>
                    </TextEquiv>
                </Word>
                <Word id="tr_1_tl_43_w8" custom="readingOrder {index:7;}">
                    <Coords points="2101,1950 2101,2010 2216,2010 2216,1950"/>
                    <TextEquiv>
                        <Unicode>Heinze</Unicode>
                    </TextEquiv>
                </Word>
                <TextEquiv>
                    <Unicode>coram publico! Das zelotische Damoklesschwert der Lex Heinze</Unicode>
                </TextEquiv>
            </TextLine>
            <TextLine id="tr_1_tl_44" custom="readingOrder {index:43;}">
                <Coords points="1035,2049 2233,2052 2219,1996 1035,2001"/>
                <Baseline points="1044,2041 1103,2041 1163,2041 1222,2041 1282,2039 1341,2038 1401,2041 1460,2041 1520,2041 1579,2040 1639,2038 1699,2038 1758,2038 1818,2038 1877,2035 1937,2038 1996,2036 2056,2035 2115,2038 2175,2036 2235,2038"/>
                <Word id="tr_1_tl_44_w1" custom="readingOrder {index:0;}">
                    <Coords points="1041,2001 1041,2061 1110,2061 1110,2001"/>
                    <TextEquiv>
                        <Unicode>hing</Unicode>
                    </TextEquiv>
                </Word>
                <Word id="tr_1_tl_44_w2" custom="readingOrder {index:1;}">
                    <Coords points="1138,2001 1138,2061 1261,2061 1261,2001"/>
                    <TextEquiv>
                        <Unicode>damals</Unicode>
                    </TextEquiv>
                </Word>
                <Word id="tr_1_tl_44_w3" custom="readingOrder {index:2;}">
                    <Coords points="1288,1998 1288,2058 1417,2058 1417,1998"/>
                    <TextEquiv>
                        <Unicode>nämlich</Unicode>
                    </TextEquiv>
                </Word>
                <Word id="tr_1_tl_44_w4" custom="readingOrder {index:3;}">
                    <Coords points="1450,2001 1450,2061 1584,2061 1584,2001"/>
                    <TextEquiv>
                        <Unicode>drohend</Unicode>
                    </TextEquiv>
                </Word>
                <Word id="tr_1_tl_44_w5" custom="readingOrder {index:4;}">
                    <Coords points="1617,1998 1617,2058 1686,2058 1686,1998"/>
                    <TextEquiv>
                        <Unicode>über</Unicode>
                    </TextEquiv>
                </Word>
                <Word id="tr_1_tl_44_w6" custom="readingOrder {index:5;}">
                    <Coords points="1714,1998 1714,2058 1762,2058 1762,1998"/>
                    <TextEquiv>
                        <Unicode>den</Unicode>
                    </TextEquiv>
                </Word>
                <Word id="tr_1_tl_44_w7" custom="readingOrder {index:6;}">
                    <Coords points="1795,1995 1795,2055 1950,2055 1950,1995"/>
                    <TextEquiv>
                        <Unicode>Häuptern</Unicode>
                    </TextEquiv>
                </Word>
                <Word id="tr_1_tl_44_w8" custom="readingOrder {index:7;}">
                    <Coords points="1983,1995 1983,2055 2058,2055 2058,1995"/>
                    <TextEquiv>
                        <Unicode>aller</Unicode>
                    </TextEquiv>
                </Word>
                <Word id="tr_1_tl_44_w9" custom="readingOrder {index:8;}">
                    <Coords points="2086,1996 2086,2056 2214,2056 2214,1996"/>
                    <TextEquiv>
                        <Unicode>Sünder</Unicode>
                    </TextEquiv>
                </Word>
                <TextEquiv>
                    <Unicode>hing damals nämlich drohend über den Häuptern aller Sünder</Unicode>
                </TextEquiv>
            </TextLine>
            <TextLine id="tr_1_tl_45" custom="readingOrder {index:44;}">
                <Coords points="1035,2091 2222,2091 2222,2053 2161,2044 1545,2078 1447,2041 1035,2049"/>
                <Baseline points="1044,2089 1103,2089 1162,2087 1221,2089 1280,2086 1339,2089 1398,2088 1457,2086 1516,2089 1575,2089 1635,2087 1694,2089 1753,2088 1812,2084 1871,2086 1930,2086 1989,2086 2048,2083 2107,2086 2166,2084 2226,2083"/>
                <Word id="tr_1_tl_45_w1" custom="readingOrder {index:0;}">
                    <Coords points="1041,2049 1041,2109 1137,2109 1137,2049"/>
                    <TextEquiv>
                        <Unicode>wider</Unicode>
                    </TextEquiv>
                </Word>
                <Word id="tr_1_tl_45_w2" custom="readingOrder {index:1;}">
                    <Coords points="1170,2048 1170,2108 1223,2108 1223,2048"/>
                    <TextEquiv>
                        <Unicode>das</Unicode>
                    </TextEquiv>
                </Word>
                <Word id="tr_1_tl_45_w3" custom="readingOrder {index:2;}">
                    <Coords points="1257,2047 1257,2107 1354,2107 1354,2047"/>
                    <TextEquiv>
                        <Unicode>sechste</Unicode>
                    </TextEquiv>
                </Word>
                <Word id="tr_1_tl_45_w4" custom="readingOrder {index:3;}">
                    <Coords points="1387,2046 1387,2106 1559,2106 1559,2046"/>
                    <TextEquiv>
                        <Unicode>Gebot...</Unicode>
                    </TextEquiv>
                </Word>
                <Word id="tr_1_tl_45_w5" custom="readingOrder {index:4;}">
                    <Coords points="1587,2047 1587,2107 1641,2107 1641,2047"/>
                    <TextEquiv>
                        <Unicode>Ich</Unicode>
                    </TextEquiv>
                </Word>
                <Word id="tr_1_tl_45_w6" custom="readingOrder {index:5;}">
                    <Coords points="1679,2048 1679,2108 1765,2108 1765,2048"/>
                    <TextEquiv>
                        <Unicode>bekam</Unicode>
                    </TextEquiv>
                </Word>
                <Word id="tr_1_tl_45_w7" custom="readingOrder {index:6;}">
                    <Coords points="1814,2044 1814,2104 1868,2104 1868,2044"/>
                    <TextEquiv>
                        <Unicode>das</Unicode>
                    </TextEquiv>
                </Word>
                <Word id="tr_1_tl_45_w8" custom="readingOrder {index:7;}">
                    <Coords points="1906,2046 1906,2106 1987,2106 1987,2046"/>
                    <TextEquiv>
                        <Unicode>Buch</Unicode>
                    </TextEquiv>
                </Word>
                <Word id="tr_1_tl_45_w9" custom="readingOrder {index:8;}">
                    <Coords points="2025,2043 2025,2103 2079,2103 2079,2043"/>
                    <TextEquiv>
                        <Unicode>von</Unicode>
                    </TextEquiv>
                </Word>
                <Word id="tr_1_tl_45_w10" custom="readingOrder {index:9;}">
                    <Coords points="2123,2044 2123,2104 2203,2104 2203,2044"/>
                    <TextEquiv>
                        <Unicode>einem</Unicode>
                    </TextEquiv>
                </Word>
                <TextEquiv>
                    <Unicode>wider das sechste Gebot... Ich bekam das Buch von einem</Unicode>
                </TextEquiv>
            </TextLine>
            <TextLine id="tr_1_tl_46" custom="readingOrder {index:45;}">
                <Coords points="1041,2153 2228,2145 2228,2102 2108,2085 1041,2099"/>
                <Baseline points="1050,2137 1109,2137 1168,2137 1227,2137 1286,2137 1345,2136 1404,2134 1463,2134 1522,2134 1581,2134 1641,2134 1700,2134 1759,2134 1818,2132 1877,2131 1936,2134 1995,2134 2054,2131 2113,2134 2172,2132 2232,2134"/>
                <Word id="tr_1_tl_46_w1" custom="readingOrder {index:0;}">
                    <Coords points="1041,2097 1041,2157 1236,2157 1236,2097"/>
                    <TextEquiv>
                        <Unicode>persönlichen</Unicode>
                    </TextEquiv>
                </Word>
                <Word id="tr_1_tl_46_w2" custom="readingOrder {index:1;}">
                    <Coords points="1275,2096 1275,2156 1415,2156 1415,2096"/>
                    <TextEquiv>
                        <Unicode>Freunde</Unicode>
                    </TextEquiv>
                </Word>
                <Word id="tr_1_tl_46_w3" custom="readingOrder {index:2;}">
                    <Coords points="1449,2094 1449,2154 1655,2154 1655,2094"/>
                    <TextEquiv>
                        <Unicode>Schnitzlers,</Unicode>
                    </TextEquiv>
                </Word>
                <Word id="tr_1_tl_46_w4" custom="readingOrder {index:3;}">
                    <Coords points="1677,2094 1677,2154 1725,2154 1725,2094"/>
                    <TextEquiv>
                        <Unicode>der</Unicode>
                    </TextEquiv>
                </Word>
                <Word id="tr_1_tl_46_w5" custom="readingOrder {index:4;}">
                    <Coords points="1759,2092 1759,2152 1823,2152 1823,2092"/>
                    <TextEquiv>
                        <Unicode>auch</Unicode>
                    </TextEquiv>
                </Word>
                <Word id="tr_1_tl_46_w6" custom="readingOrder {index:5;}">
                    <Coords points="1857,2091 1857,2151 1916,2151 1916,2091"/>
                    <TextEquiv>
                        <Unicode>mir</Unicode>
                    </TextEquiv>
                </Word>
                <Word id="tr_1_tl_46_w7" custom="readingOrder {index:6;}">
                    <Coords points="1943,2091 1943,2151 2128,2151 2128,2091"/>
                    <TextEquiv>
                        <Unicode>befreundet</Unicode>
                    </TextEquiv>
                </Word>
                <Word id="tr_1_tl_46_w8" custom="readingOrder {index:7;}">
                    <Coords points="2155,2092 2155,2152 2220,2152 2220,2092"/>
                    <TextEquiv>
                        <Unicode>war</Unicode>
                    </TextEquiv>
                </Word>
                <TextEquiv>
                    <Unicode>persönlichen Freunde Schnitzlers, der auch mir befreundet war</Unicode>
                </TextEquiv>
            </TextLine>
            <TextLine id="tr_1_tl_47" custom="readingOrder {index:46;}">
                <Coords points="1041,2189 2228,2189 2228,2145 2138,2136 1041,2153"/>
                <Baseline points="1050,2184 1109,2184 1168,2184 1227,2184 1286,2184 1345,2183 1404,2181 1463,2181 1522,2184 1581,2184 1641,2184 1700,2184 1759,2181 1818,2179 1877,2181 1936,2181 1995,2181 2054,2181 2113,2182 2172,2180 2232,2181"/>
                <Word id="tr_1_tl_47_w1" custom="readingOrder {index:0;}">
                    <Coords points="1036,2144 1036,2204 1090,2204 1090,2144"/>
                    <TextEquiv>
                        <Unicode>und</Unicode>
                    </TextEquiv>
                </Word>
                <Word id="tr_1_tl_47_w2" custom="readingOrder {index:1;}">
                    <Coords points="1123,2144 1123,2204 1209,2204 1209,2144"/>
                    <TextEquiv>
                        <Unicode>eines</Unicode>
                    </TextEquiv>
                </Word>
                <Word id="tr_1_tl_47_w3" custom="readingOrder {index:2;}">
                    <Coords points="1259,2144 1259,2204 1313,2204 1313,2144"/>
                    <TextEquiv>
                        <Unicode>der</Unicode>
                    </TextEquiv>
                </Word>
                <Word id="tr_1_tl_47_w4" custom="readingOrder {index:3;}">
                    <Coords points="1340,2141 1340,2201 1557,2201 1557,2141"/>
                    <TextEquiv>
                        <Unicode>zweihundert</Unicode>
                    </TextEquiv>
                </Word>
                <Word id="tr_1_tl_47_w5" custom="readingOrder {index:4;}">
                    <Coords points="1585,2144 1585,2204 1775,2204 1775,2144"/>
                    <TextEquiv>
                        <Unicode>Exemplare</Unicode>
                    </TextEquiv>
                </Word>
                <Word id="tr_1_tl_47_w6" custom="readingOrder {index:5;}">
                    <Coords points="1824,2141 1824,2201 1960,2201 1960,2141"/>
                    <TextEquiv>
                        <Unicode>erhalten</Unicode>
                    </TextEquiv>
                </Word>
                <Word id="tr_1_tl_47_w7" custom="readingOrder {index:6;}">
                    <Coords points="2015,2141 2015,2201 2117,2201 2117,2141"/>
                    <TextEquiv>
                        <Unicode>hatte,</Unicode>
                    </TextEquiv>
                </Word>
                <Word id="tr_1_tl_47_w8" custom="readingOrder {index:7;}">
                    <Coords points="2161,2140 2161,2200 2215,2200 2215,2140"/>
                    <TextEquiv>
                        <Unicode>zur</Unicode>
                    </TextEquiv>
                </Word>
                <TextEquiv>
                    <Unicode>und eines der zweihundert Exemplare erhalten hatte, zur</Unicode>
                </TextEquiv>
            </TextLine>
            <TextLine id="tr_1_tl_48" custom="readingOrder {index:47;}">
                <Coords points="1035,2253 2228,2251 2228,2197 2141,2183 1035,2182"/>
                <Baseline points="1044,2232 1103,2232 1162,2232 1222,2232 1281,2232 1341,2232 1400,2232 1459,2229 1519,2231 1578,2232 1638,2232 1697,2230 1756,2229 1816,2226 1875,2228 1935,2229 1994,2226 2053,2226 2113,2229 2172,2230 2232,2232"/>
                <Word id="tr_1_tl_48_w1" custom="readingOrder {index:0;}">
                    <Coords points="1042,2192 1042,2252 1162,2252 1162,2192"/>
                    <TextEquiv>
                        <Unicode>Lektüre</Unicode>
                    </TextEquiv>
                </Word>
                <Word id="tr_1_tl_48_w2" custom="readingOrder {index:1;}">
                    <Coords points="1192,2192 1192,2252 1249,2252 1249,2192"/>
                    <TextEquiv>
                        <Unicode>und</Unicode>
                    </TextEquiv>
                </Word>
                <Word id="tr_1_tl_48_w3" custom="readingOrder {index:2;}">
                    <Coords points="1279,2192 1279,2252 1451,2252 1451,2192"/>
                    <TextEquiv>
                        <Unicode>unterhielt</Unicode>
                    </TextEquiv>
                </Word>
                <Word id="tr_1_tl_48_w4" custom="readingOrder {index:3;}">
                    <Coords points="1481,2190 1481,2250 1549,2250 1549,2190"/>
                    <TextEquiv>
                        <Unicode>mich</Unicode>
                    </TextEquiv>
                </Word>
                <Word id="tr_1_tl_48_w5" custom="readingOrder {index:4;}">
                    <Coords points="1579,2191 1579,2251 1711,2251 1711,2191"/>
                    <TextEquiv>
                        <Unicode>köstlich.</Unicode>
                    </TextEquiv>
                </Word>
                <Word id="tr_1_tl_48_w6" custom="readingOrder {index:5;}">
                    <Coords points="1735,2188 1735,2248 1786,2248 1786,2188"/>
                    <TextEquiv>
                        <Unicode>Als</Unicode>
                    </TextEquiv>
                </Word>
                <Word id="tr_1_tl_48_w7" custom="readingOrder {index:6;}">
                    <Coords points="1815,2188 1815,2248 1982,2248 1982,2188"/>
                    <TextEquiv>
                        <Unicode>Schnitzler</Unicode>
                    </TextEquiv>
                </Word>
                <Word id="tr_1_tl_48_w8" custom="readingOrder {index:7;}">
                    <Coords points="2006,2186 2006,2246 2069,2246 2069,2186"/>
                    <TextEquiv>
                        <Unicode>dies</Unicode>
                    </TextEquiv>
                </Word>
                <Word id="tr_1_tl_48_w9" custom="readingOrder {index:8;}">
                    <Coords points="2098,2189 2098,2249 2225,2249 2225,2189"/>
                    <TextEquiv>
                        <Unicode>erfuhr,</Unicode>
                    </TextEquiv>
                </Word>
                <TextEquiv>
                    <Unicode>Lektüre und unterhielt mich köstlich. Als Schnitzler dies erfuhr,</Unicode>
                </TextEquiv>
            </TextLine>
            <TextLine id="tr_1_tl_49" custom="readingOrder {index:48;}">
                <Coords points="1035,2293 2225,2278 2203,2237 2082,2231 1035,2248"/>
                <Baseline points="1044,2283 1103,2280 1162,2280 1221,2282 1281,2280 1340,2280 1399,2280 1458,2280 1518,2283 1577,2280 1636,2280 1695,2280 1755,2280 1814,2280 1873,2277 1932,2275 1992,2275 2051,2274 2110,2277 2169,2277 2229,2271"/>
                <Word id="tr_1_tl_49_w1" custom="readingOrder {index:0;}">
                    <Coords points="1041,2240 1041,2300 1173,2300 1173,2240"/>
                    <TextEquiv>
                        <Unicode>erfreute</Unicode>
                    </TextEquiv>
                </Word>
                <Word id="tr_1_tl_49_w2" custom="readingOrder {index:1;}">
                    <Coords points="1224,2241 1224,2301 1257,2301 1257,2241"/>
                    <TextEquiv>
                        <Unicode>er</Unicode>
                    </TextEquiv>
                </Word>
                <Word id="tr_1_tl_49_w3" custom="readingOrder {index:2;}">
                    <Coords points="1296,2240 1296,2300 1367,2300 1367,2240"/>
                    <TextEquiv>
                        <Unicode>mich</Unicode>
                    </TextEquiv>
                </Word>
                <Word id="tr_1_tl_49_w4" custom="readingOrder {index:3;}">
                    <Coords points="1424,2240 1424,2300 1512,2300 1512,2240"/>
                    <TextEquiv>
                        <Unicode>durch</Unicode>
                    </TextEquiv>
                </Word>
                <Word id="tr_1_tl_49_w5" custom="readingOrder {index:4;}">
                    <Coords points="1568,2240 1568,2300 1617,2300 1617,2240"/>
                    <TextEquiv>
                        <Unicode>die</Unicode>
                    </TextEquiv>
                </Word>
                <Word id="tr_1_tl_49_w6" custom="readingOrder {index:5;}">
                    <Coords points="1651,2240 1651,2300 1834,2300 1834,2240"/>
                    <TextEquiv>
                        <Unicode>Zusendung</Unicode>
                    </TextEquiv>
                </Word>
                <Word id="tr_1_tl_49_w7" custom="readingOrder {index:6;}">
                    <Coords points="1896,2235 1896,2295 1978,2295 1978,2235"/>
                    <TextEquiv>
                        <Unicode>eines</Unicode>
                    </TextEquiv>
                </Word>
                <Word id="tr_1_tl_49_w8" custom="readingOrder {index:7;}">
                    <Coords points="2018,2237 2018,2297 2222,2297 2222,2237"/>
                    <TextEquiv>
                        <Unicode>Widmungs¬</Unicode>
                    </TextEquiv>
                </Word>
                <TextEquiv>
                    <Unicode>erfreute er mich durch die Zusendung eines Widmungs¬</Unicode>
                </TextEquiv>
            </TextLine>
            <TextLine id="tr_1_tl_50" custom="readingOrder {index:49;}">
                <Coords points="1035,2340 2084,2349 2233,2326 2234,2289 1035,2299"/>
                <Baseline points="1044,2331 1103,2329 1163,2328 1222,2328 1282,2328 1341,2328 1401,2328 1460,2328 1520,2328 1579,2327 1639,2325 1699,2328 1758,2325 1818,2325 1877,2325 1937,2322 1996,2322 2056,2322 2115,2325 2175,2323 2235,2319"/>
                <Word id="tr_1_tl_50_w1" custom="readingOrder {index:0;}">
                    <Coords points="1041,2288 1041,2348 1211,2348 1211,2288"/>
                    <TextEquiv>
                        <Unicode>exemplars</Unicode>
                    </TextEquiv>
                </Word>
                <Word id="tr_1_tl_50_w2" custom="readingOrder {index:1;}">
                    <Coords points="1240,2288 1240,2348 1290,2348 1290,2288"/>
                    <TextEquiv>
                        <Unicode>des</Unicode>
                    </TextEquiv>
                </Word>
                <Word id="tr_1_tl_50_w3" custom="readingOrder {index:2;}">
                    <Coords points="1319,2288 1319,2348 1460,2348 1460,2288"/>
                    <TextEquiv>
                        <Unicode>Buches.</Unicode>
                    </TextEquiv>
                </Word>
                <Word id="tr_1_tl_50_w4" custom="readingOrder {index:3;}">
                    <Coords points="1478,2288 1478,2348 1533,2348 1533,2288"/>
                    <TextEquiv>
                        <Unicode>Ich</Unicode>
                    </TextEquiv>
                </Word>
                <Word id="tr_1_tl_50_w5" custom="readingOrder {index:4;}">
                    <Coords points="1563,2285 1563,2345 1727,2345 1727,2285"/>
                    <TextEquiv>
                        <Unicode>quittierte</Unicode>
                    </TextEquiv>
                </Word>
                <Word id="tr_1_tl_50_w6" custom="readingOrder {index:5;}">
                    <Coords points="1756,2285 1756,2345 1828,2345 1828,2285"/>
                    <TextEquiv>
                        <Unicode>diese</Unicode>
                    </TextEquiv>
                </Word>
                <Word id="tr_1_tl_50_w7" custom="readingOrder {index:6;}">
                    <Coords points="1852,2282 1852,2342 2118,2342 2118,2282"/>
                    <TextEquiv>
                        <Unicode>liebenswürdige</Unicode>
                    </TextEquiv>
                </Word>
                <Word id="tr_1_tl_50_w8" custom="readingOrder {index:7;}">
                    <Coords points="2141,2282 2141,2342 2225,2342 2225,2282"/>
                    <TextEquiv>
                        <Unicode>Auf¬</Unicode>
                    </TextEquiv>
                </Word>
                <TextEquiv>
                    <Unicode>exemplars des Buches. Ich quittierte diese liebenswürdige Auf¬</Unicode>
                </TextEquiv>
            </TextLine>
            <TextLine id="tr_1_tl_51" custom="readingOrder {index:50;}">
                <Coords points="1038,2388 2225,2382 2213,2328 1038,2343"/>
                <Baseline points="1047,2378 1106,2375 1165,2375 1224,2375 1283,2375 1342,2375 1401,2375 1460,2375 1519,2375 1578,2375 1638,2375 1697,2375 1756,2374 1815,2375 1874,2373 1933,2373 1992,2373 2051,2373 2110,2373 2169,2371 2229,2370"/>
                <Word id="tr_1_tl_51_w1" custom="readingOrder {index:0;}">
                    <Coords points="1044,2335 1044,2395 1248,2395 1248,2335"/>
                    <TextEquiv>
                        <Unicode>merksamkeit</Unicode>
                    </TextEquiv>
                </Word>
                <Word id="tr_1_tl_51_w2" custom="readingOrder {index:1;}">
                    <Coords points="1276,2335 1276,2395 1364,2395 1364,2335"/>
                    <TextEquiv>
                        <Unicode>durch</Unicode>
                    </TextEquiv>
                </Word>
                <Word id="tr_1_tl_51_w3" custom="readingOrder {index:2;}">
                    <Coords points="1398,2335 1398,2395 1464,2395 1464,2335"/>
                    <TextEquiv>
                        <Unicode>eine</Unicode>
                    </TextEquiv>
                </Word>
                <Word id="tr_1_tl_51_w4" custom="readingOrder {index:3;}">
                    <Coords points="1498,2335 1498,2395 1713,2395 1713,2335"/>
                    <TextEquiv>
                        <Unicode>Besprechung</Unicode>
                    </TextEquiv>
                </Word>
                <Word id="tr_1_tl_51_w5" custom="readingOrder {index:4;}">
                    <Coords points="1747,2334 1747,2394 1796,2394 1796,2334"/>
                    <TextEquiv>
                        <Unicode>des</Unicode>
                    </TextEquiv>
                </Word>
                <Word id="tr_1_tl_51_w6" custom="readingOrder {index:5;}">
                    <Coords points="1830,2333 1830,2393 2007,2393 2007,2333"/>
                    <TextEquiv>
                        <Unicode>„Reigen",</Unicode>
                    </TextEquiv>
                </Word>
                <Word id="tr_1_tl_51_w7" custom="readingOrder {index:6;}">
                    <Coords points="2029,2333 2029,2393 2056,2393 2056,2333"/>
                    <TextEquiv>
                        <Unicode>in</Unicode>
                    </TextEquiv>
                </Word>
                <Word id="tr_1_tl_51_w8" custom="readingOrder {index:7;}">
                    <Coords points="2096,2332 2096,2392 2145,2392 2145,2332"/>
                    <TextEquiv>
                        <Unicode>der</Unicode>
                    </TextEquiv>
                </Word>
                <Word id="tr_1_tl_51_w9" custom="readingOrder {index:8;}">
                    <Coords points="2173,2330 2173,2390 2217,2390 2217,2330"/>
                    <TextEquiv>
                        <Unicode>ich</Unicode>
                    </TextEquiv>
                </Word>
                <TextEquiv>
                    <Unicode>merksamkeit durch eine Besprechung des „Reigen", in der ich</Unicode>
                </TextEquiv>
            </TextLine>
            <TextLine id="tr_1_tl_52" custom="readingOrder {index:51;}">
                <Coords points="1035,2443 2230,2431 2192,2375 1037,2391"/>
                <Baseline points="1044,2423 1103,2426 1163,2426 1222,2425 1282,2423 1341,2423 1401,2423 1460,2423 1520,2426 1579,2423 1639,2423 1699,2423 1758,2422 1818,2420 1877,2420 1937,2420 1996,2418 2056,2417 2115,2420 2175,2418 2235,2417"/>
                <Word id="tr_1_tl_52_w1" custom="readingOrder {index:0;}">
                    <Coords points="1041,2385 1041,2445 1159,2445 1159,2385"/>
                    <TextEquiv>
                        <Unicode>meiner</Unicode>
                    </TextEquiv>
                </Word>
                <Word id="tr_1_tl_52_w2" custom="readingOrder {index:1;}">
                    <Coords points="1188,2384 1188,2444 1306,2444 1306,2384"/>
                    <TextEquiv>
                        <Unicode>Ansicht</Unicode>
                    </TextEquiv>
                </Word>
                <Word id="tr_1_tl_52_w3" custom="readingOrder {index:2;}">
                    <Coords points="1341,2383 1341,2443 1499,2443 1499,2383"/>
                    <TextEquiv>
                        <Unicode>Ausdruck</Unicode>
                    </TextEquiv>
                </Word>
                <Word id="tr_1_tl_52_w4" custom="readingOrder {index:3;}">
                    <Coords points="1522,2383 1522,2443 1600,2443 1600,2383"/>
                    <TextEquiv>
                        <Unicode>gab,</Unicode>
                    </TextEquiv>
                </Word>
                <Word id="tr_1_tl_52_w5" custom="readingOrder {index:4;}">
                    <Coords points="1624,2383 1624,2443 1679,2443 1679,2383"/>
                    <TextEquiv>
                        <Unicode>daß</Unicode>
                    </TextEquiv>
                </Word>
                <Word id="tr_1_tl_52_w6" custom="readingOrder {index:5;}">
                    <Coords points="1720,2382 1720,2442 1781,2442 1781,2382"/>
                    <TextEquiv>
                        <Unicode>man</Unicode>
                    </TextEquiv>
                </Word>
                <Word id="tr_1_tl_52_w7" custom="readingOrder {index:6;}">
                    <Coords points="1816,2380 1816,2440 1911,2440 1911,2380"/>
                    <TextEquiv>
                        <Unicode>diesem</Unicode>
                    </TextEquiv>
                </Word>
                <Word id="tr_1_tl_52_w8" custom="readingOrder {index:7;}">
                    <Coords points="1957,2377 1957,2437 2064,2437 2064,2377"/>
                    <TextEquiv>
                        <Unicode>Werke</Unicode>
                    </TextEquiv>
                </Word>
                <Word id="tr_1_tl_52_w9" custom="readingOrder {index:8;}">
                    <Coords points="2093,2378 2093,2438 2216,2438 2216,2378"/>
                    <TextEquiv>
                        <Unicode>unrecht</Unicode>
                    </TextEquiv>
                </Word>
                <TextEquiv>
                    <Unicode>meiner Ansicht Ausdruck gab, daß man diesem Werke unrecht</Unicode>
                </TextEquiv>
            </TextLine>
            <TextLine id="tr_1_tl_53" custom="readingOrder {index:52;}">
                <Coords points="1035,2498 2225,2477 2225,2431 2055,2423 1035,2452"/>
                <Baseline points="1044,2477 1103,2477 1162,2474 1221,2473 1281,2471 1340,2474 1399,2471 1458,2471 1518,2474 1577,2471 1636,2471 1695,2471 1755,2471 1814,2469 1873,2468 1932,2468 1992,2468 2051,2468 2110,2469 2169,2469 2229,2465"/>
                <Word id="tr_1_tl_53_w1" custom="readingOrder {index:0;}">
                    <Coords points="1041,2437 1041,2497 1118,2497 1118,2437"/>
                    <TextEquiv>
                        <Unicode>täte,</Unicode>
                    </TextEquiv>
                </Word>
                <Word id="tr_1_tl_53_w2" custom="readingOrder {index:1;}">
                    <Coords points="1146,2433 1146,2493 1245,2493 1245,2433"/>
                    <TextEquiv>
                        <Unicode>wollte</Unicode>
                    </TextEquiv>
                </Word>
                <Word id="tr_1_tl_53_w3" custom="readingOrder {index:2;}">
                    <Coords points="1279,2432 1279,2492 1351,2492 1351,2432"/>
                    <TextEquiv>
                        <Unicode>man</Unicode>
                    </TextEquiv>
                </Word>
                <Word id="tr_1_tl_53_w4" custom="readingOrder {index:3;}">
                    <Coords points="1390,2431 1390,2491 1417,2491 1417,2431"/>
                    <TextEquiv>
                        <Unicode>es</Unicode>
                    </TextEquiv>
                </Word>
                <Word id="tr_1_tl_53_w5" custom="readingOrder {index:4;}">
                    <Coords points="1457,2432 1457,2492 1523,2492 1523,2432"/>
                    <TextEquiv>
                        <Unicode>bloß</Unicode>
                    </TextEquiv>
                </Word>
                <Word id="tr_1_tl_53_w6" custom="readingOrder {index:5;}">
                    <Coords points="1563,2431 1563,2491 1612,2491 1612,2431"/>
                    <TextEquiv>
                        <Unicode>als</Unicode>
                    </TextEquiv>
                </Word>
                <Word id="tr_1_tl_53_w7" custom="readingOrder {index:6;}">
                    <Coords points="1651,2429 1651,2489 1928,2489 1928,2429"/>
                    <TextEquiv>
                        <Unicode>pornographische</Unicode>
                    </TextEquiv>
                </Word>
                <Word id="tr_1_tl_53_w8" custom="readingOrder {index:7;}">
                    <Coords points="1962,2428 1962,2488 2139,2488 2139,2428"/>
                    <TextEquiv>
                        <Unicode>Spielerei,</Unicode>
                    </TextEquiv>
                </Word>
                <Word id="tr_1_tl_53_w9" custom="readingOrder {index:8;}">
                    <Coords points="2167,2427 2167,2487 2216,2487 2216,2427"/>
                    <TextEquiv>
                        <Unicode>als</Unicode>
                    </TextEquiv>
                </Word>
                <TextEquiv>
                    <Unicode>täte, wollte man es bloß als pornographische Spielerei, als</Unicode>
                </TextEquiv>
            </TextLine>
            <TextLine id="tr_1_tl_54" custom="readingOrder {index:53;}">
                <Coords points="1035,2532 2234,2517 2221,2474 1836,2471 1091,2480 1035,2514"/>
                <Baseline points="1044,2525 1103,2523 1163,2522 1223,2521 1282,2519 1342,2519 1402,2519 1461,2519 1521,2519 1581,2519 1641,2517 1700,2516 1760,2516 1820,2516 1879,2519 1939,2516 1999,2516 2058,2516 2118,2517 2178,2517 2238,2513"/>
                <Word id="tr_1_tl_54_w1" custom="readingOrder {index:0;}">
                    <Coords points="1036,2482 1036,2542 1171,2542 1171,2482"/>
                    <TextEquiv>
                        <Unicode>„pikante</Unicode>
                    </TextEquiv>
                </Word>
                <Word id="tr_1_tl_54_w2" custom="readingOrder {index:1;}">
                    <Coords points="1201,2479 1201,2539 1343,2539 1343,2479"/>
                    <TextEquiv>
                        <Unicode>Lektüre,</Unicode>
                    </TextEquiv>
                </Word>
                <Word id="tr_1_tl_54_w3" custom="readingOrder {index:2;}">
                    <Coords points="1366,2479 1366,2539 1422,2539 1422,2479"/>
                    <TextEquiv>
                        <Unicode>nur</Unicode>
                    </TextEquiv>
                </Word>
                <Word id="tr_1_tl_54_w4" custom="readingOrder {index:3;}">
                    <Coords points="1451,2479 1451,2539 1502,2539 1502,2479"/>
                    <TextEquiv>
                        <Unicode>für</Unicode>
                    </TextEquiv>
                </Word>
                <Word id="tr_1_tl_54_w5" custom="readingOrder {index:4;}">
                    <Coords points="1526,2478 1526,2538 1673,2538 1673,2478"/>
                    <TextEquiv>
                        <Unicode>Herren"</Unicode>
                    </TextEquiv>
                </Word>
                <Word id="tr_1_tl_54_w6" custom="readingOrder {index:5;}">
                    <Coords points="1702,2476 1702,2536 1895,2536 1895,2476"/>
                    <TextEquiv>
                        <Unicode>aburteilen,</Unicode>
                    </TextEquiv>
                </Word>
                <Word id="tr_1_tl_54_w7" custom="readingOrder {index:6;}">
                    <Coords points="1913,2476 1913,2536 1969,2536 1969,2476"/>
                    <TextEquiv>
                        <Unicode>und</Unicode>
                    </TextEquiv>
                </Word>
                <Word id="tr_1_tl_54_w8" custom="readingOrder {index:7;}">
                    <Coords points="1998,2476 1998,2536 2128,2536 2128,2476"/>
                    <TextEquiv>
                        <Unicode>schrieb:</Unicode>
                    </TextEquiv>
                </Word>
                <Word id="tr_1_tl_54_w9" custom="readingOrder {index:8;}">
                    <Coords points="2152,2476 2152,2536 2214,2536 2214,2476"/>
                    <TextEquiv>
                        <Unicode>„Es</Unicode>
                    </TextEquiv>
                </Word>
                <TextEquiv>
                    <Unicode>„pikante Lektüre, nur für Herren" aburteilen, und schrieb: „Es</Unicode>
                </TextEquiv>
            </TextLine>
            <TextLine id="tr_1_tl_55" custom="readingOrder {index:54;}">
                <Coords points="1044,2578 2227,2580 2203,2521 1044,2535"/>
                <Baseline points="1053,2570 1111,2570 1170,2570 1229,2568 1288,2567 1347,2567 1405,2567 1464,2567 1523,2566 1582,2566 1641,2567 1699,2567 1758,2565 1817,2565 1876,2564 1935,2564 1993,2564 2052,2564 2111,2565 2170,2565 2229,2561"/>
                <Word id="tr_1_tl_55_w1" custom="readingOrder {index:0;}">
                    <Coords points="1044,2530 1044,2590 1076,2590 1076,2530"/>
                    <TextEquiv>
                        <Unicode>ist</Unicode>
                    </TextEquiv>
                </Word>
                <Word id="tr_1_tl_55_w2" custom="readingOrder {index:1;}">
                    <Coords points="1098,2530 1098,2590 1141,2590 1141,2530"/>
                    <TextEquiv>
                        <Unicode>ein</Unicode>
                    </TextEquiv>
                </Word>
                <Word id="tr_1_tl_55_w3" custom="readingOrder {index:2;}">
                    <Coords points="1174,2527 1174,2587 1352,2587 1352,2527"/>
                    <TextEquiv>
                        <Unicode>Kunstwerk</Unicode>
                    </TextEquiv>
                </Word>
                <Word id="tr_1_tl_55_w4" custom="readingOrder {index:3;}">
                    <Coords points="1375,2527 1375,2587 1401,2587 1401,2527"/>
                    <TextEquiv>
                        <Unicode>in</Unicode>
                    </TextEquiv>
                </Word>
                <Word id="tr_1_tl_55_w5" custom="readingOrder {index:4;}">
                    <Coords points="1434,2526 1434,2586 1531,2586 1531,2526"/>
                    <TextEquiv>
                        <Unicode>seiner</Unicode>
                    </TextEquiv>
                </Word>
                <Word id="tr_1_tl_55_w6" custom="readingOrder {index:5;}">
                    <Coords points="1559,2526 1559,2586 1634,2586 1634,2526"/>
                    <TextEquiv>
                        <Unicode>Art,</Unicode>
                    </TextEquiv>
                </Word>
                <Word id="tr_1_tl_55_w7" custom="readingOrder {index:6;}">
                    <Coords points="1656,2527 1656,2587 1710,2587 1710,2527"/>
                    <TextEquiv>
                        <Unicode>das</Unicode>
                    </TextEquiv>
                </Word>
                <Word id="tr_1_tl_55_w8" custom="readingOrder {index:7;}">
                    <Coords points="1737,2525 1737,2585 1764,2585 1764,2525"/>
                    <TextEquiv>
                        <Unicode>es</Unicode>
                    </TextEquiv>
                </Word>
                <Word id="tr_1_tl_55_w9" custom="readingOrder {index:8;}">
                    <Coords points="1792,2525 1792,2585 1829,2585 1829,2525"/>
                    <TextEquiv>
                        <Unicode>an</Unicode>
                    </TextEquiv>
                </Word>
                <Word id="tr_1_tl_55_w10" custom="readingOrder {index:9;}">
                    <Coords points="1857,2524 1857,2584 2019,2584 2019,2524"/>
                    <TextEquiv>
                        <Unicode>fesselndem</Unicode>
                    </TextEquiv>
                </Word>
                <Word id="tr_1_tl_55_w11" custom="readingOrder {index:10;}">
                    <Coords points="2058,2524 2058,2584 2138,2584 2138,2524"/>
                    <TextEquiv>
                        <Unicode>Reiz</Unicode>
                    </TextEquiv>
                </Word>
                <Word id="tr_1_tl_55_w12" custom="readingOrder {index:11;}">
                    <Coords points="2160,2523 2160,2583 2219,2583 2219,2523"/>
                    <TextEquiv>
                        <Unicode>mit</Unicode>
                    </TextEquiv>
                </Word>
                <TextEquiv>
                    <Unicode>ist ein Kunstwerk in seiner Art, das es an fesselndem Reiz mit</Unicode>
                </TextEquiv>
            </TextLine>
            <TextLine id="tr_1_tl_56" custom="readingOrder {index:55;}">
                <Coords points="1029,2625 2194,2625 2230,2568 1706,2601 1030,2571"/>
                <Baseline points="1038,2614 1097,2617 1157,2617 1217,2617 1276,2617 1336,2614 1396,2614 1455,2614 1515,2614 1575,2613 1635,2611 1694,2611 1754,2611 1814,2611 1873,2611 1933,2611 1993,2611 2052,2608 2112,2611 2172,2609 2232,2605"/>
                <Word id="tr_1_tl_56_w1" custom="readingOrder {index:0;}">
                    <Coords points="1034,2575 1034,2635 1086,2635 1086,2575"/>
                    <TextEquiv>
                        <Unicode>den</Unicode>
                    </TextEquiv>
                </Word>
                <Word id="tr_1_tl_56_w2" custom="readingOrder {index:1;}">
                    <Coords points="1124,2577 1124,2637 1213,2637 1213,2577"/>
                    <TextEquiv>
                        <Unicode>besten</Unicode>
                    </TextEquiv>
                </Word>
                <Word id="tr_1_tl_56_w3" custom="readingOrder {index:2;}">
                    <Coords points="1251,2575 1251,2635 1372,2635 1372,2575"/>
                    <TextEquiv>
                        <Unicode>Stücken</Unicode>
                    </TextEquiv>
                </Word>
                <Word id="tr_1_tl_56_w4" custom="readingOrder {index:3;}">
                    <Coords points="1425,2574 1425,2634 1483,2634 1483,2574"/>
                    <TextEquiv>
                        <Unicode>aus</Unicode>
                    </TextEquiv>
                </Word>
                <Word id="tr_1_tl_56_w5" custom="readingOrder {index:4;}">
                    <Coords points="1515,2572 1515,2632 1668,2632 1668,2572"/>
                    <TextEquiv>
                        <Unicode>Prévosts</Unicode>
                    </TextEquiv>
                </Word>
                <Word id="tr_1_tl_56_w6" custom="readingOrder {index:5;}">
                    <Coords points="1716,2571 1716,2631 1852,2631 1852,2571"/>
                    <TextEquiv>
                        <Unicode>„Lettres</Unicode>
                    </TextEquiv>
                </Word>
                <Word id="tr_1_tl_56_w7" custom="readingOrder {index:6;}">
                    <Coords points="1906,2571 1906,2631 1938,2631 1938,2571"/>
                    <TextEquiv>
                        <Unicode>de</Unicode>
                    </TextEquiv>
                </Word>
                <Word id="tr_1_tl_56_w8" custom="readingOrder {index:7;}">
                    <Coords points="1965,2568 1965,2628 2117,2628 2117,2568"/>
                    <TextEquiv>
                        <Unicode>semmes"</Unicode>
                    </TextEquiv>
                </Word>
                <Word id="tr_1_tl_56_w9" custom="readingOrder {index:8;}">
                    <Coords points="2149,2568 2149,2628 2217,2628 2217,2568"/>
                    <TextEquiv>
                        <Unicode>auf¬</Unicode>
                    </TextEquiv>
                </Word>
                <TextEquiv>
                    <Unicode>den besten Stücken aus Prévosts „Lettres de semmes" auf¬</Unicode>
                </TextEquiv>
            </TextLine>
            <TextLine id="tr_1_tl_57" custom="readingOrder {index:56;}">
                <Coords points="1015,2677 2075,2690 2227,2631 1017,2610"/>
                <Baseline points="1023,2668 1083,2667 1143,2667 1203,2668 1264,2668 1324,2666 1384,2665 1445,2665 1505,2663 1565,2665 1626,2662 1686,2662 1746,2662 1806,2662 1867,2662 1927,2661 1987,2659 2048,2659 2108,2660 2168,2660 2229,2653"/>
                <Word id="tr_1_tl_57_w1" custom="readingOrder {index:0;}">
                    <Coords points="1036,2627 1036,2687 1163,2687 1163,2627"/>
                    <TextEquiv>
                        <Unicode>nehmen</Unicode>
                    </TextEquiv>
                </Word>
                <Word id="tr_1_tl_57_w2" custom="readingOrder {index:1;}">
                    <Coords points="1203,2628 1203,2688 1292,2688 1292,2628"/>
                    <TextEquiv>
                        <Unicode>lann,</Unicode>
                    </TextEquiv>
                </Word>
                <Word id="tr_1_tl_57_w3" custom="readingOrder {index:2;}">
                    <Coords points="1312,2625 1312,2685 1349,2685 1349,2625"/>
                    <TextEquiv>
                        <Unicode>sie</Unicode>
                    </TextEquiv>
                </Word>
                <Word id="tr_1_tl_57_w4" custom="readingOrder {index:3;}">
                    <Coords points="1377,2625 1377,2685 1408,2685 1408,2625"/>
                    <TextEquiv>
                        <Unicode>an</Unicode>
                    </TextEquiv>
                </Word>
                <Word id="tr_1_tl_57_w5" custom="readingOrder {index:4;}">
                    <Coords points="1440,2623 1440,2683 1529,2683 1529,2623"/>
                    <TextEquiv>
                        <Unicode>Tiefe</Unicode>
                    </TextEquiv>
                </Word>
                <Word id="tr_1_tl_57_w6" custom="readingOrder {index:5;}">
                    <Coords points="1556,2624 1556,2684 1613,2684 1613,2624"/>
                    <TextEquiv>
                        <Unicode>und</Unicode>
                    </TextEquiv>
                </Word>
                <Word id="tr_1_tl_57_w7" custom="readingOrder {index:6;}">
                    <Coords points="1646,2622 1646,2682 1805,2682 1805,2622"/>
                    <TextEquiv>
                        <Unicode>Wahrheit</Unicode>
                    </TextEquiv>
                </Word>
                <Word id="tr_1_tl_57_w8" custom="readingOrder {index:7;}">
                    <Coords points="1832,2622 1832,2682 1902,2682 1902,2622"/>
                    <TextEquiv>
                        <Unicode>aber</Unicode>
                    </TextEquiv>
                </Word>
                <Word id="tr_1_tl_57_w9" custom="readingOrder {index:8;}">
                    <Coords points="1928,2619 1928,2679 2120,2679 2120,2619"/>
                    <TextEquiv>
                        <Unicode>übertvifft."</Unicode>
                    </TextEquiv>
                </Word>
                <Word id="tr_1_tl_57_w10" custom="readingOrder {index:9;}">
                    <Coords points="2146,2618 2146,2678 2209,2678 2209,2618"/>
                    <TextEquiv>
                        <Unicode>Und</Unicode>
                    </TextEquiv>
                </Word>
                <TextEquiv>
                    <Unicode>nehmen lann, sie an Tiefe und Wahrheit aber übertvifft." Und</Unicode>
                </TextEquiv>
            </TextLine>
            <TextLine id="tr_1_tl_58" custom="readingOrder {index:57;}">
                <Coords points="1053,2764 2237,2766 2237,2714 1053,2722"/>
                <Baseline points="1062,2758 1124,2758 1186,2758 1248,2760 1310,2758 1372,2758 1434,2758 1496,2758 1558,2756 1620,2758 1682,2756 1744,2755 1806,2755 1868,2755 1930,2755 1992,2755 2054,2755 2116,2754 2178,2752 2241,2752"/>
                <Word id="tr_1_tl_58_w1" custom="readingOrder {index:0;}">
                    <Coords points="1053,2718 1053,2778 1085,2778 1085,2718"/>
                    <TextEquiv>
                        <Unicode>ich</Unicode>
                    </TextEquiv>
                </Word>
                <Word id="tr_1_tl_58_w2" custom="readingOrder {index:1;}">
                    <Coords points="1119,2718 1119,2778 1210,2778 1210,2718"/>
                    <TextEquiv>
                        <Unicode>schloß</Unicode>
                    </TextEquiv>
                </Word>
                <Word id="tr_1_tl_58_w3" custom="readingOrder {index:2;}">
                    <Coords points="1249,2718 1249,2778 1352,2778 1352,2718"/>
                    <TextEquiv>
                        <Unicode>meine</Unicode>
                    </TextEquiv>
                </Word>
                <Word id="tr_1_tl_58_w4" custom="readingOrder {index:3;}">
                    <Coords points="1386,2718 1386,2778 1597,2778 1597,2718"/>
                    <TextEquiv>
                        <Unicode>Besprechung</Unicode>
                    </TextEquiv>
                </Word>
                <Word id="tr_1_tl_58_w5" custom="readingOrder {index:4;}">
                    <Coords points="1636,2716 1636,2776 1695,2776 1695,2716"/>
                    <TextEquiv>
                        <Unicode>mit</Unicode>
                    </TextEquiv>
                </Word>
                <Word id="tr_1_tl_58_w6" custom="readingOrder {index:5;}">
                    <Coords points="1729,2715 1729,2775 1777,2775 1777,2715"/>
                    <TextEquiv>
                        <Unicode>den</Unicode>
                    </TextEquiv>
                </Word>
                <Word id="tr_1_tl_58_w7" custom="readingOrder {index:6;}">
                    <Coords points="1816,2715 1816,2775 1962,2775 1962,2715"/>
                    <TextEquiv>
                        <Unicode>Worten:</Unicode>
                    </TextEquiv>
                </Word>
                <Word id="tr_1_tl_58_w8" custom="readingOrder {index:7;}">
                    <Coords points="1996,2715 1996,2775 2082,2775 2082,2715"/>
                    <TextEquiv>
                        <Unicode>„Nur</Unicode>
                    </TextEquiv>
                </Word>
                <Word id="tr_1_tl_58_w9" custom="readingOrder {index:8;}">
                    <Coords points="2115,2712 2115,2772 2234,2772 2234,2712"/>
                    <TextEquiv>
                        <Unicode>darauf</Unicode>
                    </TextEquiv>
                </Word>
                <TextEquiv>
                    <Unicode>ich schloß meine Besprechung mit den Worten: „Nur darauf</Unicode>
                </TextEquiv>
            </TextLine>
            <TextLine id="tr_1_tl_59" custom="readingOrder {index:58;}">
                <Coords points="1047,2806 1438,2841 2247,2815 2210,2760 1047,2769"/>
                <Baseline points="1056,2802 1115,2805 1175,2805 1235,2805 1294,2804 1354,2802 1414,2805 1473,2805 1533,2805 1593,2805 1653,2805 1712,2805 1772,2808 1832,2805 1891,2805 1951,2805 2011,2804 2070,2804 2130,2802 2190,2801 2250,2802"/>
                <Word id="tr_1_tl_59_w1" custom="readingOrder {index:0;}">
                    <Coords points="1056,2764 1056,2824 1173,2824 1173,2764"/>
                    <TextEquiv>
                        <Unicode>kommt</Unicode>
                    </TextEquiv>
                </Word>
                <Word id="tr_1_tl_59_w2" custom="readingOrder {index:1;}">
                    <Coords points="1193,2765 1193,2825 1225,2825 1225,2765"/>
                    <TextEquiv>
                        <Unicode>es</Unicode>
                    </TextEquiv>
                </Word>
                <Word id="tr_1_tl_59_w3" custom="readingOrder {index:2;}">
                    <Coords points="1252,2764 1252,2824 1303,2824 1303,2764"/>
                    <TextEquiv>
                        <Unicode>bei</Unicode>
                    </TextEquiv>
                </Word>
                <Word id="tr_1_tl_59_w4" custom="readingOrder {index:3;}">
                    <Coords points="1323,2764 1323,2824 1479,2824 1479,2764"/>
                    <TextEquiv>
                        <Unicode>erotischen</Unicode>
                    </TextEquiv>
                </Word>
                <Word id="tr_1_tl_59_w5" custom="readingOrder {index:4;}">
                    <Coords points="1519,2765 1519,2825 1635,2825 1635,2765"/>
                    <TextEquiv>
                        <Unicode>Werken</Unicode>
                    </TextEquiv>
                </Word>
                <Word id="tr_1_tl_59_w6" custom="readingOrder {index:5;}">
                    <Coords points="1669,2765 1669,2825 1727,2825 1727,2765"/>
                    <TextEquiv>
                        <Unicode>an,</Unicode>
                    </TextEquiv>
                </Word>
                <Word id="tr_1_tl_59_w7" custom="readingOrder {index:6;}">
                    <Coords points="1754,2767 1754,2827 1799,2827 1799,2767"/>
                    <TextEquiv>
                        <Unicode>daß</Unicode>
                    </TextEquiv>
                </Word>
                <Word id="tr_1_tl_59_w8" custom="readingOrder {index:7;}">
                    <Coords points="1832,2765 1832,2825 1883,2825 1883,2765"/>
                    <TextEquiv>
                        <Unicode>das</Unicode>
                    </TextEquiv>
                </Word>
                <Word id="tr_1_tl_59_w9" custom="readingOrder {index:8;}">
                    <Coords points="1917,2764 1917,2824 2027,2824 2027,2764"/>
                    <TextEquiv>
                        <Unicode>Fleisch</Unicode>
                    </TextEquiv>
                </Word>
                <Word id="tr_1_tl_59_w10" custom="readingOrder {index:9;}">
                    <Coords points="2054,2763 2054,2823 2144,2823 2144,2763"/>
                    <TextEquiv>
                        <Unicode>durch</Unicode>
                    </TextEquiv>
                </Word>
                <Word id="tr_1_tl_59_w11" custom="readingOrder {index:10;}">
                    <Coords points="2171,2761 2171,2821 2222,2821 2222,2761"/>
                    <TextEquiv>
                        <Unicode>den</Unicode>
                    </TextEquiv>
                </Word>
                <TextEquiv>
                    <Unicode>kommt es bei erotischen Werken an, daß das Fleisch durch den</Unicode>
                </TextEquiv>
            </TextLine>
            <TextLine id="tr_1_tl_60" custom="readingOrder {index:59;}">
                <Coords points="1053,2853 1101,2871 1209,2874 1451,2856 1453,2820 1423,2827 1390,2811 1313,2827 1279,2811 1205,2824 1133,2809 1055,2818"/>
                <Baseline points="1062,2853 1088,2853 1114,2853 1140,2853 1166,2853 1192,2853 1218,2853 1244,2853 1270,2853 1296,2852 1322,2850 1348,2850 1374,2850 1400,2850 1426,2846 1453,2841"/>
                <Word id="tr_1_tl_60_w1" custom="readingOrder {index:0;}">
                    <Coords points="1058,2813 1058,2873 1140,2873 1140,2813"/>
                    <TextEquiv>
                        <Unicode>Geist</Unicode>
                    </TextEquiv>
                </Word>
                <Word id="tr_1_tl_60_w2" custom="readingOrder {index:1;}">
                    <Coords points="1167,2813 1167,2873 1291,2873 1291,2813"/>
                    <TextEquiv>
                        <Unicode>geadelt</Unicode>
                    </TextEquiv>
                </Word>
                <Word id="tr_1_tl_60_w3" custom="readingOrder {index:2;}">
                    <Coords points="1317,2810 1317,2870 1446,2870 1446,2810"/>
                    <TextEquiv>
                        <Unicode>werde.“</Unicode>
                    </TextEquiv>
                </Word>
                <TextEquiv>
                    <Unicode>Geist geadelt werde.“</Unicode>
                </TextEquiv>
            </TextLine>
            <TextLine id="tr_1_tl_61" custom="readingOrder {index:60;}">
                <Coords points="1171,2921 2108,2916 2240,2904 2242,2847 1172,2867"/>
                <Baseline points="1179,2904 1232,2901 1285,2901 1338,2901 1392,2901 1445,2901 1498,2901 1551,2899 1605,2898 1658,2901 1711,2898 1764,2900 1818,2898 1871,2898 1924,2898 1977,2895 2031,2898 2084,2899 2137,2899 2190,2896 2244,2898"/>
                <Word id="tr_1_tl_61_w1" custom="readingOrder {index:0;}">
                    <Coords points="1166,2863 1166,2923 1200,2923 1200,2863"/>
                    <TextEquiv>
                        <Unicode>In</Unicode>
                    </TextEquiv>
                </Word>
                <Word id="tr_1_tl_61_w2" custom="readingOrder {index:1;}">
                    <Coords points="1235,2861 1235,2921 1316,2921 1316,2861"/>
                    <TextEquiv>
                        <Unicode>einem</Unicode>
                    </TextEquiv>
                </Word>
                <Word id="tr_1_tl_61_w3" custom="readingOrder {index:2;}">
                    <Coords points="1362,2861 1362,2921 1471,2921 1471,2861"/>
                    <TextEquiv>
                        <Unicode>Briefe</Unicode>
                    </TextEquiv>
                </Word>
                <Word id="tr_1_tl_61_w4" custom="readingOrder {index:3;}">
                    <Coords points="1501,2860 1501,2920 1535,2920 1535,2860"/>
                    <TextEquiv>
                        <Unicode>an</Unicode>
                    </TextEquiv>
                </Word>
                <Word id="tr_1_tl_61_w5" custom="readingOrder {index:4;}">
                    <Coords points="1570,2858 1570,2918 1656,2918 1656,2858"/>
                    <TextEquiv>
                        <Unicode>mich,</Unicode>
                    </TextEquiv>
                </Word>
                <Word id="tr_1_tl_61_w6" custom="readingOrder {index:5;}">
                    <Coords points="1680,2858 1680,2918 1731,2918 1731,2858"/>
                    <TextEquiv>
                        <Unicode>der</Unicode>
                    </TextEquiv>
                </Word>
                <Word id="tr_1_tl_61_w7" custom="readingOrder {index:6;}">
                    <Coords points="1760,2859 1760,2919 1806,2919 1806,2859"/>
                    <TextEquiv>
                        <Unicode>sich</Unicode>
                    </TextEquiv>
                </Word>
                <Word id="tr_1_tl_61_w8" custom="readingOrder {index:7;}">
                    <Coords points="1835,2858 1835,2918 1892,2918 1892,2858"/>
                    <TextEquiv>
                        <Unicode>auf</Unicode>
                    </TextEquiv>
                </Word>
                <Word id="tr_1_tl_61_w9" custom="readingOrder {index:8;}">
                    <Coords points="1916,2855 1916,2915 2014,2915 2014,2855"/>
                    <TextEquiv>
                        <Unicode>meine</Unicode>
                    </TextEquiv>
                </Word>
                <Word id="tr_1_tl_61_w10" custom="readingOrder {index:9;}">
                    <Coords points="2043,2859 2043,2919 2152,2919 2152,2859"/>
                    <TextEquiv>
                        <Unicode>vorhin</Unicode>
                    </TextEquiv>
                </Word>
                <Word id="tr_1_tl_61_w11" custom="readingOrder {index:10;}">
                    <Coords points="2182,2856 2182,2916 2233,2916 2233,2856"/>
                    <TextEquiv>
                        <Unicode>er¬</Unicode>
                    </TextEquiv>
                </Word>
                <TextEquiv>
                    <Unicode>In einem Briefe an mich, der sich auf meine vorhin er¬</Unicode>
                </TextEquiv>
            </TextLine>
            <TextLine id="tr_1_tl_62" custom="readingOrder {index:61;}">
                <Coords points="1047,2954 2245,2963 2228,2900 1047,2907"/>
                <Baseline points="1056,2946 1115,2949 1175,2949 1234,2949 1294,2949 1353,2949 1413,2949 1472,2951 1532,2951 1591,2949 1651,2949 1711,2949 1770,2946 1830,2946 1889,2946 1949,2946 2008,2945 2068,2943 2127,2943 2187,2943 2247,2946"/>
                <Word id="tr_1_tl_62_w1" custom="readingOrder {index:0;}">
                    <Coords points="1053,2909 1053,2969 1177,2969 1177,2909"/>
                    <TextEquiv>
                        <Unicode>wähnte</Unicode>
                    </TextEquiv>
                </Word>
                <Word id="tr_1_tl_62_w2" custom="readingOrder {index:1;}">
                    <Coords points="1204,2909 1204,2969 1393,2969 1393,2909"/>
                    <TextEquiv>
                        <Unicode>Anthologie</Unicode>
                    </TextEquiv>
                </Word>
                <Word id="tr_1_tl_62_w3" custom="readingOrder {index:2;}">
                    <Coords points="1426,2911 1426,2971 1534,2971 1534,2911"/>
                    <TextEquiv>
                        <Unicode>bezog,</Unicode>
                    </TextEquiv>
                </Word>
                <Word id="tr_1_tl_62_w4" custom="readingOrder {index:3;}">
                    <Coords points="1556,2909 1556,2969 1604,2969 1604,2909"/>
                    <TextEquiv>
                        <Unicode>kam</Unicode>
                    </TextEquiv>
                </Word>
                <Word id="tr_1_tl_62_w5" custom="readingOrder {index:4;}">
                    <Coords points="1654,2907 1654,2967 1815,2967 1815,2907"/>
                    <TextEquiv>
                        <Unicode>Schnitzler</Unicode>
                    </TextEquiv>
                </Word>
                <Word id="tr_1_tl_62_w6" custom="readingOrder {index:5;}">
                    <Coords points="1849,2906 1849,2966 1913,2966 1913,2906"/>
                    <TextEquiv>
                        <Unicode>auch</Unicode>
                    </TextEquiv>
                </Word>
                <Word id="tr_1_tl_62_w7" custom="readingOrder {index:6;}">
                    <Coords points="1946,2905 1946,2965 1999,2965 1999,2905"/>
                    <TextEquiv>
                        <Unicode>auf</Unicode>
                    </TextEquiv>
                </Word>
                <Word id="tr_1_tl_62_w8" custom="readingOrder {index:7;}">
                    <Coords points="2027,2903 2027,2963 2102,2963 2102,2903"/>
                    <TextEquiv>
                        <Unicode>diese</Unicode>
                    </TextEquiv>
                </Word>
                <Word id="tr_1_tl_62_w9" custom="readingOrder {index:8;}">
                    <Coords points="2130,2903 2130,2963 2232,2963 2232,2903"/>
                    <TextEquiv>
                        <Unicode>Kritik</Unicode>
                    </TextEquiv>
                </Word>
                <TextEquiv>
                    <Unicode>wähnte Anthologie bezog, kam Schnitzler auch auf diese Kritik</Unicode>
                </TextEquiv>
            </TextLine>
            <TextLine id="tr_1_tl_63" custom="readingOrder {index:62;}">
                <Coords points="1053,3002 2240,3007 2240,2960 2179,2950 1922,2983 1866,2951 1053,2962"/>
                <Baseline points="1062,2996 1121,2996 1180,2996 1239,2996 1298,2996 1357,2996 1416,2996 1475,2996 1534,2996 1593,2996 1653,2994 1712,2996 1771,2996 1830,2993 1889,2993 1948,2993 2007,2993 2066,2990 2125,2990 2184,2990 2244,2996"/>
                <Word id="tr_1_tl_63_w1" custom="readingOrder {index:0;}">
                    <Coords points="1059,2956 1059,3016 1085,3016 1085,2956"/>
                    <TextEquiv>
                        <Unicode>zu</Unicode>
                    </TextEquiv>
                </Word>
                <Word id="tr_1_tl_63_w2" custom="readingOrder {index:1;}">
                    <Coords points="1118,2956 1118,3016 1274,3016 1274,2956"/>
                    <TextEquiv>
                        <Unicode>sprechen,</Unicode>
                    </TextEquiv>
                </Word>
                <Word id="tr_1_tl_63_w3" custom="readingOrder {index:2;}">
                    <Coords points="1296,2956 1296,3016 1339,3016 1339,2956"/>
                    <TextEquiv>
                        <Unicode>die</Unicode>
                    </TextEquiv>
                </Word>
                <Word id="tr_1_tl_63_w4" custom="readingOrder {index:3;}">
                    <Coords points="1367,2956 1367,3016 1523,3016 1523,2956"/>
                    <TextEquiv>
                        <Unicode>übrigens</Unicode>
                    </TextEquiv>
                </Word>
                <Word id="tr_1_tl_63_w5" custom="readingOrder {index:4;}">
                    <Coords points="1573,2955 1573,3015 1658,3015 1658,2955"/>
                    <TextEquiv>
                        <Unicode>nicht</Unicode>
                    </TextEquiv>
                </Word>
                <Word id="tr_1_tl_63_w6" custom="readingOrder {index:5;}">
                    <Coords points="1702,2954 1702,3014 1881,3014 1881,2954"/>
                    <TextEquiv>
                        <Unicode>selbständig</Unicode>
                    </TextEquiv>
                </Word>
                <Word id="tr_1_tl_63_w7" custom="readingOrder {index:6;}">
                    <Coords points="1935,2952 1935,3012 2097,3012 2097,2952"/>
                    <TextEquiv>
                        <Unicode>erschienen</Unicode>
                    </TextEquiv>
                </Word>
                <Word id="tr_1_tl_63_w8" custom="readingOrder {index:7;}">
                    <Coords points="2157,2951 2157,3011 2237,3011 2237,2951"/>
                    <TextEquiv>
                        <Unicode>war,</Unicode>
                    </TextEquiv>
                </Word>
                <TextEquiv>
                    <Unicode>zu sprechen, die übrigens nicht selbständig erschienen war,</Unicode>
                </TextEquiv>
            </TextLine>
            <TextLine id="tr_1_tl_64" custom="readingOrder {index:63;}">
                <Coords points="1062,3058 2195,3073 2244,3008 1064,3008"/>
                <Baseline points="1071,3047 1129,3044 1188,3044 1247,3044 1306,3044 1365,3044 1423,3044 1482,3044 1541,3044 1600,3044 1659,3044 1717,3047 1776,3044 1835,3042 1894,3041 1953,3044 2011,3042 2070,3041 2129,3040 2188,3040 2247,3044"/>
                <Word id="tr_1_tl_64_w1" custom="readingOrder {index:0;}">
                    <Coords points="1062,3004 1062,3064 1181,3064 1181,3004"/>
                    <TextEquiv>
                        <Unicode>sondern</Unicode>
                    </TextEquiv>
                </Word>
                <Word id="tr_1_tl_64_w2" custom="readingOrder {index:1;}">
                    <Coords points="1208,3004 1208,3064 1235,3064 1235,3004"/>
                    <TextEquiv>
                        <Unicode>in</Unicode>
                    </TextEquiv>
                </Word>
                <Word id="tr_1_tl_64_w3" custom="readingOrder {index:2;}">
                    <Coords points="1262,3004 1262,3064 1343,3064 1343,3004"/>
                    <TextEquiv>
                        <Unicode>einer</Unicode>
                    </TextEquiv>
                </Word>
                <Word id="tr_1_tl_64_w4" custom="readingOrder {index:3;}">
                    <Coords points="1365,3004 1365,3064 1575,3064 1575,3004"/>
                    <TextEquiv>
                        <Unicode>Artikelserie,</Unicode>
                    </TextEquiv>
                </Word>
                <Word id="tr_1_tl_64_w5" custom="readingOrder {index:4;}">
                    <Coords points="1587,3004 1587,3064 1706,3064 1706,3004"/>
                    <TextEquiv>
                        <Unicode>betitelt</Unicode>
                    </TextEquiv>
                </Word>
                <Word id="tr_1_tl_64_w6" custom="readingOrder {index:5;}">
                    <Coords points="1723,3001 1723,3061 1960,3061 1960,3001"/>
                    <TextEquiv>
                        <Unicode>„Jung=Wien"</Unicode>
                    </TextEquiv>
                </Word>
                <Word id="tr_1_tl_64_w7" custom="readingOrder {index:6;}">
                    <Coords points="1982,3000 1982,3060 2236,3060 2236,3000"/>
                    <TextEquiv>
                        <Unicode>(„Norddeutsche</Unicode>
                    </TextEquiv>
                </Word>
                <TextEquiv>
                    <Unicode>sondern in einer Artikelserie, betitelt „Jung=Wien" („Norddeutsche</Unicode>
                </TextEquiv>
            </TextLine>
            <TextLine id="tr_1_tl_65" custom="readingOrder {index:64;}">
                <Coords points="1062,3108 1687,3114 1675,3052 1062,3058"/>
                <Baseline points="1071,3092 1101,3092 1132,3092 1163,3092 1194,3094 1225,3095 1256,3095 1287,3093 1318,3092 1349,3092 1380,3092 1410,3095 1441,3096 1472,3092 1503,3092 1534,3093 1565,3095 1596,3093 1627,3091 1658,3089 1689,3092"/>
                <Word id="tr_1_tl_65_w1" custom="readingOrder {index:0;}">
                    <Coords points="1063,3052 1063,3112 1243,3112 1243,3052"/>
                    <TextEquiv>
                        <Unicode>Allgemeine</Unicode>
                    </TextEquiv>
                </Word>
                <Word id="tr_1_tl_65_w2" custom="readingOrder {index:1;}">
                    <Coords points="1272,3052 1272,3112 1458,3112 1458,3052"/>
                    <TextEquiv>
                        <Unicode>Zeitung").</Unicode>
                    </TextEquiv>
                </Word>
                <Word id="tr_1_tl_65_w3" custom="readingOrder {index:2;}">
                    <Coords points="1482,3052 1482,3112 1521,3112 1521,3052"/>
                    <TextEquiv>
                        <Unicode>Er</Unicode>
                    </TextEquiv>
                </Word>
                <Word id="tr_1_tl_65_w4" custom="readingOrder {index:3;}">
                    <Coords points="1545,3052 1545,3112 1678,3112 1678,3052"/>
                    <TextEquiv>
                        <Unicode>schrieb:</Unicode>
                    </TextEquiv>
                </Word>
                <TextEquiv>
                    <Unicode>Allgemeine Zeitung"). Er schrieb:</Unicode>
                </TextEquiv>
            </TextLine>
            <TextLine id="tr_1_tl_66" custom="readingOrder {index:65;}">
                <Coords points="1239,3162 2250,3144 2237,3088 1839,3125 1239,3103"/>
                <Baseline points="1247,3152 1297,3149 1347,3147 1397,3146 1448,3146 1498,3146 1548,3145 1599,3143 1649,3143 1699,3143 1750,3143 1800,3143 1850,3143 1900,3143 1951,3143 2001,3142 2051,3141 2102,3139 2152,3137 2202,3140 2253,3140"/>
                <Word id="tr_1_tl_66_w1" custom="readingOrder {index:0;}">
                    <Coords points="1244,3106 1244,3166 1474,3166 1474,3106"/>
                    <TextEquiv>
                        <Unicode>„Insbesondere</Unicode>
                    </TextEquiv>
                </Word>
                <Word id="tr_1_tl_66_w2" custom="readingOrder {index:1;}">
                    <Coords points="1510,3105 1510,3165 1570,3165 1570,3105"/>
                    <TextEquiv>
                        <Unicode>was</Unicode>
                    </TextEquiv>
                </Word>
                <Word id="tr_1_tl_66_w3" custom="readingOrder {index:2;}">
                    <Coords points="1595,3103 1595,3163 1645,3163 1645,3103"/>
                    <TextEquiv>
                        <Unicode>Sic</Unicode>
                    </TextEquiv>
                </Word>
                <Word id="tr_1_tl_66_w4" custom="readingOrder {index:3;}">
                    <Coords points="1676,3103 1676,3163 1741,3163 1741,3103"/>
                    <TextEquiv>
                        <Unicode>über</Unicode>
                    </TextEquiv>
                </Word>
                <Word id="tr_1_tl_66_w5" custom="readingOrder {index:4;}">
                    <Coords points="1766,3103 1766,3163 1811,3163 1811,3103"/>
                    <TextEquiv>
                        <Unicode>den</Unicode>
                    </TextEquiv>
                </Word>
                <Word id="tr_1_tl_66_w6" custom="readingOrder {index:5;}">
                    <Coords points="1842,3103 1842,3163 1982,3163 1982,3103"/>
                    <TextEquiv>
                        <Unicode>„Reigen"</Unicode>
                    </TextEquiv>
                </Word>
                <Word id="tr_1_tl_66_w7" custom="readingOrder {index:6;}">
                    <Coords points="2013,3101 2013,3161 2087,3161 2087,3101"/>
                    <TextEquiv>
                        <Unicode>sagen</Unicode>
                    </TextEquiv>
                </Word>
                <Word id="tr_1_tl_66_w8" custom="readingOrder {index:7;}">
                    <Coords points="2118,3098 2118,3158 2128,3158 2128,3098"/>
                    <TextEquiv>
                        <Unicode>—</Unicode>
                    </TextEquiv>
                </Word>
                <Word id="tr_1_tl_66_w9" custom="readingOrder {index:8;}">
                    <Coords points="2178,3100 2178,3160 2228,3160 2228,3100"/>
                    <TextEquiv>
                        <Unicode>von</Unicode>
                    </TextEquiv>
                </Word>
                <TextEquiv>
                    <Unicode>„Insbesondere was Sic über den „Reigen" sagen — von</Unicode>
                </TextEquiv>
            </TextLine>
            <TextLine id="tr_1_tl_67" custom="readingOrder {index:66;}">
                <Coords points="1129,3177 2239,3188 2218,3143 1130,3150"/>
                <Baseline points="1137,3175 1192,3186 1247,3185 1303,3185 1358,3184 1413,3184 1469,3184 1524,3184 1579,3184 1635,3184 1690,3182 1745,3184 1801,3181 1856,3181 1911,3181 1967,3181 2022,3181 2077,3181 2133,3180 2188,3178 2244,3175"/>
                <Word id="tr_1_tl_67_w1" custom="readingOrder {index:0;}">
                    <Coords points="1128,3142 1128,3202 1218,3202 1218,3142"/>
                    <TextEquiv>
                        <Unicode>Ihrer</Unicode>
                    </TextEquiv>
                </Word>
                <Word id="tr_1_tl_67_w2" custom="readingOrder {index:1;}">
                    <Coords points="1248,3144 1248,3204 1525,3204 1525,3144"/>
                    <TextEquiv>
                        <Unicode>liebenswürdigen,</Unicode>
                    </TextEquiv>
                </Word>
                <Word id="tr_1_tl_67_w3" custom="readingOrder {index:2;}">
                    <Coords points="1550,3144 1550,3204 1659,3204 1659,3144"/>
                    <TextEquiv>
                        <Unicode>meiner</Unicode>
                    </TextEquiv>
                </Word>
                <Word id="tr_1_tl_67_w4" custom="readingOrder {index:3;}">
                    <Coords points="1688,3143 1688,3203 1798,3203 1798,3143"/>
                    <TextEquiv>
                        <Unicode>eigenen</Unicode>
                    </TextEquiv>
                </Word>
                <Word id="tr_1_tl_67_w5" custom="readingOrder {index:4;}">
                    <Coords points="1837,3141 1837,3201 2033,3201 2033,3141"/>
                    <TextEquiv>
                        <Unicode>Empfindung</Unicode>
                    </TextEquiv>
                </Word>
                <Word id="tr_1_tl_67_w6" custom="readingOrder {index:5;}">
                    <Coords points="2067,3140 2067,3200 2129,3200 2129,3140"/>
                    <TextEquiv>
                        <Unicode>nach</Unicode>
                    </TextEquiv>
                </Word>
                <Word id="tr_1_tl_67_w7" custom="readingOrder {index:6;}">
                    <Coords points="2163,3137 2163,3197 2234,3197 2234,3137"/>
                    <TextEquiv>
                        <Unicode>nicht</Unicode>
                    </TextEquiv>
                </Word>
                <TextEquiv>
                    <Unicode>Ihrer liebenswürdigen, meiner eigenen Empfindung nach nicht</Unicode>
                </TextEquiv>
            </TextLine>
            <TextLine id="tr_1_tl_68" custom="readingOrder {index:67;}">
                <Coords points="1135,3235 2244,3223 2244,3188 2156,3177 1136,3208"/>
                <Baseline points="1143,3226 1198,3223 1253,3223 1308,3223 1363,3223 1419,3223 1474,3223 1529,3223 1584,3223 1639,3222 1695,3222 1750,3220 1805,3220 1860,3220 1915,3220 1971,3220 2026,3217 2081,3217 2136,3217 2191,3217 2247,3214"/>
                <Word id="tr_1_tl_68_w1" custom="readingOrder {index:0;}">
                    <Coords points="1129,3184 1129,3244 1204,3244 1204,3184"/>
                    <TextEquiv>
                        <Unicode>selten</Unicode>
                    </TextEquiv>
                </Word>
                <Word id="tr_1_tl_68_w2" custom="readingOrder {index:1;}">
                    <Coords points="1240,3183 1240,3243 1266,3243 1266,3183"/>
                    <TextEquiv>
                        <Unicode>zu</Unicode>
                    </TextEquiv>
                </Word>
                <Word id="tr_1_tl_68_w3" custom="readingOrder {index:2;}">
                    <Coords points="1302,3183 1302,3243 1559,3243 1559,3183"/>
                    <TextEquiv>
                        <Unicode>liebenswürdigen</Unicode>
                    </TextEquiv>
                </Word>
                <Word id="tr_1_tl_68_w4" custom="readingOrder {index:3;}">
                    <Coords points="1595,3182 1595,3242 1786,3242 1786,3182"/>
                    <TextEquiv>
                        <Unicode>Beurteilung</Unicode>
                    </TextEquiv>
                </Word>
                <Word id="tr_1_tl_68_w5" custom="readingOrder {index:4;}">
                    <Coords points="1818,3180 1818,3240 1946,3240 1946,3180"/>
                    <TextEquiv>
                        <Unicode>mancher</Unicode>
                    </TextEquiv>
                </Word>
                <Word id="tr_1_tl_68_w6" custom="readingOrder {index:5;}">
                    <Coords points="1977,3177 1977,3237 2084,3237 2084,3177"/>
                    <TextEquiv>
                        <Unicode>meiner</Unicode>
                    </TextEquiv>
                </Word>
                <Word id="tr_1_tl_68_w7" custom="readingOrder {index:6;}">
                    <Coords points="2115,3177 2115,3237 2235,3237 2235,3177"/>
                    <TextEquiv>
                        <Unicode>anderen</Unicode>
                    </TextEquiv>
                </Word>
                <TextEquiv>
                    <Unicode>selten zu liebenswürdigen Beurteilung mancher meiner anderen</Unicode>
                </TextEquiv>
            </TextLine>
            <TextLine id="tr_1_tl_69" custom="readingOrder {index:68;}">
                <Coords points="1132,3265 2239,3268 2230,3220 1132,3238"/>
                <Baseline points="1140,3259 1195,3262 1250,3262 1305,3265 1360,3262 1415,3260 1470,3261 1525,3259 1580,3262 1635,3261 1690,3261 1745,3259 1800,3259 1855,3259 1910,3259 1965,3259 2020,3259 2075,3256 2130,3256 2185,3256 2241,3253"/>
                <Word id="tr_1_tl_69_w1" custom="readingOrder {index:0;}">
                    <Coords points="1126,3221 1126,3281 1261,3281 1261,3221"/>
                    <TextEquiv>
                        <Unicode>Schriften</Unicode>
                    </TextEquiv>
                </Word>
                <Word id="tr_1_tl_69_w2" custom="readingOrder {index:1;}">
                    <Coords points="1295,3223 1295,3283 1368,3283 1368,3223"/>
                    <TextEquiv>
                        <Unicode>ganz</Unicode>
                    </TextEquiv>
                </Word>
                <Word id="tr_1_tl_69_w3" custom="readingOrder {index:2;}">
                    <Coords points="1397,3220 1397,3280 1425,3280 1425,3220"/>
                    <TextEquiv>
                        <Unicode>zu</Unicode>
                    </TextEquiv>
                </Word>
                <Word id="tr_1_tl_69_w4" custom="readingOrder {index:3;}">
                    <Coords points="1460,3219 1460,3279 1605,3279 1605,3219"/>
                    <TextEquiv>
                        <Unicode>schweigen</Unicode>
                    </TextEquiv>
                </Word>
                <Word id="tr_1_tl_69_w5" custom="readingOrder {index:4;}">
                    <Coords points="1639,3221 1639,3281 1691,3281 1691,3221"/>
                    <TextEquiv>
                        <Unicode>—,</Unicode>
                    </TextEquiv>
                </Word>
                <Word id="tr_1_tl_69_w6" custom="readingOrder {index:5;}">
                    <Coords points="1711,3219 1711,3279 1764,3279 1764,3219"/>
                    <TextEquiv>
                        <Unicode>hat</Unicode>
                    </TextEquiv>
                </Word>
                <Word id="tr_1_tl_69_w7" custom="readingOrder {index:6;}">
                    <Coords points="1793,3219 1793,3279 1856,3279 1856,3219"/>
                    <TextEquiv>
                        <Unicode>mich</Unicode>
                    </TextEquiv>
                </Word>
                <Word id="tr_1_tl_69_w8" custom="readingOrder {index:7;}">
                    <Coords points="1890,3219 1890,3279 1962,3279 1962,3219"/>
                    <TextEquiv>
                        <Unicode>ganz</Unicode>
                    </TextEquiv>
                </Word>
                <Word id="tr_1_tl_69_w9" custom="readingOrder {index:8;}">
                    <Coords points="1992,3216 1992,3276 2233,3276 2233,3216"/>
                    <TextEquiv>
                        <Unicode>(lußerordentlich</Unicode>
                    </TextEquiv>
                </Word>
                <TextEquiv>
                    <Unicode>Schriften ganz zu schweigen —, hat mich ganz (lußerordentlich</Unicode>
                </TextEquiv>
            </TextLine>
            <TextLine id="tr_1_tl_70" custom="readingOrder {index:69;}">
                <Coords points="1132,3318 2247,3310 2212,3260 1132,3268"/>
                <Baseline points="1140,3301 1195,3300 1251,3300 1306,3301 1362,3301 1417,3298 1473,3298 1528,3298 1584,3298 1639,3298 1695,3298 1750,3298 1806,3295 1861,3298 1917,3298 1972,3296 2028,3295 2083,3295 2139,3295 2194,3295 2250,3298"/>
                <Word id="tr_1_tl_70_w1" custom="readingOrder {index:0;}">
                    <Coords points="1131,3260 1131,3320 1244,3320 1244,3260"/>
                    <TextEquiv>
                        <Unicode>gefreut</Unicode>
                    </TextEquiv>
                </Word>
                <Word id="tr_1_tl_70_w2" custom="readingOrder {index:1;}">
                    <Coords points="1260,3260 1260,3320 1308,3320 1308,3260"/>
                    <TextEquiv>
                        <Unicode>...</Unicode>
                    </TextEquiv>
                </Word>
                <Word id="tr_1_tl_70_w3" custom="readingOrder {index:2;}">
                    <Coords points="1329,3261 1329,3321 1382,3321 1382,3261"/>
                    <TextEquiv>
                        <Unicode>Die</Unicode>
                    </TextEquiv>
                </Word>
                <Word id="tr_1_tl_70_w4" custom="readingOrder {index:3;}">
                    <Coords points="1403,3258 1403,3318 1565,3318 1565,3258"/>
                    <TextEquiv>
                        <Unicode>Keuschheit</Unicode>
                    </TextEquiv>
                </Word>
                <Word id="tr_1_tl_70_w5" custom="readingOrder {index:4;}">
                    <Coords points="1585,3258 1585,3318 1629,3318 1629,3258"/>
                    <TextEquiv>
                        <Unicode>des</Unicode>
                    </TextEquiv>
                </Word>
                <Word id="tr_1_tl_70_w6" custom="readingOrder {index:5;}">
                    <Coords points="1654,3258 1654,3318 1723,3318 1723,3258"/>
                    <TextEquiv>
                        <Unicode>....</Unicode>
                    </TextEquiv>
                </Word>
                <Word id="tr_1_tl_70_w7" custom="readingOrder {index:6;}">
                    <Coords points="1738,3255 1738,3315 1851,3315 1851,3255"/>
                    <TextEquiv>
                        <Unicode>Blattes</Unicode>
                    </TextEquiv>
                </Word>
                <Word id="tr_1_tl_70_w8" custom="readingOrder {index:7;}">
                    <Coords points="1881,3258 1881,3318 1940,3318 1940,3258"/>
                    <TextEquiv>
                        <Unicode>(das</Unicode>
                    </TextEquiv>
                </Word>
                <Word id="tr_1_tl_70_w9" custom="readingOrder {index:8;}">
                    <Coords points="1965,3255 1965,3315 2024,3315 2024,3255"/>
                    <TextEquiv>
                        <Unicode>eine</Unicode>
                    </TextEquiv>
                </Word>
                <Word id="tr_1_tl_70_w10" custom="readingOrder {index:9;}">
                    <Coords points="2044,3255 2044,3315 2236,3315 2236,3255"/>
                    <TextEquiv>
                        <Unicode>Besprechung</Unicode>
                    </TextEquiv>
                </Word>
                <TextEquiv>
                    <Unicode>gefreut ... Die Keuschheit des .... Blattes (das eine Besprechung</Unicode>
                </TextEquiv>
            </TextLine>
            <TextLine id="tr_1_tl_71" custom="readingOrder {index:70;}">
                <Coords points="1126,3352 2228,3340 2228,3303 2117,3297 1126,3321"/>
                <Baseline points="1134,3337 1188,3337 1243,3337 1298,3340 1353,3339 1408,3337 1463,3337 1518,3340 1573,3337 1628,3335 1683,3336 1737,3337 1792,3334 1847,3335 1902,3335 1957,3334 2012,3334 2067,3334 2122,3334 2177,3332 2232,3328"/>
                <Word id="tr_1_tl_71_w1" custom="readingOrder {index:0;}">
                    <Coords points="1125,3297 1125,3357 1168,3357 1168,3297"/>
                    <TextEquiv>
                        <Unicode>des</Unicode>
                    </TextEquiv>
                </Word>
                <Word id="tr_1_tl_71_w2" custom="readingOrder {index:1;}">
                    <Coords points="1193,3297 1193,3357 1318,3357 1318,3297"/>
                    <TextEquiv>
                        <Unicode>Buches,</Unicode>
                    </TextEquiv>
                </Word>
                <Word id="tr_1_tl_71_w3" custom="readingOrder {index:2;}">
                    <Coords points="1357,3298 1357,3358 1400,3358 1400,3298"/>
                    <TextEquiv>
                        <Unicode>die</Unicode>
                    </TextEquiv>
                </Word>
                <Word id="tr_1_tl_71_w4" custom="readingOrder {index:3;}">
                    <Coords points="1425,3297 1425,3357 1463,3357 1463,3297"/>
                    <TextEquiv>
                        <Unicode>ich</Unicode>
                    </TextEquiv>
                </Word>
                <Word id="tr_1_tl_71_w5" custom="readingOrder {index:4;}">
                    <Coords points="1493,3299 1493,3359 1536,3359 1536,3299"/>
                    <TextEquiv>
                        <Unicode>ihm</Unicode>
                    </TextEquiv>
                </Word>
                <Word id="tr_1_tl_71_w6" custom="readingOrder {index:5;}">
                    <Coords points="1575,3295 1575,3355 1753,3355 1753,3295"/>
                    <TextEquiv>
                        <Unicode>angeboten,</Unicode>
                    </TextEquiv>
                </Word>
                <Word id="tr_1_tl_71_w7" custom="readingOrder {index:6;}">
                    <Coords points="1792,3294 1792,3354 1859,3354 1859,3294"/>
                    <TextEquiv>
                        <Unicode>trotz</Unicode>
                    </TextEquiv>
                </Word>
                <Word id="tr_1_tl_71_w8" custom="readingOrder {index:7;}">
                    <Coords points="1880,3294 1880,3354 1966,3354 1966,3294"/>
                    <TextEquiv>
                        <Unicode>seines</Unicode>
                    </TextEquiv>
                </Word>
                <Word id="tr_1_tl_71_w9" custom="readingOrder {index:8;}">
                    <Coords points="1995,3294 1995,3354 2043,3354 2043,3294"/>
                    <TextEquiv>
                        <Unicode>zur</Unicode>
                    </TextEquiv>
                </Word>
                <Word id="tr_1_tl_71_w10" custom="readingOrder {index:9;}">
                    <Coords points="2073,3294 2073,3354 2159,3354 2159,3294"/>
                    <TextEquiv>
                        <Unicode>Schau</Unicode>
                    </TextEquiv>
                </Word>
                <Word id="tr_1_tl_71_w11" custom="readingOrder {index:10;}">
                    <Coords points="2193,3289 2193,3349 2222,3349 2222,3289"/>
                    <TextEquiv>
                        <Unicode>ge</Unicode>
                    </TextEquiv>
                </Word>
                <TextEquiv>
                    <Unicode>des Buches, die ich ihm angeboten, trotz seines zur Schau ge</Unicode>
                </TextEquiv>
            </TextLine>
            <TextLine id="tr_1_tl_72" custom="readingOrder {index:71;}">
                <Coords points="1135,3384 1883,3371 1927,3408 2037,3377 2244,3414 2244,3336 1135,3346"/>
                <Baseline points="1143,3375 1198,3375 1253,3375 1308,3378 1363,3377 1419,3375 1474,3375 1529,3375 1584,3374 1639,3372 1695,3374 1750,3375 1805,3372 1860,3372 1915,3372 1971,3372 2026,3372 2081,3372 2136,3372 2191,3370 2247,3366"/>
                <Word id="tr_1_tl_72_w1" custom="readingOrder {index:0;}">
                    <Coords points="1130,3335 1130,3395 1260,3395 1260,3335"/>
                    <TextEquiv>
                        <Unicode>tragenen</Unicode>
                    </TextEquiv>
                </Word>
                <Word id="tr_1_tl_72_w2" custom="readingOrder {index:1;}">
                    <Coords points="1315,3335 1315,3395 1505,3395 1505,3335"/>
                    <TextEquiv>
                        <Unicode>„Freistaus"</Unicode>
                    </TextEquiv>
                </Word>
                <Word id="tr_1_tl_72_w3" custom="readingOrder {index:2;}">
                    <Coords points="1555,3334 1555,3394 1609,3394 1609,3334"/>
                    <TextEquiv>
                        <Unicode>aus</Unicode>
                    </TextEquiv>
                </Word>
                <Word id="tr_1_tl_72_w4" custom="readingOrder {index:3;}">
                    <Coords points="1642,3334 1642,3394 1778,3394 1778,3334"/>
                    <TextEquiv>
                        <Unicode>Gründen</Unicode>
                    </TextEquiv>
                </Word>
                <Word id="tr_1_tl_72_w5" custom="readingOrder {index:4;}">
                    <Coords points="1812,3332 1812,3392 1854,3392 1854,3332"/>
                    <TextEquiv>
                        <Unicode>der</Unicode>
                    </TextEquiv>
                </Word>
                <Word id="tr_1_tl_72_w6" custom="readingOrder {index:5;}">
                    <Coords points="1888,3332 1888,3392 2061,3392 2061,3332"/>
                    <TextEquiv>
                        <Unicode>Sittlichkeit</Unicode>
                    </TextEquiv>
                </Word>
                <Word id="tr_1_tl_72_w7" custom="readingOrder {index:6;}">
                    <Coords points="2089,3330 2089,3390 2241,3390 2241,3330"/>
                    <TextEquiv>
                        <Unicode>abgelehnt</Unicode>
                    </TextEquiv>
                </Word>
                <TextEquiv>
                    <Unicode>tragenen „Freistaus" aus Gründen der Sittlichkeit abgelehnt</Unicode>
                </TextEquiv>
            </TextLine>
            <TextLine id="tr_1_tl_73" custom="readingOrder {index:72;}">
                <Coords points="1126,3431 1856,3419 1856,3377 1809,3374 1417,3399 1126,3384"/>
                <Baseline points="1134,3414 1170,3414 1206,3415 1242,3416 1279,3414 1315,3414 1351,3416 1387,3416 1424,3414 1460,3414 1496,3414 1532,3414 1569,3414 1605,3414 1641,3414 1677,3414 1714,3414 1750,3412 1786,3411 1822,3410 1859,3408"/>
                <Word id="tr_1_tl_73_w1" custom="readingOrder {index:0;}">
                    <Coords points="1130,3374 1130,3434 1225,3434 1225,3374"/>
                    <TextEquiv>
                        <Unicode>hatte)</Unicode>
                    </TextEquiv>
                </Word>
                <Word id="tr_1_tl_73_w2" custom="readingOrder {index:1;}">
                    <Coords points="1250,3374 1250,3434 1297,3434 1297,3374"/>
                    <TextEquiv>
                        <Unicode>hat</Unicode>
                    </TextEquiv>
                </Word>
                <Word id="tr_1_tl_73_w3" custom="readingOrder {index:2;}">
                    <Coords points="1327,3376 1327,3436 1389,3436 1389,3376"/>
                    <TextEquiv>
                        <Unicode>mich</Unicode>
                    </TextEquiv>
                </Word>
                <Word id="tr_1_tl_73_w4" custom="readingOrder {index:3;}">
                    <Coords points="1418,3374 1418,3434 1518,3434 1518,3374"/>
                    <TextEquiv>
                        <Unicode>ebenso</Unicode>
                    </TextEquiv>
                </Word>
                <Word id="tr_1_tl_73_w5" custom="readingOrder {index:4;}">
                    <Coords points="1543,3374 1543,3434 1687,3434 1687,3374"/>
                    <TextEquiv>
                        <Unicode>amüsiert</Unicode>
                    </TextEquiv>
                </Word>
                <Word id="tr_1_tl_73_w6" custom="readingOrder {index:5;}">
                    <Coords points="1711,3372 1711,3432 1759,3432 1759,3372"/>
                    <TextEquiv>
                        <Unicode>wie</Unicode>
                    </TextEquiv>
                </Word>
                <Word id="tr_1_tl_73_w7" custom="readingOrder {index:6;}">
                    <Coords points="1788,3370 1788,3430 1855,3430 1855,3370"/>
                    <TextEquiv>
                        <Unicode>Sie.</Unicode>
                    </TextEquiv>
                </Word>
                <TextEquiv>
                    <Unicode>hatte) hat mich ebenso amüsiert wie Sie.</Unicode>
                </TextEquiv>
            </TextLine>
            <TextLine id="tr_1_tl_74" custom="readingOrder {index:73;}">
                <Coords points="1168,3478 2245,3479 2225,3410 1168,3425"/>
                <Baseline points="1176,3462 1229,3465 1283,3465 1336,3465 1390,3467 1443,3468 1497,3465 1550,3465 1604,3465 1657,3465 1711,3465 1765,3462 1818,3462 1872,3462 1925,3462 1979,3462 2032,3459 2086,3462 2139,3462 2193,3460 2247,3462"/>
                <Word id="tr_1_tl_74_w1" custom="readingOrder {index:0;}">
                    <Coords points="1168,3423 1168,3483 1228,3483 1228,3423"/>
                    <TextEquiv>
                        <Unicode>Der</Unicode>
                    </TextEquiv>
                </Word>
                <Word id="tr_1_tl_74_w2" custom="readingOrder {index:1;}">
                    <Coords points="1250,3425 1250,3485 1304,3485 1304,3425"/>
                    <TextEquiv>
                        <Unicode>von</Unicode>
                    </TextEquiv>
                </Word>
                <Word id="tr_1_tl_74_w3" custom="readingOrder {index:2;}">
                    <Coords points="1331,3427 1331,3487 1500,3487 1500,3427"/>
                    <TextEquiv>
                        <Unicode>Schnitzler</Unicode>
                    </TextEquiv>
                </Word>
                <Word id="tr_1_tl_74_w4" custom="readingOrder {index:3;}">
                    <Coords points="1523,3425 1523,3485 1550,3485 1550,3425"/>
                    <TextEquiv>
                        <Unicode>im</Unicode>
                    </TextEquiv>
                </Word>
                <Word id="tr_1_tl_74_w5" custom="readingOrder {index:4;}">
                    <Coords points="1588,3425 1588,3485 1686,3485 1686,3425"/>
                    <TextEquiv>
                        <Unicode>Laufe</Unicode>
                    </TextEquiv>
                </Word>
                <Word id="tr_1_tl_74_w6" custom="readingOrder {index:5;}">
                    <Coords points="1703,3423 1703,3483 1757,3483 1757,3423"/>
                    <TextEquiv>
                        <Unicode>der</Unicode>
                    </TextEquiv>
                </Word>
                <Word id="tr_1_tl_74_w7" custom="readingOrder {index:6;}">
                    <Coords points="1774,3422 1774,3482 1964,3482 1964,3422"/>
                    <TextEquiv>
                        <Unicode>Anthologie</Unicode>
                    </TextEquiv>
                </Word>
                <Word id="tr_1_tl_74_w8" custom="readingOrder {index:7;}">
                    <Coords points="1981,3422 1981,3482 2242,3482 2242,3422"/>
                    <TextEquiv>
                        <Unicode>Korrespondenz</Unicode>
                    </TextEquiv>
                </Word>
                <TextEquiv>
                    <Unicode>Der von Schnitzler im Laufe der Anthologie Korrespondenz</Unicode>
                </TextEquiv>
            </TextLine>
            <TextLine id="tr_1_tl_75" custom="readingOrder {index:74;}">
                <Coords points="1065,3535 2244,3523 2244,3479 2185,3464 1065,3473"/>
                <Baseline points="1074,3522 1132,3516 1191,3516 1249,3514 1308,3513 1367,3516 1425,3516 1484,3516 1543,3515 1601,3513 1660,3513 1719,3513 1777,3513 1836,3511 1895,3510 1953,3510 2012,3510 2071,3510 2129,3510 2188,3510 2247,3507"/>
                <Word id="tr_1_tl_75_w1" custom="readingOrder {index:0;}">
                    <Coords points="1060,3476 1060,3536 1222,3536 1222,3476"/>
                    <TextEquiv>
                        <Unicode>geäußerte</Unicode>
                    </TextEquiv>
                </Word>
                <Word id="tr_1_tl_75_w2" custom="readingOrder {index:1;}">
                    <Coords points="1250,3473 1250,3533 1390,3533 1390,3473"/>
                    <TextEquiv>
                        <Unicode>Wunsch,</Unicode>
                    </TextEquiv>
                </Word>
                <Word id="tr_1_tl_75_w3" custom="readingOrder {index:2;}">
                    <Coords points="1412,3476 1412,3536 1477,3536 1477,3476"/>
                    <TextEquiv>
                        <Unicode>mich</Unicode>
                    </TextEquiv>
                </Word>
                <Word id="tr_1_tl_75_w4" custom="readingOrder {index:3;}">
                    <Coords points="1505,3473 1505,3533 1672,3533 1672,3473"/>
                    <TextEquiv>
                        <Unicode>persönlich</Unicode>
                    </TextEquiv>
                </Word>
                <Word id="tr_1_tl_75_w5" custom="readingOrder {index:4;}">
                    <Coords points="1700,3470 1700,3530 1981,3530 1981,3470"/>
                    <TextEquiv>
                        <Unicode>kennenzulernen,</Unicode>
                    </TextEquiv>
                </Word>
                <Word id="tr_1_tl_75_w6" custom="readingOrder {index:5;}">
                    <Coords points="1998,3470 1998,3530 2057,3530 2057,3470"/>
                    <TextEquiv>
                        <Unicode>wie</Unicode>
                    </TextEquiv>
                </Word>
                <Word id="tr_1_tl_75_w7" custom="readingOrder {index:6;}">
                    <Coords points="2079,3470 2079,3530 2111,3530 2111,3470"/>
                    <TextEquiv>
                        <Unicode>er</Unicode>
                    </TextEquiv>
                </Word>
                <Word id="tr_1_tl_75_w8" custom="readingOrder {index:7;}">
                    <Coords points="2134,3470 2134,3530 2241,3530 2241,3470"/>
                    <TextEquiv>
                        <Unicode>hoffte,</Unicode>
                    </TextEquiv>
                </Word>
                <TextEquiv>
                    <Unicode>geäußerte Wunsch, mich persönlich kennenzulernen, wie er hoffte,</Unicode>
                </TextEquiv>
            </TextLine>
            <TextLine id="tr_1_tl_76" custom="readingOrder {index:75;}">
                <Coords points="1059,3576 2247,3564 2247,3523 1996,3512 1059,3540"/>
                <Baseline points="1068,3563 1127,3563 1186,3565 1245,3563 1304,3563 1363,3562 1422,3560 1481,3562 1540,3563 1599,3563 1659,3561 1718,3560 1777,3560 1836,3560 1895,3560 1954,3559 2013,3558 2072,3558 2131,3558 2190,3556 2250,3552"/>
                <Word id="tr_1_tl_76_w1" custom="readingOrder {index:0;}">
                    <Coords points="1054,3523 1054,3583 1120,3583 1120,3523"/>
                    <TextEquiv>
                        <Unicode>noch</Unicode>
                    </TextEquiv>
                </Word>
                <Word id="tr_1_tl_76_w2" custom="readingOrder {index:1;}">
                    <Coords points="1154,3524 1154,3584 1176,3584 1176,3524"/>
                    <TextEquiv>
                        <Unicode>im</Unicode>
                    </TextEquiv>
                </Word>
                <Word id="tr_1_tl_76_w3" custom="readingOrder {index:2;}">
                    <Coords points="1221,3523 1221,3583 1332,3583 1332,3523"/>
                    <TextEquiv>
                        <Unicode>Herbst</Unicode>
                    </TextEquiv>
                </Word>
                <Word id="tr_1_tl_76_w4" custom="readingOrder {index:3;}">
                    <Coords points="1355,3520 1355,3580 1437,3580 1437,3520"/>
                    <TextEquiv>
                        <Unicode>jenes</Unicode>
                    </TextEquiv>
                </Word>
                <Word id="tr_1_tl_76_w5" custom="readingOrder {index:4;}">
                    <Coords points="1472,3523 1472,3583 1610,3583 1610,3523"/>
                    <TextEquiv>
                        <Unicode>Jahres,</Unicode>
                    </TextEquiv>
                </Word>
                <Word id="tr_1_tl_76_w6" custom="readingOrder {index:5;}">
                    <Coords points="1633,3520 1633,3580 1716,3580 1716,3520"/>
                    <TextEquiv>
                        <Unicode>sollte</Unicode>
                    </TextEquiv>
                </Word>
                <Word id="tr_1_tl_76_w7" custom="readingOrder {index:6;}">
                    <Coords points="1744,3520 1744,3580 1788,3580 1788,3520"/>
                    <TextEquiv>
                        <Unicode>sich</Unicode>
                    </TextEquiv>
                </Word>
                <Word id="tr_1_tl_76_w8" custom="readingOrder {index:7;}">
                    <Coords points="1817,3520 1817,3580 1888,3580 1888,3520"/>
                    <TextEquiv>
                        <Unicode>aber</Unicode>
                    </TextEquiv>
                </Word>
                <Word id="tr_1_tl_76_w9" custom="readingOrder {index:8;}">
                    <Coords points="1917,3518 1917,3578 2055,3578 2055,3518"/>
                    <TextEquiv>
                        <Unicode>zunächst</Unicode>
                    </TextEquiv>
                </Word>
                <Word id="tr_1_tl_76_w10" custom="readingOrder {index:9;}">
                    <Coords points="2084,3518 2084,3578 2161,3578 2161,3518"/>
                    <TextEquiv>
                        <Unicode>nicht</Unicode>
                    </TextEquiv>
                </Word>
                <Word id="tr_1_tl_76_w11" custom="readingOrder {index:10;}">
                    <Coords points="2190,3514 2190,3574 2239,3574 2239,3514"/>
                    <TextEquiv>
                        <Unicode>er¬</Unicode>
                    </TextEquiv>
                </Word>
                <TextEquiv>
                    <Unicode>noch im Herbst jenes Jahres, sollte sich aber zunächst nicht er¬</Unicode>
                </TextEquiv>
            </TextLine>
            <TextLine id="tr_1_tl_77" custom="readingOrder {index:76;}">
                <Coords points="1074,3624 2244,3615 2244,3574 2174,3562 1074,3573"/>
                <Baseline points="1083,3611 1141,3612 1199,3612 1257,3611 1315,3610 1374,3610 1432,3611 1490,3611 1548,3609 1606,3609 1665,3611 1723,3608 1781,3608 1839,3605 1897,3605 1956,3605 2014,3605 2072,3605 2130,3605 2188,3605 2247,3605"/>
                <Word id="tr_1_tl_77_w1" custom="readingOrder {index:0;}">
                    <Coords points="1069,3571 1069,3631 1174,3631 1174,3571"/>
                    <TextEquiv>
                        <Unicode>füllen.</Unicode>
                    </TextEquiv>
                </Word>
                <Word id="tr_1_tl_77_w2" custom="readingOrder {index:1;}">
                    <Coords points="1216,3570 1216,3630 1327,3630 1327,3570"/>
                    <TextEquiv>
                        <Unicode>Meine</Unicode>
                    </TextEquiv>
                </Word>
                <Word id="tr_1_tl_77_w3" custom="readingOrder {index:2;}">
                    <Coords points="1354,3571 1354,3631 1623,3631 1623,3571"/>
                    <TextEquiv>
                        <Unicode>Stellungnahme</Unicode>
                    </TextEquiv>
                </Word>
                <Word id="tr_1_tl_77_w4" custom="readingOrder {index:3;}">
                    <Coords points="1655,3570 1655,3630 1708,3630 1708,3570"/>
                    <TextEquiv>
                        <Unicode>zur</Unicode>
                    </TextEquiv>
                </Word>
                <Word id="tr_1_tl_77_w5" custom="readingOrder {index:4;}">
                    <Coords points="1735,3565 1735,3625 2046,3625 2046,3565"/>
                    <TextEquiv>
                        <Unicode>Sensationsaffäre,</Unicode>
                    </TextEquiv>
                </Word>
                <Word id="tr_1_tl_77_w6" custom="readingOrder {index:5;}">
                    <Coords points="2089,3565 2089,3625 2136,3625 2136,3565"/>
                    <TextEquiv>
                        <Unicode>die</Unicode>
                    </TextEquiv>
                </Word>
                <Word id="tr_1_tl_77_w7" custom="readingOrder {index:6;}">
                    <Coords points="2163,3565 2163,3625 2242,3625 2242,3565"/>
                    <TextEquiv>
                        <Unicode>seine</Unicode>
                    </TextEquiv>
                </Word>
                <TextEquiv>
                    <Unicode>füllen. Meine Stellungnahme zur Sensationsaffäre, die seine</Unicode>
                </TextEquiv>
            </TextLine>
            <TextLine id="tr_1_tl_78" custom="readingOrder {index:77;}">
                <Coords points="1065,3672 2248,3662 2230,3610 2070,3604 1065,3627"/>
                <Baseline points="1074,3659 1132,3662 1191,3660 1250,3662 1309,3659 1368,3659 1426,3657 1485,3659 1544,3656 1603,3656 1662,3659 1720,3659 1779,3656 1838,3656 1897,3656 1956,3655 2014,3653 2073,3653 2132,3653 2191,3653 2250,3653"/>
                <Word id="tr_1_tl_78_w1" custom="readingOrder {index:0;}">
                    <Coords points="1065,3621 1065,3681 1183,3681 1183,3621"/>
                    <TextEquiv>
                        <Unicode>Novelle</Unicode>
                    </TextEquiv>
                </Word>
                <Word id="tr_1_tl_78_w2" custom="readingOrder {index:1;}">
                    <Coords points="1220,3619 1220,3679 1401,3679 1401,3619"/>
                    <TextEquiv>
                        <Unicode>„Leutnant</Unicode>
                    </TextEquiv>
                </Word>
                <Word id="tr_1_tl_78_w3" custom="readingOrder {index:2;}">
                    <Coords points="1428,3618 1428,3678 1551,3678 1551,3618"/>
                    <TextEquiv>
                        <Unicode>Gustel“</Unicode>
                    </TextEquiv>
                </Word>
                <Word id="tr_1_tl_78_w4" custom="readingOrder {index:3;}">
                    <Coords points="1588,3616 1588,3676 1655,3676 1655,3616"/>
                    <TextEquiv>
                        <Unicode>bald</Unicode>
                    </TextEquiv>
                </Word>
                <Word id="tr_1_tl_78_w5" custom="readingOrder {index:4;}">
                    <Coords points="1692,3617 1692,3677 1805,3677 1805,3617"/>
                    <TextEquiv>
                        <Unicode>darauf</Unicode>
                    </TextEquiv>
                </Word>
                <Word id="tr_1_tl_78_w6" custom="readingOrder {index:5;}">
                    <Coords points="1832,3615 1832,3675 2023,3675 2023,3615"/>
                    <TextEquiv>
                        <Unicode>verursachte</Unicode>
                    </TextEquiv>
                </Word>
                <Word id="tr_1_tl_78_w7" custom="readingOrder {index:6;}">
                    <Coords points="2060,3613 2060,3673 2127,3673 2127,3613"/>
                    <TextEquiv>
                        <Unicode>(und</Unicode>
                    </TextEquiv>
                </Word>
                <Word id="tr_1_tl_78_w8" custom="readingOrder {index:7;}">
                    <Coords points="2164,3613 2164,3673 2241,3673 2241,3613"/>
                    <TextEquiv>
                        <Unicode>über</Unicode>
                    </TextEquiv>
                </Word>
                <TextEquiv>
                    <Unicode>Novelle „Leutnant Gustel“ bald darauf verursachte (und über</Unicode>
                </TextEquiv>
            </TextLine>
            <TextLine id="tr_1_tl_79" custom="readingOrder {index:78;}">
                <Coords points="1062,3713 2247,3715 2247,3659 1062,3675"/>
                <Baseline points="1071,3707 1133,3710 1195,3710 1257,3710 1319,3707 1381,3707 1443,3707 1505,3707 1567,3707 1629,3710 1691,3708 1753,3704 1815,3704 1877,3704 1939,3704 2001,3704 2063,3702 2125,3701 2187,3701 2250,3698"/>
                <Word id="tr_1_tl_79_w1" custom="readingOrder {index:0;}">
                    <Coords points="1062,3667 1062,3727 1104,3727 1104,3667"/>
                    <TextEquiv>
                        <Unicode>die</Unicode>
                    </TextEquiv>
                </Word>
                <Word id="tr_1_tl_79_w2" custom="readingOrder {index:1;}">
                    <Coords points="1131,3670 1131,3730 1173,3730 1173,3670"/>
                    <TextEquiv>
                        <Unicode>ich</Unicode>
                    </TextEquiv>
                </Word>
                <Word id="tr_1_tl_79_w3" custom="readingOrder {index:2;}">
                    <Coords points="1206,3670 1206,3730 1275,3730 1275,3670"/>
                    <TextEquiv>
                        <Unicode>nach</Unicode>
                    </TextEquiv>
                </Word>
                <Word id="tr_1_tl_79_w4" custom="readingOrder {index:3;}">
                    <Coords points="1307,3667 1307,3727 1402,3727 1402,3667"/>
                    <TextEquiv>
                        <Unicode>seinem</Unicode>
                    </TextEquiv>
                </Word>
                <Word id="tr_1_tl_79_w5" custom="readingOrder {index:4;}">
                    <Coords points="1445,3667 1445,3727 1530,3727 1530,3667"/>
                    <TextEquiv>
                        <Unicode>Tode</Unicode>
                    </TextEquiv>
                </Word>
                <Word id="tr_1_tl_79_w6" custom="readingOrder {index:5;}">
                    <Coords points="1563,3667 1563,3727 1589,3727 1589,3667"/>
                    <TextEquiv>
                        <Unicode>im</Unicode>
                    </TextEquiv>
                </Word>
                <Word id="tr_1_tl_79_w7" custom="readingOrder {index:6;}">
                    <Coords points="1659,3666 1659,3726 1781,3726 1781,3666"/>
                    <TextEquiv>
                        <Unicode>„Neuen</Unicode>
                    </TextEquiv>
                </Word>
                <Word id="tr_1_tl_79_w8" custom="readingOrder {index:7;}">
                    <Coords points="1819,3664 1819,3724 1941,3724 1941,3664"/>
                    <TextEquiv>
                        <Unicode>Wiener</Unicode>
                    </TextEquiv>
                </Word>
                <Word id="tr_1_tl_79_w9" custom="readingOrder {index:8;}">
                    <Coords points="1968,3662 1968,3722 2138,3722 2138,3662"/>
                    <TextEquiv>
                        <Unicode>Journal"</Unicode>
                    </TextEquiv>
                </Word>
                <Word id="tr_1_tl_79_w10" custom="readingOrder {index:9;}">
                    <Coords points="2171,3659 2171,3719 2250,3719 2250,3659"/>
                    <TextEquiv>
                        <Unicode>zwei</Unicode>
                    </TextEquiv>
                </Word>
                <TextEquiv>
                    <Unicode>die ich nach seinem Tode im „Neuen Wiener Journal" zwei</Unicode>
                </TextEquiv>
            </TextLine>
            <TextLine id="tr_1_tl_80" custom="readingOrder {index:79;}">
                <Coords points="1065,3769 2234,3758 2234,3719 2150,3705 1065,3722"/>
                <Baseline points="1074,3758 1132,3758 1190,3758 1248,3755 1306,3755 1365,3755 1423,3755 1481,3755 1539,3755 1597,3753 1656,3752 1714,3754 1772,3752 1830,3752 1888,3755 1947,3754 2005,3752 2063,3752 2121,3749 2179,3749 2238,3752"/>
                <Word id="tr_1_tl_80_w1" custom="readingOrder {index:0;}">
                    <Coords points="1060,3718 1060,3778 1256,3778 1256,3718"/>
                    <TextEquiv>
                        <Unicode>interessante</Unicode>
                    </TextEquiv>
                </Word>
                <Word id="tr_1_tl_80_w2" custom="readingOrder {index:1;}">
                    <Coords points="1289,3715 1289,3775 1400,3775 1400,3715"/>
                    <TextEquiv>
                        <Unicode>Briefe</Unicode>
                    </TextEquiv>
                </Word>
                <Word id="tr_1_tl_80_w3" custom="readingOrder {index:2;}">
                    <Coords points="1433,3715 1433,3775 1619,3775 1619,3715"/>
                    <TextEquiv>
                        <Unicode>Schnitzlers</Unicode>
                    </TextEquiv>
                </Word>
                <Word id="tr_1_tl_80_w4" custom="readingOrder {index:3;}">
                    <Coords points="1651,3712 1651,3772 1885,3772 1885,3712"/>
                    <TextEquiv>
                        <Unicode>veröffentlicht</Unicode>
                    </TextEquiv>
                </Word>
                <Word id="tr_1_tl_80_w5" custom="readingOrder {index:4;}">
                    <Coords points="1913,3713 1913,3773 2018,3773 2018,3713"/>
                    <TextEquiv>
                        <Unicode>habe),</Unicode>
                    </TextEquiv>
                </Word>
                <Word id="tr_1_tl_80_w6" custom="readingOrder {index:5;}">
                    <Coords points="2046,3711 2046,3771 2099,3771 2099,3711"/>
                    <TextEquiv>
                        <Unicode>hat</Unicode>
                    </TextEquiv>
                </Word>
                <Word id="tr_1_tl_80_w7" custom="readingOrder {index:6;}">
                    <Coords points="2131,3709 2131,3769 2226,3769 2226,3709"/>
                    <TextEquiv>
                        <Unicode>seinen</Unicode>
                    </TextEquiv>
                </Word>
                <TextEquiv>
                    <Unicode>interessante Briefe Schnitzlers veröffentlicht habe), hat seinen</Unicode>
                </TextEquiv>
            </TextLine>
            <TextLine id="tr_1_tl_81" custom="readingOrder {index:80;}">
                <Coords points="1068,3825 2251,3801 2206,3755 1068,3766"/>
                <Baseline points="1077,3808 1135,3805 1194,3805 1253,3805 1312,3805 1371,3805 1429,3803 1488,3802 1547,3802 1606,3802 1665,3802 1723,3802 1782,3802 1841,3802 1900,3805 1959,3801 2017,3797 2076,3796 2135,3798 2194,3796 2253,3793"/>
                <Word id="tr_1_tl_81_w1" custom="readingOrder {index:0;}">
                    <Coords points="1068,3765 1068,3825 1207,3825 1207,3765"/>
                    <TextEquiv>
                        <Unicode>Wunsch,</Unicode>
                    </TextEquiv>
                </Word>
                <Word id="tr_1_tl_81_w2" custom="readingOrder {index:1;}">
                    <Coords points="1249,3765 1249,3825 1321,3825 1321,3765"/>
                    <TextEquiv>
                        <Unicode>mich</Unicode>
                    </TextEquiv>
                </Word>
                <Word id="tr_1_tl_81_w3" custom="readingOrder {index:2;}">
                    <Coords points="1353,3762 1353,3822 1518,3822 1518,3762"/>
                    <TextEquiv>
                        <Unicode>persönlich</Unicode>
                    </TextEquiv>
                </Word>
                <Word id="tr_1_tl_81_w4" custom="readingOrder {index:3;}">
                    <Coords points="1576,3762 1576,3822 1860,3822 1860,3762"/>
                    <TextEquiv>
                        <Unicode>kennenzulernen,</Unicode>
                    </TextEquiv>
                </Word>
                <Word id="tr_1_tl_81_w5" custom="readingOrder {index:4;}">
                    <Coords points="1907,3759 1907,3819 2067,3819 2067,3759"/>
                    <TextEquiv>
                        <Unicode>zweifellos</Unicode>
                    </TextEquiv>
                </Word>
                <Word id="tr_1_tl_81_w6" custom="readingOrder {index:5;}">
                    <Coords points="2104,3757 2104,3817 2161,3817 2161,3757"/>
                    <TextEquiv>
                        <Unicode>und</Unicode>
                    </TextEquiv>
                </Word>
                <Word id="tr_1_tl_81_w7" custom="readingOrder {index:6;}">
                    <Coords points="2192,3754 2192,3814 2244,3814 2244,3754"/>
                    <TextEquiv>
                        <Unicode>be¬</Unicode>
                    </TextEquiv>
                </Word>
                <TextEquiv>
                    <Unicode>Wunsch, mich persönlich kennenzulernen, zweifellos und be¬</Unicode>
                </TextEquiv>
            </TextLine>
            <TextLine id="tr_1_tl_82" custom="readingOrder {index:81;}">
                <Coords points="1068,3867 2253,3864 2253,3807 2213,3802 1068,3825"/>
                <Baseline points="1077,3862 1139,3856 1201,3855 1263,3853 1325,3852 1387,3852 1449,3850 1511,3851 1573,3853 1635,3850 1697,3851 1759,3850 1821,3850 1883,3850 1945,3850 2007,3847 2069,3847 2131,3849 2193,3847 2256,3847"/>
                <Word id="tr_1_tl_82_w1" custom="readingOrder {index:0;}">
                    <Coords points="1063,3815 1063,3875 1324,3875 1324,3815"/>
                    <TextEquiv>
                        <Unicode>greiflicherweise</Unicode>
                    </TextEquiv>
                </Word>
                <Word id="tr_1_tl_82_w2" custom="readingOrder {index:1;}">
                    <Coords points="1362,3810 1362,3870 1498,3870 1498,3810"/>
                    <TextEquiv>
                        <Unicode>erkalten</Unicode>
                    </TextEquiv>
                </Word>
                <Word id="tr_1_tl_82_w3" custom="readingOrder {index:2;}">
                    <Coords points="1531,3812 1531,3872 1645,3872 1645,3812"/>
                    <TextEquiv>
                        <Unicode>lassen.</Unicode>
                    </TextEquiv>
                </Word>
                <Word id="tr_1_tl_82_w4" custom="readingOrder {index:3;}">
                    <Coords points="1690,3810 1690,3870 1733,3870 1733,3810"/>
                    <TextEquiv>
                        <Unicode>Es</Unicode>
                    </TextEquiv>
                </Word>
                <Word id="tr_1_tl_82_w5" custom="readingOrder {index:4;}">
                    <Coords points="1761,3810 1761,3870 1864,3870 1864,3810"/>
                    <TextEquiv>
                        <Unicode>sollten</Unicode>
                    </TextEquiv>
                </Word>
                <Word id="tr_1_tl_82_w6" custom="readingOrder {index:5;}">
                    <Coords points="1902,3810 1902,3870 1934,3870 1934,3810"/>
                    <TextEquiv>
                        <Unicode>an</Unicode>
                    </TextEquiv>
                </Word>
                <Word id="tr_1_tl_82_w7" custom="readingOrder {index:6;}">
                    <Coords points="1973,3807 1973,3867 2103,3867 2103,3807"/>
                    <TextEquiv>
                        <Unicode>zwanzig</Unicode>
                    </TextEquiv>
                </Word>
                <Word id="tr_1_tl_82_w8" custom="readingOrder {index:7;}">
                    <Coords points="2142,3807 2142,3867 2245,3867 2245,3807"/>
                    <TextEquiv>
                        <Unicode>Jahre</Unicode>
                    </TextEquiv>
                </Word>
                <TextEquiv>
                    <Unicode>greiflicherweise erkalten lassen. Es sollten an zwanzig Jahre</Unicode>
                </TextEquiv>
            </TextLine>
            <TextLine id="tr_1_tl_83" custom="readingOrder {index:82;}">
                <Coords points="1068,3911 2216,3899 2055,3852 1068,3867"/>
                <Baseline points="1077,3904 1134,3904 1191,3904 1248,3903 1305,3901 1362,3896 1419,3898 1477,3901 1534,3901 1591,3898 1648,3898 1705,3898 1762,3900 1819,3898 1877,3898 1934,3898 1991,3895 2048,3895 2105,3895 2162,3893 2220,3889"/>
                <Word id="tr_1_tl_83_w1" custom="readingOrder {index:0;}">
                    <Coords points="1068,3864 1068,3924 1228,3924 1228,3864"/>
                    <TextEquiv>
                        <Unicode>vergehen,</Unicode>
                    </TextEquiv>
                </Word>
                <Word id="tr_1_tl_83_w2" custom="readingOrder {index:1;}">
                    <Coords points="1244,3862 1244,3922 1290,3922 1290,3862"/>
                    <TextEquiv>
                        <Unicode>bis</Unicode>
                    </TextEquiv>
                </Word>
                <Word id="tr_1_tl_83_w3" custom="readingOrder {index:2;}">
                    <Coords points="1317,3857 1317,3917 1363,3917 1363,3857"/>
                    <TextEquiv>
                        <Unicode>der</Unicode>
                    </TextEquiv>
                </Word>
                <Word id="tr_1_tl_83_w4" custom="readingOrder {index:3;}">
                    <Coords points="1390,3859 1390,3919 1498,3919 1498,3859"/>
                    <TextEquiv>
                        <Unicode>Zufall</Unicode>
                    </TextEquiv>
                </Word>
                <Word id="tr_1_tl_83_w5" custom="readingOrder {index:4;}">
                    <Coords points="1514,3860 1514,3920 1570,3920 1570,3860"/>
                    <TextEquiv>
                        <Unicode>uns</Unicode>
                    </TextEquiv>
                </Word>
                <Word id="tr_1_tl_83_w6" custom="readingOrder {index:5;}">
                    <Coords points="1597,3858 1597,3918 1648,3918 1648,3858"/>
                    <TextEquiv>
                        <Unicode>bei</Unicode>
                    </TextEquiv>
                </Word>
                <Word id="tr_1_tl_83_w7" custom="readingOrder {index:6;}">
                    <Coords points="1665,3858 1665,3918 1747,3918 1747,3858"/>
                    <TextEquiv>
                        <Unicode>jenem</Unicode>
                    </TextEquiv>
                </Word>
                <Word id="tr_1_tl_83_w8" custom="readingOrder {index:7;}">
                    <Coords points="1789,3858 1789,3918 2006,3918 2006,3858"/>
                    <TextEquiv>
                        <Unicode>gemeinsamen</Unicode>
                    </TextEquiv>
                </Word>
                <Word id="tr_1_tl_83_w9" custom="readingOrder {index:8;}">
                    <Coords points="2038,3854 2038,3914 2214,3914 2214,3854"/>
                    <TextEquiv>
                        <Unicode>Freunde¬</Unicode>
                    </TextEquiv>
                </Word>
                <TextEquiv>
                    <Unicode>vergehen, bis der Zufall uns bei jenem gemeinsamen Freunde¬</Unicode>
                </TextEquiv>
            </TextLine>
            <TextLine id="tr_1_tl_84" custom="readingOrder {index:83;}">
                <Coords points="1074,3960 1963,3968 2253,3951 2254,3900 1074,3911"/>
                <Baseline points="1083,3949 1141,3952 1200,3950 1258,3952 1317,3952 1376,3952 1434,3950 1493,3949 1552,3949 1610,3949 1669,3949 1728,3949 1786,3948 1845,3946 1904,3946 1962,3946 2021,3944 2080,3943 2138,3943 2197,3943 2256,3943"/>
                <Word id="tr_1_tl_84_w1" custom="readingOrder {index:0;}">
                    <Coords points="1069,3911 1069,3971 1182,3971 1182,3911"/>
                    <TextEquiv>
                        <Unicode>Gustav</Unicode>
                    </TextEquiv>
                </Word>
                <Word id="tr_1_tl_84_w2" custom="readingOrder {index:1;}">
                    <Coords points="1215,3912 1215,3972 1448,3972 1448,3912"/>
                    <TextEquiv>
                        <Unicode>Schwarzkopf,</Unicode>
                    </TextEquiv>
                </Word>
                <Word id="tr_1_tl_84_w3" custom="readingOrder {index:2;}">
                    <Coords points="1492,3909 1492,3969 1546,3969 1546,3909"/>
                    <TextEquiv>
                        <Unicode>dom</Unicode>
                    </TextEquiv>
                </Word>
                <Word id="tr_1_tl_84_w4" custom="readingOrder {index:3;}">
                    <Coords points="1590,3909 1590,3969 1736,3969 1736,3909"/>
                    <TextEquiv>
                        <Unicode>früheren</Unicode>
                    </TextEquiv>
                </Word>
                <Word id="tr_1_tl_84_w5" custom="readingOrder {index:4;}">
                    <Coords points="1785,3906 1785,3966 1991,3966 1991,3906"/>
                    <TextEquiv>
                        <Unicode>literarischen</Unicode>
                    </TextEquiv>
                </Word>
                <Word id="tr_1_tl_84_w6" custom="readingOrder {index:5;}">
                    <Coords points="2024,3903 2024,3963 2143,3963 2143,3903"/>
                    <TextEquiv>
                        <Unicode>Beirat</Unicode>
                    </TextEquiv>
                </Word>
                <Word id="tr_1_tl_84_w7" custom="readingOrder {index:6;}">
                    <Coords points="2192,3903 2192,3963 2240,3963 2240,3903"/>
                    <TextEquiv>
                        <Unicode>des</Unicode>
                    </TextEquiv>
                </Word>
                <TextEquiv>
                    <Unicode>Gustav Schwarzkopf, dom früheren literarischen Beirat des</Unicode>
                </TextEquiv>
            </TextLine>
            <TextLine id="tr_1_tl_85" custom="readingOrder {index:84;}">
                <Coords points="1065,4010 2250,4009 2250,3954 2179,3942 1403,3985 1065,3950"/>
                <Baseline points="1074,3999 1136,3999 1198,3999 1260,3999 1322,3997 1384,3999 1446,4002 1508,3998 1570,3996 1632,3996 1694,3996 1756,3996 1818,3993 1880,3995 1942,3996 2004,3992 2066,3990 2128,3990 2190,3988 2253,3990"/>
                <Word id="tr_1_tl_85_w1" custom="readingOrder {index:0;}">
                    <Coords points="1071,3959 1071,4019 1298,4019 1298,3959"/>
                    <TextEquiv>
                        <Unicode>Burgtheaters</Unicode>
                    </TextEquiv>
                </Word>
                <Word id="tr_1_tl_85_w2" custom="readingOrder {index:1;}">
                    <Coords points="1349,3958 1349,4018 1365,4018 1365,3958"/>
                    <TextEquiv>
                        <Unicode>—</Unicode>
                    </TextEquiv>
                </Word>
                <Word id="tr_1_tl_85_w3" custom="readingOrder {index:2;}">
                    <Coords points="1437,3956 1437,4016 1742,4016 1742,3956"/>
                    <TextEquiv>
                        <Unicode>zusammenführte,</Unicode>
                    </TextEquiv>
                </Word>
                <Word id="tr_1_tl_85_w4" custom="readingOrder {index:3;}">
                    <Coords points="1782,3953 1782,4013 1864,4013 1864,3953"/>
                    <TextEquiv>
                        <Unicode>ohne</Unicode>
                    </TextEquiv>
                </Word>
                <Word id="tr_1_tl_85_w5" custom="readingOrder {index:4;}">
                    <Coords points="1893,3955 1893,4015 1942,4015 1942,3955"/>
                    <TextEquiv>
                        <Unicode>daß</Unicode>
                    </TextEquiv>
                </Word>
                <Word id="tr_1_tl_85_w6" custom="readingOrder {index:5;}">
                    <Coords points="1981,3951 1981,4011 2048,4011 2048,3951"/>
                    <TextEquiv>
                        <Unicode>aber</Unicode>
                    </TextEquiv>
                </Word>
                <Word id="tr_1_tl_85_w7" custom="readingOrder {index:6;}">
                    <Coords points="2082,3950 2082,4010 2158,4010 2158,3950"/>
                    <TextEquiv>
                        <Unicode>diese</Unicode>
                    </TextEquiv>
                </Word>
                <Word id="tr_1_tl_85_w8" custom="readingOrder {index:7;}">
                    <Coords points="2187,3948 2187,4008 2247,4008 2247,3948"/>
                    <TextEquiv>
                        <Unicode>Be¬</Unicode>
                    </TextEquiv>
                </Word>
                <TextEquiv>
                    <Unicode>Burgtheaters — zusammenführte, ohne daß aber diese Be¬</Unicode>
                </TextEquiv>
            </TextLine>
            <TextLine id="tr_1_tl_86" custom="readingOrder {index:85;}">
                <Coords points="1074,4059 2259,4045 2259,4009 2192,4001 1074,4018"/>
                <Baseline points="1083,4050 1145,4050 1207,4050 1269,4048 1331,4047 1393,4047 1455,4047 1517,4045 1579,4045 1641,4044 1703,4046 1765,4044 1827,4044 1889,4044 1951,4044 2013,4044 2075,4042 2137,4041 2199,4039 2262,4038"/>
                <Word id="tr_1_tl_86_w1" custom="readingOrder {index:0;}">
                    <Coords points="1075,4010 1075,4070 1229,4070 1229,4010"/>
                    <TextEquiv>
                        <Unicode>gegnung,</Unicode>
                    </TextEquiv>
                </Word>
                <Word id="tr_1_tl_86_w2" custom="readingOrder {index:1;}">
                    <Coords points="1252,4007 1252,4067 1296,4067 1296,4007"/>
                    <TextEquiv>
                        <Unicode>die</Unicode>
                    </TextEquiv>
                </Word>
                <Word id="tr_1_tl_86_w3" custom="readingOrder {index:2;}">
                    <Coords points="1318,4007 1318,4067 1362,4067 1362,4007"/>
                    <TextEquiv>
                        <Unicode>sich</Unicode>
                    </TextEquiv>
                </Word>
                <Word id="tr_1_tl_86_w4" custom="readingOrder {index:3;}">
                    <Coords points="1396,4007 1396,4067 1462,4067 1462,4007"/>
                    <TextEquiv>
                        <Unicode>noch</Unicode>
                    </TextEquiv>
                </Word>
                <Word id="tr_1_tl_86_w5" custom="readingOrder {index:4;}">
                    <Coords points="1491,4005 1491,4065 1612,4065 1612,4005"/>
                    <TextEquiv>
                        <Unicode>einmal</Unicode>
                    </TextEquiv>
                </Word>
                <Word id="tr_1_tl_86_w6" custom="readingOrder {index:5;}">
                    <Coords points="1635,4004 1635,4064 1834,4064 1834,4004"/>
                    <TextEquiv>
                        <Unicode>wiederholen</Unicode>
                    </TextEquiv>
                </Word>
                <Word id="tr_1_tl_86_w7" custom="readingOrder {index:6;}">
                    <Coords points="1869,4004 1869,4064 1968,4064 1968,4004"/>
                    <TextEquiv>
                        <Unicode>sollte,</Unicode>
                    </TextEquiv>
                </Word>
                <Word id="tr_1_tl_86_w8" custom="readingOrder {index:7;}">
                    <Coords points="1985,4004 1985,4064 2012,4064 2012,4004"/>
                    <TextEquiv>
                        <Unicode>zu</Unicode>
                    </TextEquiv>
                </Word>
                <Word id="tr_1_tl_86_w9" custom="readingOrder {index:8;}">
                    <Coords points="2046,4001 2046,4061 2123,4061 2123,4001"/>
                    <TextEquiv>
                        <Unicode>einem</Unicode>
                    </TextEquiv>
                </Word>
                <Word id="tr_1_tl_86_w10" custom="readingOrder {index:9;}">
                    <Coords points="2168,3998 2168,4058 2250,4058 2250,3998"/>
                    <TextEquiv>
                        <Unicode>Ver¬</Unicode>
                    </TextEquiv>
                </Word>
                <TextEquiv>
                    <Unicode>gegnung, die sich noch einmal wiederholen sollte, zu einem Ver¬</Unicode>
                </TextEquiv>
            </TextLine>
            <TextLine id="tr_1_tl_87" custom="readingOrder {index:86;}">
                <Coords points="1065,4110 1311,4131 1381,4105 1605,4102 1655,4123 1657,4054 1067,4056"/>
                <Baseline points="1074,4095 1103,4097 1132,4098 1161,4098 1191,4098 1220,4098 1249,4098 1278,4098 1308,4098 1337,4098 1366,4098 1395,4098 1425,4098 1454,4097 1483,4095 1512,4095 1542,4095 1571,4095 1600,4095 1629,4095 1659,4095"/>
                <Word id="tr_1_tl_87_w1" custom="readingOrder {index:0;}">
                    <Coords points="1072,4057 1072,4117 1141,4117 1141,4057"/>
                    <TextEquiv>
                        <Unicode>kehr</Unicode>
                    </TextEquiv>
                </Word>
                <Word id="tr_1_tl_87_w2" custom="readingOrder {index:1;}">
                    <Coords points="1165,4058 1165,4118 1292,4118 1292,4058"/>
                    <TextEquiv>
                        <Unicode>zwischen</Unicode>
                    </TextEquiv>
                </Word>
                <Word id="tr_1_tl_87_w3" custom="readingOrder {index:2;}">
                    <Coords points="1322,4058 1322,4118 1380,4118 1380,4058"/>
                    <TextEquiv>
                        <Unicode>uns</Unicode>
                    </TextEquiv>
                </Word>
                <Word id="tr_1_tl_87_w4" custom="readingOrder {index:3;}">
                    <Coords points="1404,4056 1404,4116 1531,4116 1531,4056"/>
                    <TextEquiv>
                        <Unicode>geführt</Unicode>
                    </TextEquiv>
                </Word>
                <Word id="tr_1_tl_87_w5" custom="readingOrder {index:4;}">
                    <Coords points="1550,4055 1550,4115 1648,4115 1648,4055"/>
                    <TextEquiv>
                        <Unicode>hätte.</Unicode>
                    </TextEquiv>
                </Word>
                <TextEquiv>
                    <Unicode>kehr zwischen uns geführt hätte.</Unicode>
                </TextEquiv>
            </TextLine>
            <TextEquiv>
                <Unicode></Unicode>
            </TextEquiv>
        </TextRegion>
    </Page>
</PcGts>
