3392 4384
314 1229 435 1289 Arthur
471 1234 649 1294 Schnitzler
681 1235 770 1295 avled
806 1238 819 1298 i
856 1240 940 1300 Wien
976 1241 1025 1301 vid

281 1275 409 1335 sjutiden
448 1276 487 1336 på
521 1279 809 1339 onsdagsaftonen.
865 1282 929 1342 När
964 1285 1019 1345 han

277 1320 311 1380 pä
338 1321 584 1381 eftermiddagen
610 1322 778 1382 ätervände
805 1327 869 1387 från
900 1329 930 1389 en
956 1329 1029 1389 pro¬

273 1363 398 1423 menad,
419 1366 594 1426 drabbades
624 1368 678 1428 han
716 1369 749 1429 av
779 1372 824 1432 ett
850 1375 1024 1435 slaganfall

273 1405 321 1465 och
346 1408 398 1468 dog
427 1411 492 1471 utan
521 1412 565 1472 att
586 1412 614 1472 ha
639 1414 777 1474 äterfâtt
798 1417 1029 1477 medvetandet.

269 1455 446 1515 Schnitzler
468 1457 568 1517 skulle
590 1459 603 1519 i
621 1460 689 1520 maj
712 1462 793 1522 nästa
820 1463 854 1523 år
877 1465 911 1525 ha
938 1465 1028 1525 blivit

273 1494 304 1554 70
332 1498 368 1558 år
391 1500 546 1560 gammal.

308 1554 429 1614 Arthur
454 1558 646 1618 Schnitzlers
666 1563 719 1623 far
740 1563 788 1623 och
817 1567 923 1627 farfar
948 1569 1017 1629 voro

266 1598 373 1658 läkare
395 1599 446 1659 och
472 1602 549 1662 själv
576 1603 631 1663 slog
661 1606 717 1666 han
743 1608 816 1668 även
846 1611 867 1671 in
898 1614 932 1674 på
958 1614 1009 1674 den

264 1643 453 1703 medieinska
485 1647 584 1707 banan
620 1650 670 1710 för
698 1652 746 1712 att
774 1653 844 1713 dock
884 1656 927 1716 vid
959 1658 1022 1718 om¬

264 1688 351 1748 kring
389 1690 493 1750 trettio
527 1692 577 1752 års
611 1695 698 1755 älder
732 1698 827 1758 lämna
866 1701 919 1761 den
957 1703 1007 1763 och

262 1731 324 1791 he't
354 1733 433 1793 ägna
471 1735 513 1795 sig
551 1737 584 1797 ât
618 1739 836 1799 litteraturen.
887 1748 903 1808 I
937 1748 1012 1808 hans

259 1775 369 1835 mánga
431 1781 571 1841 dramer,
606 1784 750 1844 romaner
793 1787 842 1847 och
880 1790 1013 1850 noveller

255 1820 394 1880 kommer
418 1823 484 1883 ofta
517 1826 659 1886 läkarens
687 1832 897 1892 illusionsfria
929 1835 1016 1895 män-

258 1867 492 1927 niskokunskap
522 1872 571 1932 till
588 1871 697 1931 synes.
735 1875 801 1935 Men
836 1880 1011 1940 Schnitzler

259 1907 306 1967 var
334 1914 499 1974 samtidigt
523 1916 554 1976 en
586 1918 760 1978 drömmare
792 1921 854 1981 med
886 1924 937 1984 den
973 1923 1012 1983 fi¬

260 1957 341 2017 naste
376 1960 557 2020 känslighet
587 1960 638 2020 för
669 1963 759 2023 livets
794 1966 927 2026 mystik,
958 1969 1005 2029 för

255 2002 471 2062 illusionernas
496 2005 581 2065 makt
602 2005 672 2065 över
696 2010 940 2070 människorna,
956 2013 1007 2073 fär

270 2046 480 2106 'livslögnens”
519 2049 570 2109 det
600 2052 734 2112 fromma
768 2054 1004 2114 självbedrüge-

254 2089 326 2149 riets
351 2092 407 2152 roll
424 2094 435 2154 i
452 2093 484 2153 de
509 2095 707 2155 individuella
736 2100 850 2160 ödenas
874 2101 1007 2161 utform¬

249 2136 340 2196 ning.
382 2140 444 2200 Det
470 2140 607 2200 tragiska
640 2140 744 2200 bestod
778 2143 827 2203 för
857 2146 948 2206 honom
995 2146 1006 2206 i

253 2181 300 2241 den
328 2181 560 2241 ofränkomliga
588 2185 796 2245 besvikelsen,
808 2188 855 2248 som
895 2190 1004 2250 väntar

250 2228 285 2288 pä
313 2226 368 2286 var
392 2227 439 2287 och
470 2229 497 2289 en
529 2230 584 2290 när
608 2230 769 2290 illusioner
793 2233 843 2293 och
872 2235 997 2295 drömda

244 2272 504 2332 förhoppningar
527 2275 557 2335 en
583 2277 661 2337 gång
692 2277 787 2337 mäste
814 2280 927 2340 brista,
945 2280 1001 2340 när

247 2316 294 2376 det
320 2316 402 2376 visar
424 2319 467 2379 sig
493 2320 540 2380 att
562 2322 597 2382 de
623 2322 718 2382 aldrig
749 2324 818 2384 hört
844 2326 896 2386 till
913 2326 999 2386 verk¬

272 2361 403 2421 ghetens
430 2364 535 2424 värld.

287 2417 394 2477 Denna
422 2417 513 2477 livets
541 2420 620 2480 stora
648 2423 810 2483 maskerad
842 2426 905 2486 med
937 2427 1004 2487 dess

267 2461 387 2521 lutliga,
431 2465 608 2525 ohjälpliga
665 2470 880 2530 demaskering
941 2474 996 2534 har

267 2506 420 2566 chnitzler
441 2507 579 2567 sk’ldrat
600 2511 607 2571 i
628 2512 705 2572 olika
734 2516 928 2576 variationer
945 2516 989 2576 och

264 2552 320 2612 ika
344 2555 502 2615 tonarter.
540 2555 608 2615 Han
637 2558 689 2618 har
714 2558 791 2618 tagit
811 2561 868 2621 lätt
893 2562 925 2622 pä
949 2561 997 2621 sa-

245 2596 292 2656 ken
322 2598 347 2658 t.
369 2599 420 2659 ex.
438 2599 450 2659 i
472 2599 649 2659 ”Anatol”,
666 2602 717 2662 det
744 2604 842 2664 första
873 2608 993 2668 drama¬

235 2641 311 2701 tiska
350 2641 453 2701 arbete
488 2641 522 2701 av
557 2644 656 2704 honom
702 2645 752 2705 som
802 2650 997 2710 uppfördes.

243 2686 305 2746 Han
339 2687 394 2747 har
419 2689 507 2749 gjort
529 2689 667 2749 greppet
693 2691 823 2751 hárdare
849 2694 903 2754 och
933 2692 999 2752 fas¬

238 2731 298 2791 tare
323 2731 335 2791 i
355 2731 527 2791 skädespel
543 2734 592 2794 som
629 2735 714 2795 ”Der
736 2737 874 2797 einsame
899 2738 967 2798 Weg

241 2770 284 2830 ch
320 2774 407 2834 "Das
439 2773 526 2833 weite
562 2777 688 2837 Land”,
712 2782 724 2842 i
756 2782 894 2842 noveller
926 2783 973 2843 som

260 2817 529 2877 Dämmerselen”,
549 2822 560 2882 i
585 2823 636 2883 den
668 2823 750 2883 stora
778 2826 988 2886 tidsromanen

254 2860 316 2920 Der
348 2863 423 2923 Weg
454 2865 498 2925 ins
530 2866 654 2926 Freie”,
676 2868 733 2928 där
765 2874 991 2934 judendomens

245 2909 395 2969 problem,
416 2911 491 2971 vilka
516 2913 570 2973 han
596 2913 608 2973 i
625 2913 679 2973 hög
705 2915 779 2975 grad
805 2916 905 2976 kände
930 2917 971 2977 som

243 2953 297 3013 na
331 2955 427 3015 egna,
449 2955 495 3015 bli
521 2958 654 3018 belysta.
701 2961 781 3021 Frán
815 2962 848 3022 de
882 2964 991 3024 senare

243 3000 322 3060 irens
350 3003 535 3063 produktion
562 3003 680 3063 minnes
703 3008 767 3068 man
794 3007 843 3067 den
874 3009 987 3069 melan¬

239 3044 351 3104 koliska
400 3047 582 3107 berättelsen
632 3047 834 3107 "Casanovas
879 3053 987 3113 Heim-

233 3089 354 3149 fahrt”,
371 3092 423 3152 den
454 3092 519 3152 fina
550 3095 828 3155 "Traumnovelle”
859 3095 910 3155 och
941 3095 984 3155 ro¬

237 3134 338 3194 manen
368 3136 539 3196 "Therese”
568 3131 579 3191 —
625 3140 702 3200 hans
728 3140 796 3200 sista
825 3142 931 3202 arbete

237 3179 286 3239 där
312 3181 366 3241 han
400 3182 462 3242 med
492 3183 571 3243 stilla
600 3183 650 3243 och
684 3185 851 3245 medlidsam
893 3188 984 3248 skep¬

237 3224 270 3284 sis
291 3227 424 3287 sklidrar
445 3229 474 3289 en
500 3229 653 3289 obetydlig
679 3232 871 3292 guvernants
892 3234 975 3294 trista

236 3269 286 3329 väg
315 3271 411 3331 genom
450 3272 542 3332 livet.

273 3314 331 3374 Med
365 3317 407 3377 sin
441 3319 585 3379 förnäma
619 3322 783 3382 stilkonst,
809 3323 863 3383 sitt
893 3325 985 3385 skep-

228 3361 455 3421 tiskt-ironiska
486 3364 576 3424 behov
602 3364 649 3424 att
671 3365 765 3425 sticka
791 3367 842 3427 häl
864 3370 898 3430 pä
925 3367 980 3427 all-

233 3406 320 3466 sköns
359 3409 530 3469 glänsande
564 3409 778 3469 säpbubblor,
807 3412 849 3472 sin
891 3415 975 3475 elaka

232 3451 271 3511 lek
307 3453 372 3513 med
413 3454 580 3514 högtidliga
630 3457 713 3517 mora
731 3457 868 3517 begrepp
921 3457 969 3517 och

230 3498 403 3558 sanningar
439 3498 545 3558 tillhör
581 3501 763 3561 Schaitzler
799 3502 976 3562 nittotalets

221 3537 270 3597 och
305 3543 519 3603 sekelskiftets
549 3543 709 3603 tidevarv,
734 3546 789 3606 där
823 3546 877 3606 han
916 3546 978 3606 står

227 3585 268 3645 vid
302 3585 385 3645 sidan
415 3588 448 3648 av
481 3588 652 3648 författare
682 3588 728 3648 som
770 3590 799 3650 t.
820 3591 870 3651 ex.
895 3594 978 3654 Ana¬

225 3631 281 3691 tole
312 3633 451 3693 France,
468 3633 620 3693 Hjalmar
647 3633 821 3693 Söderberg
847 3636 920 3696 eller

224 3675 331 3735 varför
357 3678 421 3738 icke
448 3675 460 3735 —
512 3676 611 3736 Oscar
642 3678 757 3738 Wilde.
801 3681 973 3741 Samtidigt

223 3722 272 3782 var
303 3721 360 3781 han
395 3722 528 3782 wienare
559 3719 612 3779 och
647 3722 749 3782 besatt
784 3725 906 3785 mycket
937 3725 970 3785 av

222 3766 393 3826 wienarens
418 3767 510 3827 lätta,
527 3767 657 3827 smidga
683 3769 800 3829 kynne.
838 3770 879 3830 De
905 3770 975 3830 hår-

221 3812 252 3872 da
288 3812 527 3872 kontrasterna,
551 3812 586 3872 de
615 3812 708 3872 grova
744 3815 976 3875 konflikterna.

219 3854 249 3914 de
275 3856 356 3916 stora
387 3857 550 3917 känslorna
581 3857 744 3917 mildrades
770 3857 869 3917 under
895 3860 968 3920 hans

219 3900 294 3960 hand
334 3899 382 3959 och
422 3902 506 3962 fingo
542 3902 696 3962 nyanser,
719 3903 860 3963 kärleken
900 3905 962 3965 blev

222 3946 381 4006 bitterljuv
417 3946 531 4006 erotik,
558 3946 694 4006 tragiken
743 3948 774 4008 en
823 3946 959 4006 vemodig

216 3990 484 4050 ofränkomlighet
512 3991 525 4051 i
548 3989 634 4049 livet.
676 3991 739 4051 För
767 3992 967 4052 ögonblicket

219 4036 322 4096 tillhör
353 4036 546 4096 Schnitzlers
572 4036 641 4096 verk
676 4039 770 4099 genom
814 4039 878 4099 hela
913 4039 964 4099 sitt

221 4078 393 4138 känsloläge
424 4078 596 4138 gärdagen,
618 4081 680 4141 men
716 4082 764 4142 det
791 4081 962 4141 innehäller

214 4123 345 4183 värden,
368 4123 417 4183 som
463 4125 631 4185 säkerligen
668 4127 786 4187 komma
818 4128 963 4188 attd-

214 4170 268 4230 das
296 4170 368 4230 över
396 4170 441 4230 till
464 4170 715 4230 morgondagen.

1483 225 1511 285 T.
1524 234 1645 294 Osterr.
1657 241 1802 301 behördl.
1814 256 2109 316 konzessioniertes

1436 270 1671 330 Unternehmen
1701 281 1749 341 für
1774 296 2160 356 Zeitungs-Ausschnitte

1487 328 1627 388 WIEN,
1658 339 1701 399 I.,
1732 351 2014 411 WOLLZEILE
2070 365 2106 425 11

1583 384 1791 444 TELEPHON
1829 398 2004 458 R-23-0-43

1370 501 1590 561 Ausschnitt
1620 509 1707 569 aus.

1505 578 1651 638 Bladet:

1558 651 1733 711 Loll.-F.
1756 672 2085 732 Venstreblad.

1356 724 1466 784 vom:

1493 867 1644 927 skriver
1674 874 1734 934 den

1821 862 1845 922 2
1887 856 1911 916 2
1965 871 2122 931 OKT.
2136 888 2214 948 19:

1486 993 1764 1053 DODSFALD.

1561 1124 1751 1184 Arthur
1801 1130 2135 1190 Schnitzlet.

1512 2190 1587 2250 Paa
1626 2190 1696 2250 Vej
1723 2193 1771 2253 til
1799 2193 1836 2253 et
1865 2193 1994 2253 Teater
2027 2196 2194 2256 styrtede

1470 2248 1614 2308 Ostrigs
1645 2250 1779 2310 største
1815 2250 2021 2310 nulevende
2053 2253 2202 2313 Forfat¬

1470 2308 1542 2368 ter,
1593 2310 1737 2370 Arthur
1789 2310 2124 2370 Schnitzler,

1473 2368 1571 2428 Gaar
1597 2368 1664 2428 død
1696 2370 1772 2430 om,
1794 2370 1897 2430 ramt
1924 2372 1964 2432 af
1991 2372 2022 2432 et
2053 2372 2203 2432 Hjerte¬

1473 2426 1572 2486 slag,
1594 2429 1629 2489 69
1667 2429 1740 2489 Aar
1772 2429 1961 2489 gammel.

1515 2486 1659 2546 Arthur
1696 2486 1908 2546 Schnitzler
1950 2489 2022 2549 stod
2074 2490 2187 2550 dansk

1463 2547 1592 2607 Lynne
1671 2546 1712 2606 og
1769 2549 1998 2609 Tankegang
2082 2549 2190 2609 saare

1473 2605 1606 2665 fjernt,
1633 2605 1731 2665 mere
1763 2605 1881 2665 fjernt
1918 2606 1979 2666 end
2021 2607 2083 2667 den
2125 2607 2202 2667 fal¬

1470 2665 1612 2725 sterske
1652 2665 1774 2725 Bonde
1809 2665 1912 2725 staar
1952 2665 2015 2725 den
2061 2668 2202 2728 køben-

1468 2724 1633 2784 havnske
1676 2722 1965 2782 Boulevardier.
1992 2725 2095 2785 Hans
2127 2728 2199 2788 Fa-

1472 2785 1528 2845 der
1595 2782 1657 2842 var
1698 2782 1801 2842 Læge
1858 2785 1898 2845 og
1940 2785 2192 2845 Skriftefader

1464 2842 1518 2902 for
1564 2841 1624 2901 det
1660 2841 1780 2901 gamle
1816 2843 2002 2903 østrigske
2048 2845 2193 2905 Kejser¬

1468 2901 1566 2961 riges
1596 2901 1723 2961 fineste
1753 2901 1963 2961 Kunstnere
1993 2903 2027 2963 og
2062 2904 2194 2964 Scene¬

1470 2960 1581 3020 børn.
1629 2961 1735 3021 Hans
1778 2959 1857 3019 hele
1900 2963 2197 3023 Wienertempe¬

1467 3021 1621 3081 rament
1654 3021 1846 3081 pragedes
1884 3021 1944 3081 saa
1987 3021 2123 3081 stærkt
2161 3024 2198 3084 af

1467 3077 1567 3137 dette
1605 3077 1753 3137 Milieu,
1780 3077 1822 3137 at
1855 3077 1928 3137 han
1966 3079 2050 3139 blev
2083 3080 2199 3140 baa¬

1470 3137 1516 3197 de
1558 3137 1660 3197 Læge
1697 3137 1738 3197 og
1775 3138 2039 3198 Dramatiker.
2086 3140 2194 3200 Hans

1474 3196 1673 3256 digteriske
1712 3197 1851 3257 Verden
1896 3197 1962 3257 var
2001 3198 2062 3258 det
2096 3199 2195 3259 sam-

1469 3253 1523 3313 me
1559 3253 1709 3313 Milieu.
1730 3254 1800 3314 Som
1851 3256 1986 3316 Kirurg
2027 3256 2197 3316 disseke¬

1463 3311 1551 3371 rede
1597 3313 1665 3373 han
1710 3313 1931 3373 Wienernes
1991 3316 2193 3376 ugudelige

1467 3373 1633 3433 Kroppe,
1664 3373 1724 3433 som
1786 3374 1912 3434 Digter
1953 3373 2190 3433 dissekerede

1467 3434 1531 3494 han
1576 3432 1654 3492 med
1694 3433 1788 3493 fine,
1813 3433 1940 3493 slebne
1976 3432 2044 3492 Ord
2084 3436 2192 3496 deres

1464 3490 1620 3550 syndige
1652 3491 1839 3551 Sjæleliv.

1513 3546 1557 3606 Vi
1587 3549 1740 3609 nævner
1775 3549 1789 3609 i
1819 3551 1942 3611 denne
1977 3552 2198 3612 Forbindel¬

1462 3609 1495 3669 se
1534 3609 1863 3669 Anatole-Serien,
1887 3612 1925 3672 og
1969 3611 2007 3671 vi
2037 3612 2191 3672 navner

1466 3669 1668 3729 »Reigen«.
1701 3669 1859 3729 Anatole
1903 3668 1935 3728 er
1977 3669 2038 3729 den
2085 3672 2202 3732 unge,

1464 3726 1548 3786 lade
1580 3728 1746 3788 Wiener,
1767 3728 1847 3788 hvis
1878 3727 1943 3787 Liv
1979 3726 2009 3786 er
2045 3728 2080 3788 en
2116 3727 2196 3787 Kæ¬

1466 3786 1505 3846 de
1545 3784 1589 3844 af
1624 3785 1787 3845 erotiske
1827 3785 2058 3845 Oplevelser.
2088 3788 2196 3848 »Rei¬

1463 3845 1558 3905 gen«
1602 3843 1635 3903 er
1679 3842 1716 3902 en
1760 3845 2109 3905 Sammenstilling,
2143 3846 2181 3906 en

1467 3905 1551 3965 Ring
1589 3905 1631 3965 af
1658 3902 1694 3962 10
1733 3905 1933 3965 Personer,
1956 3905 2019 3965 der
2051 3905 2183 3965 erotisk

1467 3961 1616 4021 mødes:
1637 3961 1704 4021 Det
1730 3961 1802 4021 løse
1828 3963 2008 4023 Pigebarn
2040 3964 2080 4024 og
2112 3963 2189 4023 Sol¬

1468 4021 1567 4081 daten
1613 4018 1628 4078 —
1689 4021 1864 4081 Soldaten
1930 4021 1965 4081 og
2011 4024 2191 4084 Husassi-

1463 4079 1602 4139 stenten
1650 4078 1771 4138 videre
1809 4080 1846 4140 op
1889 4081 2029 4141 gennem
2085 4081 2192 4141 Sam¬

1460 4137 1711 4197 fundslagene
1766 4137 1814 4197 til
1864 4137 1927 4197 den
1968 4137 2036 4197 fine
2071 4137 2189 4197 Greve

1465 4197 1518 4257 for
1557 4197 1622 4257 saa
1660 4197 1800 4257 endelig
1844 4197 1887 4257 at
1921 4197 2001 4257 lade
2045 4199 2180 4259 Ringen

1464 4256 1598 4316 sluttes
1629 4260 1733 4320 med,
1754 4260 1795 4320 at
1821 4257 1961 4317 Greven
1997 4259 2012 4319 i
2039 4260 2075 4320 en
2112 4260 2189 4320 stor

2271 837 2386 897 lighed
2422 837 2477 897 vil
2503 837 2593 897 være
2624 840 2770 900 direkte
2801 840 2992 900 skadelige

2266 897 2315 957 for
2377 897 2544 957 umodne
2605 899 2853 959 Mennesker,
2889 900 2980 960 hvad

2258 955 2528 1015 Samfundslag
2566 957 2608 1017 de
2645 957 2703 1017 end
2741 960 2915 1020 tilhorer.
2948 959 2989 1019 Vi

2261 1016 2445 1076 undtager
2504 1014 2519 1074 i
2578 1017 2699 1077 denne
2742 1019 2979 1079 Forbindelse

2258 1073 2345 1133 ikke
2402 1073 2500 1133 unge
2542 1076 2840 1136 Akademikere,
2872 1076 2959 1136 hvem

2264 1133 2339 1193 man
2384 1133 2492 1193 ellers
2531 1133 2650 1193 plejer
2683 1135 2726 1195 at
2760 1136 2840 1196 give
2874 1135 2987 1195 uind¬

2258 1193 2447 1253 skrænket
2487 1193 2554 1253 Ret
2594 1193 2643 1253 til
2677 1191 2716 1251 at
2756 1195 2834 1255 leve
2873 1193 2984 1253 Livet

2258 1253 2348 1313 efter
2389 1250 2569 1310 Parolen:
2620 1253 2720 1313 Intet
2756 1256 2982 1316 menneske-

2258 1312 2325 1372 ligt
2351 1310 2387 1370 er
2419 1309 2481 1369 dem
2529 1309 2736 1369 fremmed!

2300 1363 2310 1423 —
2362 1364 2377 1424 —
2429 1368 2502 1428 Som
2544 1369 2663 1429 Georg
2695 1372 2881 1432 Brandes'
2908 1371 2974 1431 Ven

2261 1428 2324 1488 har
2361 1429 2568 1489 Schnitzler
2606 1429 2696 1489 flere
2733 1430 2860 1490 Gange
2920 1428 2982 1488 be¬

2255 1486 2339 1546 søgt
2365 1488 2576 1548 Danmark,
2597 1489 2693 1549 hvor
2724 1489 2758 1549 de
2789 1492 2824 1552 to
2855 1492 2980 1552 nevn¬

2259 1544 2284 1604 te
2325 1545 2474 1605 Værker
2511 1544 2546 1604 er
2577 1546 2726 1606 opført.

2297 1602 2367 1662 For
2400 1602 2481 1662 vort
2514 1604 2621 1664 Folks
2655 1605 2768 1665 brede
2801 1608 2871 1668 Lag
2915 1608 2974 1668 var

2255 1665 2461 1725 Schnitzler
2499 1664 2515 1724 —
2576 1665 2765 1725 heldigvis
2820 1664 2835 1724 —

2916 1665 2978 1725 ret

2258 1723 2417 1783 ukendt.

2730 1724 2942 1784 Fräter.
