3344 4320
148 231 233 291 2.
292 231 782 291 Schnitzler
850 231 887 291 s
957 228 1186 288 Death

295 1218 1007 1278 OBSERVER

372 1279 393 1339 I.
407 1276 529 1336 österr.
538 1276 686 1336 behördl.
701 1276 1006 1336 konzessionlertes

330 1318 564 1378 Unternehmen
591 1317 639 1377 für
666 1316 1051 1376 Zeitungs-Ausschnitte

384 1373 528 1433 WIEN,
555 1378 601 1438 I.,
628 1378 912 1438 WOLLZEILE
959 1378 1004 1438 11

479 1429 690 1489 TELEPIION
722 1429 896 1489 R-23-0-43

222 1579 377 1639 Adresse
395 1578 412 1638 :

231 1676 359 1736 Date:

423 1860 438 1920 †
477 1854 631 1914 Arthur
664 1860 896 1920 Schnitzler.

221 1910 353 1970 Wien,
377 1914 428 1974 21,
452 1915 509 1975 ag.
550 1915 613 1975 Der
642 1921 878 1981 österreichische
914 1927 1115 1987 Dramatiker

179 1955 238 2015 und
280 1958 432 2018 Erzähler
468 1962 615 2022 Arthur
664 1968 875 2028 Schnicler
912 1971 952 2031 ist
982 1972 1011 2032 im
1065 1972 1123 2032 70.

180 1999 357 2059 Altersjahr
383 2003 566 2063 gestorben.

219 2043 350 2103 (Arthur
383 2046 553 2106 Schnitzler
580 2049 777 2109 wurde/anf
804 2052 856 2112 15.
877 2055 955 2115 Mai
982 2053 1060 2113 1862
1087 2055 1113 2115 in

175 2084 262 2144 Wien
299 2088 433 2148 geboren
471 2092 517 2152 als
548 2093 641 2153 Sohn
668 2093 766 2153 eines
798 2097 911 2157 Arztes
943 2100 1005 2160 und
1042 2099 1124 2159 Pro¬

173 2126 281 2186 fessors
313 2130 349 2190 an
386 2130 443 2190 der
474 2135 609 2195 Wiener
641 2137 859 2197 Universität.
896 2142 1119 2202 Er/studierte

172 2172 342 2232 gleichfalls
379 2177 518 2237 Medizin
560 2180 586 2240 in
628 2180 747 2240 Wien,
773 2184 995 2244 promovierie
1038 2185 1114 2245 1885

169 2212 230 2272 und
265 2216 350 2276 war,
375 2220 503 2280 nachdem
552 2220 585 2280 er
614 2220 637 2280 in
671 2226 910 2286 verschiedenen
968 2230 1111 2290 Kliniken

170 2258 350 2318 praktiziert
371 2260 431 2320 und
457 2262 517 2322 eine
543 2266 633 2326 Reise
654 2268 709 2328 zum
750 2272 895 2332 Studium
936 2273 986 2333 der
1007 2276 1117 2336 hygie¬

167 2300 282 2360 nischen
323 2304 570 2364 Einrichtungen
616 2310 687 2370 nach
728 2314 864 2374 London
910 2317 970 2377 und
1016 2319 1117 2379 Paris

169 2345 422 2405 unternommen
464 2351 572 2411 hatte,
604 2352 655 2412 bis
702 2353 779 2413 1893
821 2360 976 2420 Assistent
1013 2363 1116 2423 seines

175 2387 290 2447 Vaters
325 2390 365 2450 an
407 2391 461 2451 der
497 2394 632 2454 Wiener
669 2402 884 2462 allgemeinen
936 2408 1116 2468 Poliklinik.

170 2426 229 2486 Den
264 2434 555 2494 militärärztlichen
590 2439 708 2499 Dienst
743 2443 851 2503 mußte
891 2446 925 2506 er
956 2449 1029 2509 nach
1059 2452 1113 2512 der

175 2473 466 2533 Veröffentlichung
509 2482 613 2542 seines
657 2487 847 2547 „Leutnant
884 2488 1000 2548 Gustl“
1043 2493 1117 2553 auf¬

167 2512 282 2572 geben.
312 2518 357 2578 Er
383 2521 534 2581 widmete
564 2524 609 2584 sich
646 2527 710 2587 bald
741 2531 826 2591 ganz
852 2533 907 2593 der
938 2536 1118 2596 Literatur.

165 2559 356 2619 Beeinflußt
377 2563 434 2623 von
466 2568 625 2628 Flaubert
652 2571 709 2631 und
740 2576 978 2636 Maupassant,
1000 2581 1108 2641 wurde

158 2599 184 2659 er
212 2602 255 2662 als
282 2607 434 2667 Erzähler
456 2610 510 2670 der
532 2614 673 2674 Liebling
700 2616 755 2676 der
777 2620 917 2680 großen,
934 2623 1112 2683 vornehm¬

157 2644 201 2704 lich
232 2647 382 2707 jüdischen
414 2654 539 2714 Salons
564 2655 589 2715 in
620 2657 730 2717 Wien.
761 2662 866 2722 Seine
898 2664 1038 2724 Dramen
1069 2665 1078 2725 —

152 2686 186 2746 am
248 2695 471 2755 bekanntesten
522 2700 689 2760 „Liebelei

725 2703 792 2763 und
844 2709 1020 2769 „Reigen“

147 2732 250 2792 stellen
292 2737 344 2797 sich
381 2739 432 2799 als
470 2744 630 2804 mondäne
667 2749 854 2809 Ausläufer
886 2751 942 2811 der
980 2754 1109 2814 Wiener

156 2778 374 2838 Barockkultur
410 2783 486 2843 dar,
518 2785 542 2845 in
584 2789 670 2849 ihrer
706 2794 904 2854 prickelnden
945 2796 1011 2856 Art
1048 2800 1113 2860 voll

150 2817 272 2877 Erotik,
295 2826 517 2886 nachsichtiger
546 2833 818 2893 Menschlichkeit.
863 2838 1014 2898 Melodik
1042 2842 1102 2902 und

151 2864 363 2924 Melancholie
389 2871 596 2931 bezeichnend
622 2876 673 2936 für
700 2878 746 2938 die
772 2882 870 2942 Licht=
897 2882 953 2942 und
985 2884 1103 2944 Schat¬

147 2906 298 2966 tenseiten
334 2910 389 2970 des
415 2917 698 2977 untergehenden,
724 2923 784 2983 nur
820 2924 911 2984 mehr
942 2930 1098 2990 sprachlich

151 2951 205 3011 mit
251 2955 467 3015 Deutschland
518 2962 729 3022 verknüpften
785 2970 1082 3030 kosmopolitischen

148 2998 486 3058 Oesterreichertinns.
522 3004 629 3064 Seine
655 3007 750 3067 ersten
787 3013 933 3073 Arbeiten
969 3015 1100 3075 erschie¬

145 3038 201 3098 nen
233 3038 258 3098 in
295 3043 347 3103 der
373 3044 570 3104 „Deutschen
602 3052 866 3112 Wochenschrift“
898 3058 959 3118 und
992 3058 1017 3118 in
1049 3058 1105 3118 der

142 3081 244 3141 längst
272 3089 537 3149 eingegangenen
576 3094 755 3154 Zeitschrift
782 3100 847 3160 „An
886 3100 939 3160 der
967 3103 1091 3163 schönen

139 3126 249 3186 blauen
296 3130 458 3190 Donau",
489 3134 549 3194 und
590 3136 625 3196 es
661 3139 732 3199 war
763 3142 945 3202 „Anatol",
976 3145 1031 3205 der
1067 3146 1092 3206 in

142 3167 229 3227 jener
260 3173 337 3233 Zeit
364 3175 399 3235 am
451 3178 575 3238 meisten
616 3181 771 3241 Aufsehen
808 3190 952 3250 erregte.
993 3190 1096 3250 Nach¬

140 3211 192 3271 her
224 3216 345 3276 folgten
388 3220 440 3280 sich
489 3222 567 3282 seine
605 3223 721 3283 Stücke
754 3230 838 3290 ohne
875 3233 1097 3293 Unterbruch;

142 3252 172 3312 sie
204 3258 337 3318 urben
379 3261 498 3321 gelesen
534 3265 596 3325 und
633 3269 783 3329 gespielt.
809 3276 994 3336 „Liebelei“
1026 3278 1072 3338 kam

142 3301 229 3361 sogar
261 3302 380 3362 (1895)
406 3306 442 3366 am
495 3310 722 3370 Burgtheater
754 3315 806 3375 zur
843 3320 1091 3380 Uraufführung

139 3340 194 3400 und
220 3345 290 3405 war
311 3346 366 3406 der
387 3348 462 3408 erste
488 3354 579 3414 große
610 3357 858 3417 Bühnenerfolg
889 3365 1096 3425 Schnitzlers.

129 3387 225 3447 Eines
256 3387 311 3447 der
337 3391 439 3451 letzten
475 3396 576 3456 seiner
608 3398 704 3458 vielen
740 3402 851 3462 Werke
883 3405 918 3465 ist
944 3406 989 3466 die
1020 3409 1096 3469 dra¬

129 3432 269 3492 matische
306 3436 468 3496 Dichtung
500 3441 589 3501 „Der
621 3442 715 3502 Gang
752 3447 804 3507 zum
857 3450 1024 3510 Weiher".
1045 3452 1092 3512 Es

144 3475 163 3535 st
189 3473 234 3533 ein
270 3476 371 3536 sattes
403 3482 646 3542 schöngeistiges
677 3489 905 3549 Bürgertum,
937 3497 992 3557 das
1023 3496 1088 3556 uns

140 3519 304 3579 Schnitzler
331 3524 522 3584 vorgeführt
548 3529 626 3589 hat;
647 3530 677 3590 es
704 3532 765 3592 sind
797 3536 998 3596 Ausschnitte
1024 3539 1086 3599 aus

140 3561 214 3621 einer
252 3567 429 3627 sorglosern
472 3572 530 3632 und
564 3575 874 3635 unbekümmertern
912 3584 1019 3644 Welt,
1046 3585 1093 3645 als

138 3608 160 3668 es
183 3608 234 3668 die
263 3610 394 3670 heutige
435 3616 485 3676 st.)

1409 225 1534 285 box
1614 225 1793 285 42/6

1405 644 2135 704 DOBSERVER

1531 703 1665 763 österr.
1679 708 1831 768 behördl.
1850 715 2136 775 konzessioniertes

1465 743 1695 803 Unternehmen
1723 748 1768 808 für
1791 754 2164 814 Zeitungs-Ausschnitte

1512 802 1662 862 WIEN,
1683 809 1723 869 I.,
1751 816 2031 876 WOLLZEILE
2072 821 2119 881 11

1600 858 1819 918 TELEPHON
1852 867 2029 927 R-23-0-43

1398 996 1622 1056 Ausschnitt
1642 1003 1713 1063 aus
1768 1037 2094 1097 Arbeiterzeitung,
2113 1049 2211 1109 Wien.

1665 1187 1757 1247 22.
1786 1187 1915 1247 OKf.
1926 1189 2027 1249 1731

1389 1219 1507 1279 vom:

1825 1542 2042 1602 Artur
2112 1551 2492 1611 Schnitzler

1357 1608 1418 1668 Jäh
1458 1612 1520 1672 und
1560 1616 1745 1676 schmerzlich
1785 1620 1875 1680 trifft
1909 1623 1954 1683 die
1988 1628 2151 1688 Nachricht

2190 1631 2265 1691 Land
2296 1633 2347 1693 der
2378 1634 2474 1694 Seele
2495 1637 2555 1697 aus
2581 1641 2738 1701 leuchtend
2769 1643 2804 1703 um
2845 1646 2896 1706 den
2927 1646 3033 1706 reinen

1295 1652 1350 1712 vom
1391 1655 1482 1715 Tode
1503 1658 1610 1718 Artur
1636 1661 1844 1721 Schnitzlers.

2189 1672 2294 1732 Glanz
2343 1674 2401 1734 der
2428 1679 2587 1739 Artseele,
2631 1684 2672 1744 um
2721 1688 3051 1748 Gesellschaftskritik,

1356 1703 1454 1763 Statt
1491 1708 1542 1768 des
1590 1717 1939 1777 Geburtstagsfestes,
1971 1721 2027 1781 das
2075 1726 2131 1786 zum

2190 1718 2220 1778 um
2293 1717 2345 1777 der
2382 1720 2626 1780 Menschlichkeit
2678 1730 2776 1790 große
2808 1733 3046 1793 Gegenstände.

1292 1751 1492 1811 kommenden
1529 1751 1606 1811 Mai
1632 1754 1683 1814 dem
1725 1763 1987 1823 siebzigjährigen
2024 1767 2142 1827 Dichter

2249 1760 2347 1820 Nicht
2394 1762 2461 1822 nur
2513 1768 2622 1828 hinter
2675 1772 2731 1832 der
2763 1775 2960 1835 Lustbarkeit
2992 1774 3043 1834 des

1293 1790 1317 1850 in
1348 1793 1428 1853 aller
1454 1794 1554 1854 Stille
1585 1799 1776 1859 verbereitet
1802 1803 1917 1863 werden
1953 1810 2054 1870 sollte,
2074 1811 2144 1871 muß

2203 1803 2344 1863 „Grünen
2385 1806 2536 1866 Kakadu“
2577 1813 2694 1873 grollte
2724 1813 2775 1873 die
2811 1819 2906 1879 große
2943 1819 3048 1879 Revo¬

1293 1831 1342 1891 zur
1368 1835 1555 1895 Totenfeier
1586 1842 1722 1902 gerüstet
1748 1849 1894 1909 werden,
1915 1850 2000 1910 einer
2026 1852 2152 1912 Toten¬

2182 1846 2306 1906 lution,
2331 1847 2395 1907 und
2430 1848 2479 1908 die
2514 1852 2692 1912 imposante
2727 1859 2949 1919 Komposition
2985 1861 3038 1921 des

1290 1876 1380 1936 feier,
1401 1879 1451 1939 die
1482 1881 1532 1941 von
1568 1885 1825 1945 Bewunderung
1861 1891 1921 1951 und
1947 1895 2139 1955 Verehrung

2188 1888 2332 1948 Romans
2364 1890 2449 1950 „Der
2477 1891 2551 1951 Weg
2584 1896 2636 1956 ins
2669 1900 2802 1960 Freie",
2819 1903 2866 1963 die
2894 1904 2920 1964 in
2952 1905 3042 1965 ihrer

1286 1920 1361 1980 nicht
1387 1921 1452 1981 nur
1478 1924 1503 1984 in
1544 1927 1640 1987 hohem
1681 1932 1792 1992 Schein
1828 1936 1985 1996 leuchten,
2006 1940 2137 2000 sondern

2190 1933 2478 1993 Problemstellung
2540 1937 2605 1997 und
2661 1939 2696 1999 im
2763 1943 2899 2003 Gerank
2950 1947 3041 2007 ihrer

1278 1963 1323 2023 die
1354 1966 1414 2026 von
1451 1969 1655 2029 Herzenston
1691 1975 1793 2035 echter
1825 1981 2024 2041 Totenklage
2055 1984 2146 2044 weit¬

2183 1975 2339 2035 organisch
2370 1979 2582 2039 gewachsenen
2618 1984 2775 2044 Episoden
2831 1987 2911 2047 weit
2958 1990 3038 2050 über

1281 2005 1326 2065 hin
1362 2009 1469 2069 hallen
1505 2014 1572 2074 und
1608 2017 1853 2077 wiederklingen
1895 2023 1991 2083 wird.

2185 2015 2251 2075 eine
2304 2017 2417 2077 epische
2470 2024 2692 2084 Behandlung
2744 2028 2801 2088 der
2833 2032 3039 2092 Judenfrage

1349 2049 1455 2109 Selten
1493 2055 1545 2115 hat
1567 2057 1615 2117 ein
1642 2062 1902 2122 österreichischer
1929 2069 2067 2129 Dichter,
2089 2069 2131 2129 ein

2181 2058 2425 2118 hinausgreift,
2469 2064 2554 2124 zeigt
2587 2067 2762 2127 Schnizler
2795 2072 2843 2132 als
2881 2076 3040 2136 Gestalter

1286 2095 1420 2155 Dichter,
1452 2099 1503 2159 der
1545 2100 1571 2160 in
1613 2099 1701 2159 Wien
1743 2106 1899 2166 wurzelte
1936 2111 1997 2171 und
2040 2113 2132 2173 dessen

2182 2103 2301 2163 ernster
2328 2104 2464 2164 sozialer
2496 2107 2641 2167 Fragen.

1280 2133 1381 2193 Werke
1408 2139 1519 2199 Wiens
1546 2146 1764 2206 Atmosphäre
1786 2151 1945 2211 atmeten,
1961 2155 1987 2215 so
2014 2157 2072 2217 tief
2094 2156 2142 2216 er¬

2247 2155 2290 2215 In
2329 2155 2466 2215 späteren
2504 2160 2623 2220 Jahren
2661 2163 2717 2223 hat
2743 2163 2793 2223 sich
2818 2165 2868 2225 der
2900 2169 3044 2229 Dichter,

1278 2181 1416 2241 griffen,
1437 2184 1463 2244 so
1490 2186 1570 2246 weit
1591 2188 1724 2248 gewirkt
1746 2193 1803 2253 wie
1830 2196 1931 2256 Artur
1958 2200 2143 2260 Schnitzler.

2179 2196 2238 2256 wie
2287 2199 2526 2259 abschließend,
2571 2204 2635 2264 mit
2668 2210 2869 2270 „Casanovas
2924 2214 3043 2274 Heim¬

1278 2220 1376 2280 Seine
1404 2230 1721 2290 Erzählungskunst
1749 2235 1803 2295 hat
1837 2239 1919 2299 nicht
1968 2243 2033 2303 nur
2089 2242 2137 2302 die

2183 2240 2305 2300 fahrt",
2355 2243 2421 2303 mit
2484 2243 2538 2303 der
2589 2249 2761 2309 Tragödie
2823 2252 2878 2312 des
2934 2255 3039 2315 Bade¬

1279 2267 1464 2327 literarische
1491 2271 1575 2331 Welt
1596 2276 1787 2336 aufhorchen
1819 2282 1966 2342 gemacht,
1988 2284 2035 2344 die
2062 2284 2141 2344 reiz¬

2176 2282 2282 2342 arztes
2320 2285 2462 2345 Gräser,
2506 2289 2579 2349 der,
2629 2292 2692 2352 wie
2740 2293 2825 2353 einst
2852 2295 2904 2355 der
2942 2300 3037 2360 junge

1278 2310 1340 2370 voll
1366 2313 1547 2373 gelockerten
1585 2318 1714 2378 Szenen
1746 2323 1849 2383 seiner
1881 2330 2067 2390 Dramatik,
2089 2330 2135 2390 die

2178 2327 2315 2387 Anatol,
2348 2330 2496 2390 zwischen
2546 2332 2622 2392 zwei
2661 2336 2792 2396 Frauen
2842 2340 2940 2400 steht,
2979 2342 3038 2402 mit

1281 2351 1301 2411 so
1334 2355 1381 2415 oft
1408 2357 1455 2417 die
1482 2360 1656 2420 anmutige
1683 2367 1964 2427 Schwerlosigkeit
1991 2372 2133 2432 genialer

2176 2366 2296 2426 reifstem
2373 2372 2539 2432 Erkennen
2611 2377 2727 2437 wieder
2793 2381 2843 2441 dem
2925 2386 3040 2446 rätsel¬

1282 2396 1576 2456 Stegreifdichtung
1603 2408 1825 2468 vortäuschen,
1846 2412 1939 2472 haben
1970 2414 2047 2474 nicht
2074 2414 2135 2474 nur

2177 2411 2277 2471 vollen
2320 2414 2510 2474 Stoffkreis
2565 2420 2786 2480 vergeistigter
2830 2424 2941 2484 Erotik
2984 2426 3036 2486 zu¬

1276 2438 1323 2498 die
1345 2443 1441 2503 ersten
1473 2443 1610 2503 Bühnen
1643 2448 1786 2508 erobert,
1808 2455 1999 2515 Schnitzlers
2031 2458 2137 2518 Werke

2178 2455 2363 2515 gewendet:
2390 2459 2453 2519 Die
2480 2461 2574 2521 Liebe
2602 2464 2750 2524 erscheint
2777 2465 2803 2525 in
2835 2468 3030 2528 Schnitzlers

1275 2482 1354 2542 sind,
1376 2485 1445 2545 was
1477 2487 1552 2547 weit
1584 2490 1668 2550 mehr
1701 2495 1860 2555 bedeutet,
1888 2499 1946 2559 tief
1973 2499 2026 2559 ins
2058 2499 2138 2559 Volk

2178 2500 2385 2560 Lebenswerk
2417 2502 2479 2562 wie
2511 2505 2578 2565 eine
2610 2509 2838 2569 unerbittliche
2870 2512 3041 2572 Gottheit,

1275 2527 1476 2587 gedrungen,
1492 2530 1588 2590 haben
1619 2535 1664 2595 die
1685 2538 1811 2598 geistige
1837 2539 2024 2599 Erweckung
2050 2544 2130 2604 einer

2170 2542 2217 2602 die
2244 2545 2297 2605 den
2330 2545 2496 2605 Menschen
2534 2549 2667 2609 schuldig
2699 2554 2822 2614 werden
2860 2554 2945 2614 läßt,
2967 2557 3025 2617 und

1267 2569 1461 2629 Generation
1497 2575 1665 2635 gefordert
1695 2580 1755 2640 und
1790 2581 1849 2641 sind
1885 2584 1974 2644 einer
2005 2585 2123 2645 andern

2176 2584 2250 2644 über
2287 2584 2339 2644 ihn
2377 2590 2508 2650 Gericht
2540 2592 2630 2652 hält,
2657 2594 2698 2654 um
2752 2595 2798 2655 die
2831 2599 3025 2659 unmerkbar

1267 2614 1331 2674 noch
1366 2617 1484 2677 immer
1519 2617 1721 2677 unveraltet.
1752 2625 1845 2685 Denn
1885 2626 1988 2686 hinter
2023 2628 2122 2688 diesen

2171 2629 2346 2689 riesenhaft
2370 2632 2563 2692 gewachsene
2586 2637 2705 2697 Schuld
2729 2640 2785 2700 mit
2803 2642 2905 2702 Härte
2923 2646 3030 2706 einzu¬

1275 2657 1466 2717 Dichtungen
1509 2661 1596 2721 stand
1638 2662 1684 2722 ein
1727 2666 1856 2726 Mann,
1887 2667 2027 2727 aufrecht
2064 2672 2126 2732 und

2170 2671 2319 2731 treiben.

1263 2696 1361 2756 kühn,
1382 2699 1408 2759 in
1440 2700 1554 2760 allem,
1576 2703 1643 2763 was
1675 2705 1705 2765 er
1737 2707 1763 2767 zu
1800 2709 1888 2769 sagen
1925 2712 2029 2772 hatte.
2050 2712 2123 2772 Und

2240 2719 2286 2779 So
2320 2726 2412 2786 herb,
2454 2727 2486 2787 so
2513 2730 2632 2790 bitter,
2674 2735 2706 2795 se
2734 2734 2800 2794 tief
2820 2738 2933 2798 sittlich
2987 2739 3027 2799 ist

1267 2742 1321 2802 das
1351 2743 1420 2803 war
1445 2745 1509 2805 viel
1539 2747 1603 2807 und
1633 2746 1682 2806 nie
1713 2751 1791 2811 ohne
1821 2752 1920 2812 neues
1950 2756 2132 2816 Bedeuten.

2174 2765 2365 2825 Schnitzlers
2392 2769 2545 2829 erotische
2572 2775 2752 2835 Dichtung.

1332 2790 1430 2850 Artur
1463 2796 1659 2856 Schnitzlers
1698 2804 1856 2864 Dichtung
1900 2807 2025 2867 erschloß
2069 2809 2118 2869 sich

2231 2807 2290 2867 Der
2323 2813 2447 2873 Roman
2486 2818 2660 2878 „Therese“
2693 2822 2763 2882 war
2791 2823 2844 2883 des
2878 2825 3018 2885 Dichters

1263 2839 1324 2899 vor
1376 2840 1438 2900 und
1475 2842 1536 2902 mit
1568 2841 1728 2901 „Anatol“
1765 2846 1821 2906 zur
1853 2849 2018 2909 Blütezeit
2070 2849 2121 2909 des

2164 2851 2264 2911 letzte,
2281 2855 2391 2915 große,
2408 2856 2518 2916 epische
2541 2859 2752 2919 Schöpfung.
2763 2865 2806 2925 In
2833 2867 2885 2927 den
2912 2870 3023 2930 Essays

1266 2882 1539 2942 Naturalismus.
1566 2884 1651 2944 Aber
1682 2887 1728 2947 die
1764 2891 1946 2951 doktrinäre
1977 2891 2124 2951 Schwere

2164 2894 2273 2954 „Geist
2296 2894 2322 2954 im
2367 2899 2465 2959 Wort
2493 2900 2552 2960 und
2586 2903 2679 2963 Geist
2701 2905 2728 2965 in
2761 2909 2815 2969 der
2843 2912 2947 2972 Tat",
2969 2912 3023 2972 hat

1262 2924 1308 2984 des
1345 2925 1402 2985 von
1449 2926 1537 2986 Arno
1574 2930 1673 2990 Holz,
1705 2932 1839 2992 Johann
1882 2936 2011 2996 Schlaf,
2043 2936 2100 2996 vom

2164 2938 2351 2998 Schnitzler,
2372 2941 2429 3001 der
2456 2945 2669 3005 niemals
2701 2950 2753 3010 den
2790 2954 2935 3014 Mächten
2973 2956 3019 3016 der

1261 2966 1375 3026 jungen
1415 2969 1562 3029 Gerbart
1593 2970 1805 3030 Hauptmann
1845 2978 2112 3038 repräsentierten

2164 2979 2295 3039 Gewalt
2316 2984 2438 3044 diente,
2459 2987 2514 3047 das
2540 2990 2768 3050 Vermächtnis
2800 2999 3023 3059 hochgereifter

1260 3011 1536 3071 Naturalismus,
1577 3014 1630 3074 die
1675 3017 1734 3077 von
1789 3023 2119 3083 sozialökonomischer

2164 3026 2452 3086 Weltanschauung
2502 3032 2566 3092 und
2621 3035 2740 3095 milder
2784 3041 2947 3101 Weisheit
2969 3042 3023 3102 ge¬

1259 3053 1391 3113 Theorie
1422 3053 1625 3113 beeinflußte
1661 3061 2017 3121 Auseinandersetzung
2059 3066 2119 3126 mit

2164 3065 2282 3125 geben.

1261 3097 1565 3157 Vererbungslehre
1625 3103 1690 3163 und
1750 3106 2004 3166 Darwinismus
2069 3110 2118 3170 lag

2230 3109 2328 3169 Artur
2364 3114 2560 3174 Schnitzlers
2590 3117 2676 3177 hohe
2723 3124 2868 3184 formale
2903 3123 3018 3183 Kunst.

1262 3138 1308 3198 dem
1360 3139 1489 3199 Wiener
1526 3142 1649 3202 Dichter
1681 3145 1768 3205 sern.
1795 3148 1897 3208 Artur
1934 3151 2125 3211 Schnitzler,

2154 3151 2204 3211 der
2235 3154 2398 3214 gepflegte
2449 3159 2515 3219 und
2566 3163 2749 3223 geläuterte
2800 3165 2877 3225 Stil
2928 3172 3014 3232 eines

1262 3184 1313 3244 der
1339 3184 1432 3244 Sohn
1468 3186 1556 3246 eines
1592 3187 1747 3247 gelehrten
1784 3193 1897 3253 Arztes
1933 3194 1995 3254 und
2026 3196 2119 3256 selbst

2155 3196 2333 3256 eigenartig
2369 3202 2656 3262 hochentwickelten
2687 3212 3024 3272 Impressionismus,

1261 3226 1515 3286 seelenkundiger
1549 3229 1644 3289 Arzt,
1674 3233 1803 3293 gewann
1842 3235 1894 3295 der
1924 3238 2120 3298 natura¬

2156 3238 2207 3298 der
2248 3238 2299 3298 die
2346 3247 2691 3307 Passivität

2740 3253 2836 3313 des

2902 3256 3009 3316 Ichs

1254 3267 1471 3327 listischen
1515 3270 1674 3330 Dichtung
1733 3275 1781 3335 ein
1845 3276 1946 3336 neues
1983 3279 2105 3339 Gebiet

2156 3279 2222 3339 leise
2259 3282 2389 3342 ironisch
2431 3284 2492 3344 und
2534 3288 2633 3348 etwas
2675 3296 2908 3356 schwermütig,
2940 3298 3011 3358 aber

1253 3309 1308 3369 das
1339 3312 1429 3372 Reich
1466 3310 1516 3370 des
1552 3316 1638 3376 Eros
1674 3316 1735 3376 mit
1766 3319 1816 3379 all
1842 3320 1944 3380 seinen
1980 3321 2116 3381 lockend¬

2159 3322 2214 3382 mit
2239 3326 2502 3386 weltanschaulich
2533 3334 2750 3394 bedeutsamer
2776 3340 2922 3400 Klarheit
2948 3342 3008 3402 und

1250 3355 1407 3415 lachenden
1448 3354 1626 3414 Gefilden,
1677 3360 1779 3420 seinen
1841 3363 2105 3423 labyrinthischen

2160 3369 2441 3429 Eindringlichkeit
2498 3378 2755 3438 nahezubringen
2826 3384 3012 3444 vermochte,

1254 3398 1414 3458 Gebirgen
1460 3398 1521 3458 und
1557 3404 1824 3464 verschwiegenen
1865 3408 2117 3468 Einsamkeiten,

2154 3412 2295 3472 bedürfte
2323 3417 2513 3477 besonderer
2563 3421 2623 3481 und
2650 3426 2890 3486 ausführlicher
2918 3431 3015 3491 Wür¬

1251 3440 1280 3500 er
1316 3441 1447 3501 gewann
1488 3442 1543 3502 ihr
1574 3442 1635 3502 das
1671 3446 1761 3506 Land
1798 3448 1853 3508 der
1889 3450 2101 3510 menschlichen
2152 3453 2298 3513 digung.

1263 3481 1353 3541 Seele
1389 3482 1413 3542 in
1460 3484 1560 3544 seinen
1606 3487 1929 3547 nebelverschleierten
1975 3494 2116 3554 Weiten.

2221 3501 2269 3561 Ein
2301 3509 2530 3569 endgültiges,
2552 3515 2813 3575 abgeschlossenes
2841 3521 3006 3581 poetisches

1258 3524 1314 3584 Vom
1367 3527 1506 3587 heiteren
1553 3531 1713 3591 „Anatel“
1755 3533 1832 3593 über
1869 3533 1920 3593 den
1957 3536 2101 3596 blutigen

2151 3547 2334 3607 Testament
2365 3550 2419 3610 des
2449 3554 2592 3614 Dichters
2647 3557 2687 3617 ist
2732 3560 2796 3620 uns
2852 3563 2930 3623 nicht
2956 3563 3009 3623 ge¬

1253 3569 1350 3629 Ernst
1382 3571 1433 3631 der
1475 3572 1650 3632 „Liebelei“
1708 3575 1764 3635 zum
1822 3578 2106 3638 Antiduelldrama

2147 3593 2299 3653 worden;
2325 3595 2401 3655 denn
2437 3595 2487 3655 der
2524 3598 2590 3658 Tod
2621 3599 2677 3659 hat
2703 3602 2804 3662 Artur
2835 3608 3003 3668 Schnitzler

1255 3611 1468 3671 „Freiwild“,
1495 3614 1551 3674 das
1589 3616 1619 3676 zu
1662 3617 1750 3677 Ende
1787 3620 1843 3680 des
1880 3623 2104 3683 vergangenen

2153 3633 2208 3693 mit
2229 3635 2381 3695 raschem,
2397 3638 2523 3698 leichtem
2565 3641 2692 3701 Schritt
2718 3643 2768 3703 von
2805 3646 2855 3706 der
2881 3648 3007 3708 Arbeit,

1246 3656 1501 3716 Jahrhunderts
1559 3657 1620 3717 auf
1668 3659 1720 3719 die
1757 3662 2002 3722 überständigen
2044 3663 2111 3723 feu¬

2151 3674 2206 3734 vom
2273 3681 2635 3741 Morgenspaziergang
2692 3688 2890 3748 weggeholt,
2938 3690 2993 3750 vom

1249 3694 1331 3754 dalen
1379 3699 1613 3759 Ehrbegriffen
1676 3702 1859 3762 verfallene
1911 3706 2109 3766 bürgerliche

2161 3718 2238 3778 reien
2272 3721 2350 3781 Weg
2379 3721 2408 3781 im
2452 3724 2563 3784 weiten
2598 3727 2680 3787 Land
2734 3729 2835 3789 seines
2884 3733 2995 3793 reichen

1255 3739 1452 3799 Gesellschaft
1479 3742 1537 3802 wie
1570 3745 1756 3805 Kampfruf
1783 3748 1911 3808 wirkte.

2154 3763 2312 3823 Wirkens,
2337 3764 2389 3824 dem
2434 3765 2491 3825 das
2520 3768 2616 3828 Leben
2650 3769 2673 3829 in
2712 3772 2808 3832 vollen
2838 3775 2991 3835 tönenden

1314 3791 1366 3851 Bis
1441 3791 1535 3851 dahin
1610 3796 1699 3856 hatte
1768 3799 1841 3859 man
1921 3799 1973 3859 die

2034 3799 2106 3859 leise

2159 3805 2306 3865 Strömen
2341 3807 2493 3867 rauschte,
2513 3811 2729 3871 heimgeholt,
2750 3815 2798 3875 den
2838 3817 2985 3877 einsamen

1252 3832 1469 3892 Schwermut,
1515 3836 1565 3896 die
1627 3838 1703 3898 über
1759 3841 1956 3901 Schnitzlers
2013 3844 2108 3904 Dich¬

2148 3846 2215 3906 Weg
2246 3849 2303 3909 ins
2329 3850 2537 3910 unbekannte
2563 3855 2671 3915 Land.

1246 3873 1361 3933 tungen
1400 3878 1545 3938 schwebt,
1589 3880 1656 3940 mit
1686 3882 1984 3942 Sentimentalität
2038 3887 2109 3947 ver¬

1249 3916 1401 3976 wechselt,
1431 3919 1480 3979 die
1515 3921 1657 3981 graziöse
1697 3923 1814 3983 Leichte
1854 3927 1957 3987 seiner
1992 3928 2100 3988 Poesie

1246 3958 1303 4018 mit
1338 3960 1515 4020 harmloser
1549 3963 1727 4023 Wienerei.
1752 3967 1838 4027 Jetzt
1872 3968 1978 4028 wußte
2017 3972 2107 4032 man,

1245 4001 1299 4061 daß
1340 4003 1371 4063 es
1406 4004 1502 4064 diesem
1558 4006 1699 4066 Dichter,
1725 4010 1775 4070 der
1811 4013 2109 4073 Sentimentalität

2176 4029 2319 4089 Artur
2369 4035 2619 4095 Schnitzler
2669 4045 2958 4105 gestorben.

1247 4045 1296 4105 als
1327 4047 1393 4107 „ein
1429 4047 1519 4107 unter
1555 4048 1605 4108 dem
1657 4050 1752 4110 Preis
1808 4051 2010 4111 erhandeltes
2041 4052 2106 4112 Ge¬

1252 4085 1337 4145 fühl“
1373 4089 1464 4149 innig
1505 4091 1570 4151 und
1606 4094 1763 4154 grimmig
1804 4094 1976 4154 verachtete

2192 4094 2323 4154 Gestern
2362 4096 2465 4156 abend
