3392 4320
141 1843 227 1903 jene¬

147 1881 222 1941 auch

185 265 302 325 12.
362 270 853 330 Schnitzler
913 277 951 337 s
1021 273 1246 333 Death

287 1625 483 1685 Mädchens,
504 1629 575 1689 das,
592 1631 669 1691 über
695 1632 741 1692 die
767 1636 865 1696 Leiche
886 1637 937 1697 des
964 1643 1082 1703 Vaters
1108 1647 1190 1707 weg,

286 1664 397 1724 gelockt
427 1664 485 1724 von
524 1668 577 1728 dem
631 1673 718 1733 „Ruf
753 1675 801 1735 des
840 1675 961 1735 Lebens

1014 1678 1044 1738 in
1097 1682 1185 1742 zwei

282 1702 390 1762 offene
430 1705 710 1765 Leutnantsarme
745 1714 892 1774 springt,
922 1717 1054 1777 Bruder
1094 1720 1182 1780 jenes

286 1741 468 1801 Leutnants
502 1744 617 1804 Gustl,
641 1748 693 1808 dem
737 1749 794 1809 das
828 1754 929 1814 Duell
953 1754 1010 1814 von
1049 1757 1178 1817 morgen

286 1781 376 1841 heute
405 1780 457 1840 den
491 1784 720 1844 Angstschweiß
754 1789 811 1849 aus
845 1790 892 1850 den
931 1791 1035 1851 Poren
1074 1795 1184 1855 treibt,

286 1816 346 1876 und
389 1819 477 1879 jenes
520 1819 627 1879 armen
674 1825 1010 1885 Schwindsüchtigen,
1044 1832 1095 1892 der
1137 1834 1164 1894 im

288 1855 468 1915 „Sterben“
499 1858 659 1918 hinsiecht,
680 1865 830 1925 während
861 1867 916 1927 sein
951 1870 1082 1930 Mädel,
1102 1872 1177 1932 diese

290 1891 331 1951 ins
364 1897 560 1957 Unendliche
589 1900 748 1960 duldende
781 1907 1001 1967 Magdalena,
1024 1909 1076 1969 neu
1114 1912 1169 1972 dem

285 1930 373 1990 Leben
423 1936 703 1996 entgegenatmet.
734 1942 867 2002 Immer
903 1945 1014 2005 wieder
1050 1948 1116 2008 war
1148 1948 1178 2008 es

284 1972 367 2032 „Der
397 1974 470 2034 Ruf
495 1972 548 2032 des
579 1978 745 2038 Lebens",
765 1980 818 2040 den
848 1984 1024 2044 Schnitzler
1054 1987 1166 2047 dichten

286 2008 406 2068 wollte;
444 2011 518 2071 aber
551 2011 578 2071 es
611 2013 680 2073 war
713 2018 904 2078 gewöhnlich
937 2021 978 2081 ein
1021 2025 1178 2085 Sterben.

281 2046 382 2106 Reden
411 2046 492 2106 nicht
512 2050 579 2110 auch
603 2052 651 2112 die
675 2055 858 2115 Menschen,
873 2058 964 2118 denen
998 2061 1045 2121 das
1075 2062 1165 2122 Leben

279 2082 312 2142 am
370 2085 518 2145 teuersten
566 2091 643 2151 gilt,
677 2092 743 2152 sehr
778 2094 839 2154 viel
864 2097 926 2157 und
960 2100 1070 2160 häufig
1104 2102 1161 2162 vom

281 2121 369 2181 Tod?
394 2121 443 2181 Es
468 2124 522 2184 ist,
542 2126 586 2186 als
616 2130 723 2190 würde
754 2130 783 2190 er
808 2132 856 2192 sich
887 2135 950 2195 eine
975 2138 1078 2198 Angst
1104 2141 1157 2201 vom

284 2161 352 2221 Leib
382 2163 480 2223 damit
506 2166 677 2226 schreiben.
697 2169 766 2229 Und
796 2170 860 2230 sehr
885 2175 983 2235 mutig
1013 2177 1076 2237 sind
1102 2180 1170 2240 auch

284 2200 357 2260 seine
383 2202 500 2262 Helden
530 2205 628 2265 nicht,
648 2205 672 2265 im
717 2209 903 2269 „Freiwild“
933 2214 1031 2274 nicht,
1046 2215 1090 2275 wo
1120 2216 1169 2276 der

275 2237 340 2297 eine
369 2237 420 2297 den
454 2240 589 2300 anderen
627 2243 820 2303 hinterrücks
853 2249 927 2309 über
956 2250 1007 2310 den
1041 2255 1167 2315 Haufen

278 2276 391 2336 knallt,
414 2276 446 2336 im
490 2282 641 2342 „Jungen
679 2285 884 2345 Medardus"
918 2291 1014 2351 nicht,
1042 2291 1085 2351 wo
1118 2294 1172 2354 der

280 2312 349 2372 Held
389 2315 443 2375 kein
483 2321 582 2381 Tater
612 2320 666 2380 ist,
691 2324 819 2384 sondern
859 2327 898 2387 ein
938 2327 1087 2387 Dulder,
1107 2332 1170 2392 und

276 2354 352 2414 dann
386 2353 439 2413 der
464 2356 632 2416 Leutnant
656 2363 820 2423 Gustl...
835 2366 916 2426 Auch
946 2369 1167 2429 Grillparzers

276 2393 390 2453 Helden
429 2392 491 2452 sind
530 2394 611 2454 keine
640 2399 779 2459 Helden.
813 2402 932 2462 Rustan
971 2407 1157 2467 deklamiert

281 2428 366 2488 „Und
396 2428 441 2488 die
472 2428 582 2488 Größe
613 2434 648 2494 ist
673 2437 859 2497 gefährlich,
885 2443 945 2503 und
975 2443 1025 2503 der
1056 2446 1151 2506 Ruhm

273 2464 317 2524 ein
352 2467 450 2527 leeres
485 2467 603 2527 Spiel:
638 2473 706 2533 was
747 2475 775 2535 er
815 2478 904 2538 gibt,
934 2482 997 2542 sind
1038 2483 1170 2543 nicht'ge

275 2506 447 2566 Schatten,
467 2508 529 2568 was
558 2507 587 2567 er
616 2515 755 2575 nimmt,
775 2515 798 2575 es
832 2515 865 2575 ist
890 2517 913 2577 so
943 2518 1034 2578 viel.“
1063 2520 1173 2580 Nord¬

273 2544 409 2604 deutsche
441 2545 586 2605 Naturen
623 2551 745 2611 werden
782 2554 895 2614 anders
928 2557 1064 2617 denken,
1096 2563 1168 2623 aber

270 2581 480 2641 Grillparzer
519 2587 590 2647 war
629 2587 743 2647 Wien,
777 2593 838 2653 und
882 2596 1054 2656 Schnitzler
1097 2599 1164 2659 war

276 2620 381 2680 Wien,
396 2622 458 2682 und
483 2622 545 2682 was
575 2628 781 2688 Grillparzer
806 2632 878 2692 über
902 2633 979 2693 seine
1004 2637 1162 2697 Dichtung

270 2658 373 2718 gesetzt
399 2659 473 2719 hat,
493 2659 552 2719 dies
582 2661 666 2721 ließe
691 2665 735 2725 sich
770 2669 834 2729 auch
869 2670 943 2730 über
973 2673 1165 2733 Schnitzlers

275 2697 427 2757 Dichtung
457 2700 565 2760 setzen:
585 2703 702 2763 „Wenn
727 2706 771 2766 Du
796 2706 849 2766 vom
885 2710 1149 2770 Kahlenberg...

308 2736 385 2796 Hier
417 2739 525 2799 wurde
562 2738 593 2798 er
626 2743 761 2803 geboren
803 2746 861 2806 und
898 2746 965 2806 hier
998 2751 1097 2811 wuchs
1134 2751 1165 2811 er

269 2775 340 2835 auf,
360 2774 450 2834 Sohn
489 2778 570 2838 eines
600 2781 733 2841 Arztes,
753 2787 887 2847 Bruder
916 2789 1001 2849 eines
1035 2788 1169 2848 Profes¬

270 2812 334 2872 sors
359 2812 412 2872 der
432 2817 574 2877 Medizin
604 2820 663 2880 und
693 2821 791 2881 selber
816 2826 855 2886 ein
880 2827 978 2887 Arzt,
993 2827 1042 2887 der
1067 2829 1164 2889 selber

275 2852 392 2912 einmal
418 2852 472 2912 von
507 2855 551 2915 sich
581 2858 694 2918 gesagt
719 2861 787 2921 hat,
813 2862 841 2922 er
866 2863 955 2923 hätte
980 2865 1063 2925 ohne
1088 2867 1166 2927 diese

269 2891 549 2951 wissenschaftliche
584 2898 751 2958 Kenntnis
786 2900 834 2960 nie
874 2900 932 2960 sein
972 2906 1129 2966 „Sterben

269 2930 326 2990 und
360 2931 412 2991 nie
442 2933 518 2993 „Die
548 2933 652 2993 letzten
687 2939 845 2999 Masken“
879 2942 989 3002 dichten
1028 2946 1167 3006 können.

270 2967 322 3027 Wo
351 2966 393 3026 die
418 2972 523 3032 Stadt
547 2970 595 3030 ins
624 2977 710 3037 Land
739 2980 892 3040 verrinnt
916 2983 978 3043 und
1008 2981 1055 3041 die
1079 2986 1165 3046 sanf¬

263 3008 306 3068 ten
345 3008 551 3068 Hügelketten
585 3011 637 3071 des
671 3020 945 3080 Kahlengebirges
979 3020 1026 3080 den
1061 3021 1161 3081 Men¬

265 3043 336 3103 schen
375 3046 404 3106 in
443 3047 495 3107 die
530 3051 659 3111 Fenster
693 3055 842 3115 schauen,
886 3058 962 3118 dort
997 3060 1058 3120 war
1097 3061 1154 3121 sein

270 3085 372 3145 Heim,
396 3087 456 3147 von
494 3088 546 3148 dem
597 3089 639 3149 ein
682 3095 892 3155 bestrickendes
930 3099 1051 3159 Aroma
1089 3099 1163 3159 Alt¬

264 3121 389 3181 Wiener
424 3127 685 3187 Patriziertums
719 3132 782 3192 mit
806 3136 893 3196 einem
942 3139 1043 3199 Schuß
1082 3141 1164 3201 Ma¬

263 3163 445 3223 kartbukett
494 3166 558 3226 und
608 3169 844 3229 Persexteppich
889 3178 1051 3238 ausging.
1101 3181 1159 3241 Die

267 3202 358 3262 ganze
396 3205 607 3265 Längswand
646 3209 698 3269 des
738 3214 1049 3274 Arbeitszimmers,
1078 3218 1164 3278 drei¬

265 3241 320 3301 fach
349 3247 765 3307 hintereinandergereiht,
789 3252 920 3312 nehmen
957 3252 1004 3312 die
1037 3254 1158 3314 Bücher

262 3279 322 3339 und
364 3282 541 3342 Folianten
598 3285 667 3345 ein,
710 3288 807 3348 unter
840 3290 938 3350 denen
985 3290 1157 3350 historische

261 3318 369 3378 Werke
404 3319 453 3379 die
488 3323 669 3383 Ueberzahl
704 3327 832 3387 bilden;
862 3330 940 3390 denn
985 3329 1157 3389 Geschichte

262 3357 327 3417 war
360 3359 421 3419 nun
459 3359 505 3419 die
539 3366 835 3426 Lieblingslektüre
868 3369 929 3429 und
963 3369 1018 3429 das
1052 3372 1164 3432 inten¬

258 3397 339 3457 sivste
369 3398 522 3458 Studium
566 3400 613 3460 des
648 3405 796 3465 früheren
835 3408 969 3468 Arztes.
1004 3411 1051 3471 Da
1085 3411 1157 3471 ver¬

259 3441 369 3501 gingen
403 3441 452 3501 ihm
486 3442 591 3502 täglich
619 3444 696 3504 viele
718 3447 868 3507 Stunden
896 3450 1011 3510 ernster
1029 3453 1161 3513 Arbeit,

1472 273 1595 333 box
1674 279 1859 339 42/7

1250 1635 1292 1695 die
1326 1637 1374 1697 den
1408 1637 1584 1697 Wienern,
1604 1643 1646 1703 die
1675 1646 1727 1706 ihn
1761 1652 1876 1712 immer
1910 1655 1971 1715 nur
2005 1656 2052 1716 als
2087 1658 2134 1718 den

1250 1676 1402 1736 Schöpfer
1432 1676 1481 1736 des
1511 1679 1618 1739 „süßen
1653 1687 1824 1747 Mädels",
1845 1691 1888 1751 als
1923 1692 1972 1752 den
2007 1696 2144 1756 Schnitz¬

1250 1712 1294 1772 ler
1324 1712 1372 1772 der
1403 1714 1555 1774 Liebelei,
1581 1718 1629 1778 des
1659 1725 1792 1785 Anatol
1817 1730 1930 1790 sahen,
1955 1733 2048 1793 höchst
2078 1732 2146 1792 ver¬

1248 1754 1438 1814 wunderlich
1470 1757 1597 1817 wären:
1620 1760 1647 1820 er
1675 1763 1747 1823 aber
1775 1769 1861 1829 sagte
1884 1770 1942 1830 mit
1966 1772 2047 1832 einer
2075 1772 2147 1832 selt¬

1249 1793 1290 1853 sam
1342 1799 1691 1859 zusammengerafften
1734 1806 1896 1866 Energie:
1925 1810 2022 1870 „Man
2064 1811 2134 1871 muß

1249 1831 1292 1891 sich
1321 1831 1378 1891 zur
1407 1832 1526 1892 Arbeit
1556 1839 1737 1899 manchmal
1766 1846 1928 1906 zwingen,
1953 1847 2034 1907 jeden
2073 1850 2134 1910 Tag

1247 1867 1300 1927 sein
1333 1868 1496 1928 Pensum;
1515 1873 1601 1933 wenn
1633 1879 1701 1939 man
1734 1882 1852 1942 einmal
1875 1885 1938 1945 eine
1961 1887 2057 1947 Sache
2080 1888 2147 1948 hat,

1244 1906 1323 1966 dann
1360 1909 1477 1969 durch!
1515 1912 1608 1972 Denn
1647 1915 1674 1975 es
1712 1917 1749 1977 ist
1778 1921 1828 1981 wie
1862 1924 1913 1984 bei
1937 1926 1988 1986 dem
2031 1927 2142 1987 Astro¬

1241 1945 1376 2005 nomen,
1400 1948 1451 2008 der
1484 1951 1517 2011 zu
1550 1952 1648 2012 lange
1676 1957 1788 2017 durchs
1821 1962 1993 2022 Fernrohr
2023 1968 2143 2028 schaut:

1243 1982 1299 2042 das
1327 1987 1537 2047 Firmament
1561 1993 1696 2053 beginnt
1719 1996 1850 2056 plötzlich
1883 2001 1911 2061 zu
1944 2004 2125 2064 flimmern.

1283 2020 1345 2080 Und
1374 2022 1450 2082 diese
1480 2029 1768 2089 Arbeitsmethode
1797 2036 1864 2096 mag
1898 2039 1926 2099 es
1961 2040 2028 2100 auch
2062 2043 2143 2103 sein,

1240 2061 1287 2121 die
1312 2061 1364 2121 den
1393 2062 1517 2122 Werken
1552 2070 1743 2130 Schnitzlers
1768 2074 1854 2134 jenes
1884 2079 2051 2139 Mühelose
2075 2081 2137 2141 und

1243 2097 1371 2157 Leichte,
1391 2102 1445 2162 das
1480 2108 1816 2168 Selbstverständliche
1846 2117 1909 2177 und
1940 2121 2136 2181 Zwingende

1239 2139 1325 2199 gibt.
1339 2141 1348 2201 —
1388 2139 1459 2199 Von
1488 2145 1584 2205 diesen
1613 2148 1709 2208 seinen
1738 2154 1886 2214 Werken,
1901 2157 1944 2217 die
1964 2157 1992 2217 in
2022 2160 2136 2220 rascher

1241 2178 1334 2238 Folge
1363 2181 1531 2241 erschienen
1569 2186 1630 2246 und
1659 2188 1710 2248 ihn
1743 2190 1823 2250 rasch
1856 2195 2010 2255 berühmt
2040 2199 2137 2259 mach¬

1236 2217 1306 2277 ten,
1334 2217 1408 2277 seien
1455 2220 1521 2280 noch
1563 2225 1731 2285 genannt:
1764 2230 1848 2290 „Das
1886 2233 2109 2293 Vermächtnis

1246 2249 1355 2309 (1897),
1371 2252 1416 2312 die
1436 2257 1507 2317 drei
1528 2263 1678 2323 Einakter
1704 2270 1955 2330 „Paracelsus",
1976 2274 2051 2334 „Die
2072 2272 2131 2332 Ge¬

1240 2295 1396 2355 fährtin",
1432 2297 1522 2357 „Der
1563 2303 1674 2363 grüne
1715 2308 1841 2368 Kakadu

1916 2309 2025 2369 (1898),
2062 2315 2125 2375 sein

1240 2333 1358 2393 Drama
1405 2335 1492 2395 „Der
1529 2339 1673 2399 Schleier
1715 2345 1766 2405 der
1808 2349 1978 2409 Beatrice“
2025 2352 2133 2412 (1899),

1237 2371 1315 2431 dann
1350 2369 1399 2429 der
1424 2375 1694 2435 Einakterzyklus
1724 2387 1919 2447 „Lebendige
1944 2392 2130 2452 Stunden“,

1232 2408 1367 2468 woraus
1427 2414 1600 2474 besonders
1665 2423 1873 2483 „Literatur“

1933 2428 2128 2488 hervorragt

1238 2446 1356 2506 (1901),
1376 2449 1429 2509 das
1459 2453 1587 2513 Drama
1617 2458 1700 2518 „Der
1730 2462 1867 2522 einsame
1898 2461 1991 2521 Weg“
2026 2467 2133 2527 (1903),

1234 2484 1278 2544 die
1309 2490 1465 2550 Komödie
1496 2495 1772 2555 „Zwischenspiel“
1803 2502 1924 2562 (1904);
1950 2503 2055 2563 ferner
2086 2506 2110 2566 im

1236 2524 1360 2584 gleichen
1390 2530 1495 2590 Jahre
1519 2532 1586 2592 eine
1610 2536 1687 2596 neue
1711 2539 1956 2599 Einakterreihe
1980 2542 2134 2602 „Mario¬

1234 2563 1376 2623 netten".
1411 2566 1494 2626 „Der
1524 2572 1622 2632 junge
1652 2578 1878 2638 Medardus",
1898 2581 1991 2641 dessen
2026 2584 2128 2644 Titel¬

1236 2605 1309 2665 rolle
1344 2604 1393 2664 dem
1443 2608 1560 2668 großen
1596 2611 1693 2671 Josef
1723 2617 1822 2677 Kainz
1856 2619 2033 2679 zugedacht,
2058 2623 2107 2683 dem

1230 2640 1383 2700 Künstler
1412 2643 1488 2703 aber
1517 2646 1598 2706 nicht
1627 2649 1718 2709 mehr
1747 2654 1780 2714 zu
1814 2655 1928 2715 spielen
1963 2658 2125 2718 vergönnt

1232 2679 1315 2739 war,
1335 2679 1367 2739 ist
1386 2681 1423 2741 ein
1452 2685 1568 2745 Drama
1602 2687 1658 2747 aus
1682 2691 1728 2751 den
1756 2694 1855 2754 Tagen
1888 2694 1939 2754 der
1959 2696 2122 2756 Besetzung

1233 2715 1341 2775 Wiens
1385 2721 1473 2781 durch
1513 2724 1684 2784 Napoleon
1729 2731 1762 2791 I.
1797 2733 1983 2793 (erschienen
2028 2738 2125 2798 1909).

1229 2754 1342 2814 Diesem
1382 2757 1490 2817 Werke
1520 2763 1617 2823 folgte
1648 2768 1735 2828 „Das
1766 2771 1854 2831 weite
1884 2775 1987 2835 Land“

2025 2778 2125 2838 1910).

1228 2796 1297 2856 eine
1318 2800 1564 2860 Tragikomödie
1590 2803 1634 2863 des
1665 2808 1820 2868 Alterns,
1836 2811 1901 2871 und
1927 2814 1991 2874 1912
2017 2814 2122 2874 „Pro¬

1225 2834 1318 2894 fessor
1343 2838 1569 2898 Bernhardi“,
1584 2838 1628 2898 ein
1658 2847 1849 2907 Schauspiel
1869 2850 1922 2910 aus
1952 2852 1996 2912 dem
2036 2852 2124 2912 arzt¬

1227 2870 1315 2930 lichen
1345 2875 1473 2935 Beruf,
1493 2879 1542 2939 bei
1567 2879 1665 2939 seiner
1696 2886 1912 2946 Aufführung
1947 2889 2001 2949 von
2036 2891 2124 2951 poli¬

1226 2911 1326 2971 tischen
1371 2914 1529 2974 Gruppen
1573 2918 1639 2978 viel
1674 2927 1875 2987 umstritten.
1914 2930 1962 2990 Im
2016 2930 2121 2990 Jahre

1227 2951 1294 3011 1915
1323 2951 1496 3011 erschienen
1530 2957 1602 3017 drei
1627 2961 1785 3021 Einakter
1814 2968 1910 3028 unter
1944 2966 1992 3026 dem
2036 2970 2122 3030 Titel

1227 2992 1398 3052 „Komödie
1424 2992 1477 3052 der
1507 2996 1654 3056 Worte“,
1675 3001 1743 3061 1917
1773 3004 1827 3064 das
1857 3008 1994 3068 schwache
2024 3008 2121 3068 „Fink

1227 3029 1288 3089 und
1320 3032 1579 3092 Fliederbusch“,
1605 3035 1672 3095 1919
1704 3044 1786 3104 „Die
1818 3044 2009 3104 Schwestern
2046 3046 2118 3106 oder

1225 3069 1392 3129 Casanova
1422 3070 1446 3130 in
1476 3073 1588 3133 Spa,
1603 3076 1677 3136 1924
1702 3082 1873 3142 „Komödie
1898 3082 1952 3142 der
1977 3083 2118 3143 Verfüh¬

1222 3106 1327 3166 rung“
1358 3109 1417 3169 und
1448 3110 1513 3170 1925
1544 3112 1589 3172 die
1614 3120 1821 3180 dramatische
1847 3124 1997 3184 Dichtung
2033 3127 2113 3187 „Der

1221 3144 1319 3204 Gang
1349 3148 1403 3208 zum
1453 3147 1614 3207 Weiher“.

1263 3187 1458 3247 Schnitzlers
1490 3193 1654 3253 Eigenart
1685 3198 1747 3258 und
1778 3199 1896 3259 großes
1928 3202 2046 3262 Talent
2072 3202 2123 3262 of¬

1226 3223 1356 3283 fenbart
1380 3225 1426 3285 sich
1455 3226 1534 3286 nicht
1558 3233 1698 3293 weniger
1722 3235 1749 3295 in
1783 3238 1881 3298 seinen
1909 3241 2110 3301 erzählenden

1226 3259 1374 3319 Werken.
1399 3261 1471 3321 1892
1491 3267 1620 3327 erschien
1654 3273 1856 3333 „Sterben“,
1871 3278 1919 3338 das
1948 3277 1991 3337 die
2016 3280 2111 3340 letzten

1228 3300 1313 3360 Tage
1338 3302 1419 3362 eines
1448 3307 1759 3367 Schwindsüchtigen
1793 3315 1850 3375 mit
1870 3316 2032 3376 scharfem,
2047 3318 2119 3378 aber

1225 3336 1289 3396 auch
1323 3341 1490 3401 peinlichem
1537 3348 1727 3408 Realismus
1761 3352 1918 3412 schildert,
1942 3354 2007 3414 1894
2040 3360 2114 3420 „Die

1226 3378 1402 3438 Blumen“,
1423 3378 1494 3438 1895
1520 3385 1600 3445 „Ein
1632 3387 1814 3447 Abschied“,
1835 3390 1900 3450 1896
1931 3395 2007 3455 „Die
2033 3396 2113 3456 Frau

1226 3414 1275 3474 des
1311 3418 1473 3478 Weisen“,
1499 3422 1569 3482 1897
1600 3426 1686 3486 „Der
1717 3432 1909 3492 Ehrentag“
1945 3435 2005 3495 und
2041 3437 2121 3497 „Die

1222 3458 1325 3518 Toten
1360 3461 1562 3521 schweigen“,
1586 3466 1654 3526 1900
1690 3470 1857 3530 „Andreas
1892 3476 2117 3536 Thalmayer",

2211 1662 2293 1722 „Der
2324 1665 2433 1725 blinde
2464 1672 2665 1732 Geronimo“
2702 1676 2759 1736 wie
2790 1680 2856 1740 auch
2893 1681 2939 1741 die
2971 1684 3104 1744 Novelle

2209 1703 2395 1763 „Leutnant
2425 1703 2563 1763 Gustl“;
2588 1713 2701 1773 ferner
2731 1717 2760 1777 im
2809 1718 2937 1778 gleichen
2977 1724 3109 1784 Jahre:

2212 1742 2311 1802 „Frau
2356 1740 2454 1800 Berta
2494 1751 2664 1811 Garlan",
2692 1754 2769 1814 dann
2814 1760 2890 1820 „Die
2924 1763 3100 1823 griechische

2206 1778 2387 1838 Tanzerin“
2424 1784 2544 1844 (1902),
2570 1790 2802 1850 „Weissagung
2864 1797 2985 1857 (1904),
3016 1802 3101 1862 „Das

2209 1814 2280 1874 neue
2307 1813 2399 1873 Lied"
2426 1819 2543 1879 (1905),
2565 1826 2642 1886 „Der
2668 1827 2734 1887 Tod
2761 1829 2812 1889 des
2839 1837 3070 1897 Junggesellen

2208 1852 2323 1912 (1907),
2344 1858 2424 1918 „Der
2455 1860 2520 1920 tote
2551 1863 2707 1923 Gabriel“
2739 1870 2860 1930 (1908),
2881 1876 2966 1936 „Das
2997 1879 3102 1939 Tage¬

2201 1891 2266 1951 buch
2312 1896 2362 1956 der
2393 1899 2611 1959 Redegonda“
2658 1906 2773 1966 (1909),
2815 1914 2900 1974 „Der
2936 1915 3078 1975 Mörder

2207 1930 2319 1990 (1910),
2340 1936 2521 1996 „Dreifache
2547 1943 2737 2003 Warnung"
2768 1947 2830 2007 und
2857 1954 3093 2014 „Hirtenflöte“

2206 1969 2321 2029 (1911),
2356 1975 2457 2035 „Frau
2498 1978 2598 2038 Beate
2639 1984 2704 2044 und
2745 1984 2800 2044 ihr
2831 1990 2946 2050 Sohn“
2987 1996 3102 2056 (1913),

2205 2008 2340 2068 „Doktor
2367 2014 2528 2074 Gräsler,
2544 2019 2720 2079 Badearzt"
2751 2022 2867 2082 (1917),
2888 2031 3095 2091 „Casanovas

2198 2049 2404 2109 Heimfahrt“
2444 2053 2560 2113 (1918).
2596 2058 2787 2118 Schnitzlers
2828 2067 2949 2127 neueste
2985 2071 3095 2131 erzäh¬

2199 2082 2286 2142 lende
2318 2086 2426 2146 Werke
2458 2089 2545 2149 sind:
2572 2097 2670 2157 „Frl.
2696 2097 2804 2157 Else“,
2831 2104 2898 2164 eine
2935 2107 2960 2167 in
3002 2111 3090 2171 ihrer

2200 2123 2391 2183 schwierigen
2436 2130 2524 2190 Form
2579 2136 2727 2196 geradezu
2771 2142 2988 2202 meisterhafte
3023 2147 3096 2207 No¬

2199 2162 2288 2222 velle,
2309 2166 2389 2226 „Die
2415 2168 2500 2228 Frau
2541 2172 2585 2232 des
2621 2175 2781 2235 Richters“
2817 2181 2877 2241 und
2908 2184 2957 2244 als
2988 2187 3083 2247 letztes

2200 2205 2506 2265 „Traumnovelle".
2537 2211 2607 2271 Alle
2637 2214 2718 2274 diese
2744 2215 2854 2275 Werke
2884 2221 2944 2281 sind
2980 2225 3090 2285 durch¬

2196 2237 2279 2297 wegs
2324 2243 2450 2303 kürzere
2480 2248 2631 2308 Arbeiten
2676 2254 2886 2314 erzählenden
2931 2264 3092 2324 Inhalts,

2193 2276 2341 2336 Novellen
2376 2282 2435 2342 und
2471 2288 2693 2348 Novelletten.
2723 2296 2916 2356 Schnitzlers
2946 2303 3088 2363 einziger

2195 2315 2311 2375 großer
2343 2321 2471 2381 Roman
2508 2324 2635 2384 erschien
2678 2328 2768 2388 1908:
2800 2336 2885 2396 „Der
2923 2338 2996 2398 Weg
3034 2342 3086 2402 ins

2193 2351 2321 2411 Freie",
2346 2359 2415 2419 eine
2445 2360 2518 2420 groß
2558 2366 2706 2426 gesehene
2741 2373 2903 2433 Synthese
2933 2377 2987 2437 des
3022 2381 3086 2441 gei¬

2196 2390 2282 2450 stigen
2315 2396 2438 2456 Wiener
2466 2402 2584 2462 Lebens
2606 2406 2660 2466 zur
2683 2409 2758 2469 Zeit
2774 2412 2828 2472 der
2850 2415 2947 2475 letzten
2980 2420 3082 2480 Jahr¬

2196 2430 2465 2490 hundertwende.

2230 2464 2273 2524 Es
2306 2467 2343 2527 ist
2371 2471 2413 2531 ein
2452 2477 2738 2537 charakteristisches
2771 2487 2938 2547 Merkmal
2965 2491 3019 2551 der
3052 2494 3078 2554 so

2191 2506 2376 2566 zahlreichen
2412 2512 2522 2572 Werke
2553 2521 2744 2581 Schnitzlers
2785 2524 2829 2584 die
2860 2527 2910 2587 dem
2951 2530 3081 2590 Wiener

2191 2548 2306 2608 Milieu
2347 2553 2573 2613 entstammen,
2603 2559 2673 2619 auch
2714 2562 2844 2622 solcher,
2870 2566 2915 2626 die
2956 2570 3016 2630 erst
3041 2572 3071 2632 in

2190 2584 2239 2644 den
2274 2587 2456 2647 allerletzten
2491 2596 2613 2656 Jahren
2649 2601 2821 2661 erschienen
2856 2606 2939 2666 sind,
2959 2609 3013 2669 daß
3048 2611 3082 2671 sie

2188 2624 2318 2684 zumeist
2344 2628 2459 2688 Bilder
2489 2632 2539 2692 der
2570 2634 2640 2694 Zeit
2661 2637 2721 2697 aus
2752 2640 2801 2700 des
2832 2646 2972 2706 Dichters
3003 2649 3083 2709 jün¬

2182 2664 2272 2724 geren
2306 2664 2426 2724 Jahren
2460 2667 2574 2727 geben.
2593 2673 2636 2733 Es
2666 2674 2737 2734 muß
2766 2679 2842 2739 dazu
2876 2682 2943 2742 noch
2972 2688 3076 2748 gesagt

2179 2698 2328 2758 werden:
2352 2703 2454 2763 Einer
2487 2707 2552 2767 viel
2576 2711 2766 2771 sorgloseren
2809 2719 2869 2779 und
2902 2723 3079 2783 unbeküm¬

2185 2734 2335 2794 merteren
2366 2739 2466 2799 Welt,
2477 2744 2526 2804 als
2547 2742 2577 2802 es
2597 2746 2642 2806 die
2663 2751 2783 2811 heutige
2809 2757 2854 2817 ist,
2869 2760 2949 2820 eines
2975 2761 3065 2821 satten

2185 2773 2247 2833 und
2281 2778 2376 2838 dabei
2401 2784 2640 2844 schongeistigen
2679 2794 2924 2854 Bürgertums,
2948 2799 2981 2859 an
3020 2801 3077 2861 das

2182 2814 2295 2874 soziale
2325 2816 2502 2876 Probleme
2538 2823 2631 2883 selten
2681 2833 2908 2893 herantreten.
2953 2838 3071 2898 Selten

2181 2851 2276 2911 hallen
2312 2855 2393 2915 seine
2419 2855 2524 2915 Werke
2555 2861 2580 2921 in
2611 2864 2697 2924 einem
2738 2870 2874 2930 schrillen
2911 2875 2971 2935 Ton
3002 2879 3082 2939 aus,

2182 2890 2214 2950 si.
2247 2891 2423 2951 verklingen
2466 2899 2526 2959 und
2559 2903 2801 2963 verdämmern.
2838 2908 2936 2968 Seine
2969 2915 3070 2975 weiche

2182 2926 2241 2986 und
2271 2930 2359 2990 dabei
2385 2935 2428 2995 oft
2453 2936 2641 2996 spielerische
2666 2944 2882 3004 Behandlung
2912 2952 2967 3012 der
2992 2954 3075 3014 Pro¬

2180 2966 2278 3026 bleme
2308 2971 2376 3031 läßt
2406 2977 2582 3037 Schnitzler
2613 2978 2656 3038 als
2686 2983 2740 3043 den
2775 2990 3064 3050 ausgesprochenen

2176 3006 2432 3066 österreichischen
2473 3014 2598 3074 Dichter
2635 3020 2825 3080 erscheinen,
2856 3027 2906 3087 den
2947 3031 3072 3091 Dichter

2179 3046 2261 3106 eines
2302 3052 2528 3112 vergangenen
2570 3055 2683 3115 Wien,
2715 3060 2812 3120 dessen
2854 3068 2992 3128 Geistern
3034 3070 3069 3130 er

2181 3085 2241 3145 nun
2277 3085 2327 3145 ins
2359 3087 2449 3147 Grab
2480 3094 2684 3154 nachgefolgt
2709 3103 2754 3163 ist.

2219 3124 2404 3184 Schnitzlers
2435 3130 2546 3190 Werke
2577 3135 2636 3195 sind
2673 3137 2702 3197 in
2738 3141 2828 3201 einer
2859 3146 3075 3206 Gesamtaus¬

2179 3163 2255 3223 gabe
2282 3162 2327 3222 des
2354 3167 2507 3227 Verlages
2534 3170 2579 3230 S.
2596 3175 2734 3235 Fischer,
2745 3181 2884 3241 Berlin,
2900 3186 3074 3246 vereinigt,

2173 3200 2234 3260 mit
2257 3203 2443 3263 Ausnahme
2472 3209 2523 3269 der
2547 3212 2668 3272 letzten,
2692 3214 2742 3274 von
2776 3220 2869 3280 denen
2897 3224 2999 3284 einige
3023 3226 3074 3286 ber

2181 3239 2268 3299 Paul
2299 3244 2464 3304 Zsolnay,
2490 3250 2753 3310 Leipzig=Wien,
2779 3258 2949 3318 erschienen
2991 3263 3073 3323 sind.

2179 3277 2243 3337 Bei
2274 3279 2325 3339 S.
2356 3282 2477 3342 Fischer
2512 3286 2552 3346 ist
2578 3291 2649 3351 auch
2689 3294 2759 3354 eine
2796 3299 3078 3359 Schnitzler=Bio¬

2180 3318 2311 3378 graphie
2344 3321 2396 3381 von
2434 3324 2603 3384 Professor
2631 3331 2762 3391 Richard
2800 3336 2921 3396 Specht
2948 3342 3074 3402 verlegt

2175 3357 2331 3417 worden.

2214 3442 2277 3502 Zum
2314 3444 2399 3504 Tode
2415 3449 2546 3509 Arthur
2563 3453 2753 3513 Schnitzlers
2775 3456 2848 3516 wird
2875 3458 2933 3518 uns
2954 3459 3059 3519 ferner

2170 3480 2228 3540 aus
2260 3484 2350 3544 Wien
2387 3489 2641 3549 telegraphiert:
2678 3494 2742 3554 Der
2774 3497 2906 3557 Dichter
2938 3500 3059 3560 wohnte
