3248 4384
2917 124 3022 184 rren

1946 132 2325 192 Israelitischen
2375 129 2851 189 Kültusgemende

216 163 449 223 Erscheint
475 162 600 222 jeden
639 161 809 221 Freitag

2206 203 2316 263 ARuR

1555 210 1776 270 unnnunnmamninin,
1789 212 2003 272 uunmuinnmunn

812 222 838 282 um

641 293 907 353 Redaktion
955 291 1041 351 und
1089 288 1515 348 Administration:
1550 285 1676 345 Wien
1724 285 1796 345 II.,
1824 279 2137 339 Heinestraße
2178 276 2224 336 13
2266 274 2285 334 —
2352 275 2599 335 Telephon
2640 273 2659 333 R
2707 270 2872 330 46-2-16

3030 385 3234 445 Numme

1517 398 1677 458 Wien,
1699 398 1775 458 30.
1803 396 2005 456 Oktober
2048 394 2145 454 1931

176 413 368 473 XLVII.
393 416 640 476 Jahrgang

2556 610 2642 670 50
2691 596 2913 656 kompl.
2924 596 3214 656 Skl-Ausru

2683 631 2829 691 bestehend
2852 630 2918 690 aus:
2929 628 2936 688 1
2951 629 3017 689 Paar
3029 633 3087 693 pute
3106 628 3220 688 Eschens

3082 651 3153 711 Paur
3183 658 3235 718 Hul

2690 661 3035 721 Chromleder-Bindung.,

2696 688 2788 748 Paar
2808 691 2977 751 Fußbleche,
2996 687 3007 747 1

2677 721 2846 781 Rohrteller,
2858 721 2865 781 1
2878 721 2943 781 Paar
2959 718 3205 778 Lederschlauten,

2686 751 2800 811 brillen,
2820 751 2831 811 1
2846 751 3007 811 spannholz
3026 753 3052 813 u.
3072 750 3083 810 1
3103 748 3190 808 Klotz,
3206 747 3229 807 in

582 766 951 826 Artur
1045 759 1845 819 Schnitzler.

3054 775 3084 835 les
3116 778 3225 838 2unamm

2682 781 2820 841 kiassiger
2850 781 3002 841 Montage,

2681 812 2852 872 Desselbe
2877 814 2944 874 füre
2968 811 3044 871 Kind
3072 808 3079 868 S
3111 807 3195 867 18•50

2369 836 2441 896 Nur

3069 846 3242 906 Wippüingen

2386 885 3017 945 beISPORTVATTER
3083 886 3185 946 tras.

993 917 1110 977 Worte
1149 915 1207 975 des
1240 912 1476 972 Gedenkens.

148 991 278 1051 Prof.
307 990 492 1050 Heinrich
534 987 850 1047 Glücksmann:

2374 1014 2433 1074 den
2469 1014 2605 1074 Rücken
2636 1014 2724 1074 fällt,
2743 1014 2784 1074 um
2826 1014 2891 1074 sich
2927 1014 3033 1074 gegen
3070 1012 3129 1072 das
3153 1013 3241 1073 Recl

1259 1061 1480 1121 abgekehrte
1543 1060 1857 1120 Gleichgültigkeit
1914 1058 1975 1118 der
2033 1056 2181 1116 Starken
2249 1054 2310 1114 und

2375 1064 2470 1124 Seite
2497 1064 2559 1124 der
2587 1064 2707 1124 Macht
2734 1064 2771 1124 zu
2804 1062 2988 1122 schlagen,
3010 1061 3062 1121 die
3089 1061 3215 1121 Gesinn

222 1070 299 1130 Der
331 1070 517 1130 geplanten
559 1067 662 1127 Feier
699 1066 813 1126 seines
850 1064 911 1124 60.
938 1064 1202 1124 Geburtstages

1256 1112 1474 1172 Mächtigen,
1496 1111 1543 1171 als
1576 1109 1666 1169 einen
1699 1109 1800 1169 jener
1822 1106 1986 1166 Dichter,
2003 1106 2056 1166 die
2083 1105 2147 1165 mit
2174 1103 2311 1163 Wärme

2376 1113 2447 1173 keit
2476 1113 2536 1173 des
2565 1112 2742 1172 getauften
2781 1112 2886 1172 Juden
2920 1112 3147 1172 Schreimann
3187 1112 3219 1172 un

143 1121 269 1181 entfloh
307 1121 412 1181 Artur
445 1118 645 1178 Schnitzler
678 1118 868 1178 seinerzeit
895 1115 921 1175 in
959 1115 1021 1175 den
1059 1114 1201 1174 Frieden

1262 1162 1322 1222 und
1358 1160 1448 1220 Güte
1484 1160 1508 1220 in
1550 1160 1610 1220 das
1646 1160 1691 1220 sie
1727 1157 1964 1217 umwogende
1995 1154 2111 1214 Leben
2152 1154 2328 1214 schauen,

2376 1161 2479 1221 neben
2512 1163 2725 1223 schießende
2756 1163 2949 1223 Galligkeit
2976 1160 3032 1220 des
3065 1161 3189 1221 immer

143 1171 204 1231 der
241 1169 375 1229 Berge,
406 1169 442 1229 um
499 1166 685 1226 erfrischt,
711 1167 871 1227 erquickt
908 1166 969 1226 und
1011 1163 1114 1223 durch
1156 1163 1207 1223 die

1264 1211 1323 1271 das
1359 1210 1403 1270 sie
1439 1208 1659 1268 befruchtet,
1685 1208 1745 1268 und
1786 1206 1836 1266 die
1871 1205 1931 1265 aus
1967 1205 2081 1265 diesen
2122 1202 2317 1262 wimmeln¬

2384 1211 2486 1271 Rasse
2523 1214 2740 1274 gekränkten
2782 1211 2962 1271 Dozenten
3004 1211 3226 1271 Löwenstein

140 1220 320 1280 zahllosen
352 1217 641 1277 Kundgebungen
678 1217 734 1277 der
760 1216 864 1276 Liebe
895 1215 956 1275 und
993 1213 1215 1273 Verehrung,

1262 1259 1323 1319 den
1355 1259 1567 1319 Reservoirs
1598 1259 1763 1319 schöpfen
1800 1256 1856 1316 mit
1883 1256 2048 1316 innigster
2080 1253 2312 1313 Zärtlichkeit

2380 1262 2570 1322 schärfsten
2606 1262 2721 1322 Lauge
2756 1262 2871 1322 seiner
2901 1262 3010 1322 Ironie
3045 1262 3079 1322 zu
3115 1260 3235 1320 übergi

147 1269 210 1329 vor
245 1271 333 1331 allem
388 1268 446 1328 des
491 1268 864 1328 weltumspannenden
914 1262 1208 1322 Verständnisses

1265 1309 1445 1369 heiligstem
1498 1309 1651 1369 Mitleid,
1673 1306 1815 1366 tiefster
1848 1304 2149 1364 Menschenliebe.

148 1318 299 1378 erfreut,
314 1318 349 1378 an
385 1318 500 1378 seinen
531 1315 768 1375 Schreibtisch
799 1314 1112 1374 zurückzukehren
1147 1312 1207 1372 und

2463 1342 2555 1402 Aber
2592 1339 2659 1399 wie
2690 1341 2727 1401 es
2763 1339 2814 1399 ilm
2867 1339 2892 1399 in
2949 1339 3068 1399 diesem
3147 1340 3218 1400 mon

146 1369 265 1429 seiner
291 1368 501 1428 Gemeinde,
522 1366 572 1426 die
602 1366 652 1426 die
678 1363 803 1423 Besten
833 1363 893 1423 der
919 1362 1209 1422 Kulturmensch¬

1352 1387 1425 1447 Das
1458 1388 1637 1448 „jüdische
1675 1387 1786 1447 Herz“
1823 1387 1934 1447 pulste
1988 1384 2056 1444 mit
2104 1384 2304 1444 mächtigem

2378 1390 2671 1450 Bühnenwerke,
2693 1390 2754 1450 mit
2780 1390 2898 1450 diesem
2946 1390 3074 1450 stolzen
3111 1390 3229 1450 Männe

148 1421 220 1481 heit
241 1419 468 1479 einbegreift,
489 1417 571 1477 neue
603 1414 721 1474 reifste
748 1414 866 1474 Gaben
897 1411 1011 1471 seiner
1037 1411 1145 1471 Kunst
1171 1409 1207 1469 zu

1268 1438 1419 1498 Schlage
1452 1438 1473 1498 im
1517 1438 1668 1498 Dichter
1695 1438 1803 1498 Artur
1847 1435 2063 1495 Schnitzler.
2106 1435 2138 1495 Im
2209 1435 2306 1495 Ange

2384 1441 2447 1501 das
2479 1441 2563 1501 auch
2601 1441 2700 1501 nicht
2732 1441 2790 1501 das
2828 1440 3006 1500 geringste
3044 1438 3218 1498 erotische

148 1468 343 1528 schenken.
370 1468 442 1528 Der
473 1468 571 1528 Feier
603 1465 721 1525 seines
752 1465 861 1525 nahen
897 1463 1124 1523 Siebzigers,
1171 1462 1207 1522 zu

1270 1489 1374 1549 sichte
1410 1488 1470 1548 des
1506 1488 1827 1548 Leichenwagens,
1853 1484 1918 1544 der
1943 1485 2004 1545 den
2044 1484 2149 1544 Toten
2190 1483 2225 1543 an
2261 1482 2320 1542 uns

2384 1490 2616 1550 eingeflossen
2649 1489 2690 1549 ist
2717 1489 2781 1549 und
2808 1489 2870 1549 das
2898 1489 2987 1549 seine
3019 1489 3220 1549 Dichtervig

151 1518 207 1578 dem
255 1518 379 1578 unsere
411 1515 566 1575 Theater
593 1515 655 1575 und
681 1512 904 1572 literarische
936 1512 1210 1572 Vereinigungen

1273 1536 1565 1596 vorüberführte,
1587 1536 1687 1596 sagte
1725 1536 1788 1596 mir
1821 1534 1868 1594 ein
1906 1533 2182 1593 Schriftsteller,
2209 1530 2267 1590 der
2299 1531 2325 1591 in

2384 1542 2489 1602 gültig
2522 1539 2588 1599 von
2628 1539 2688 1599 dem
2738 1539 2920 1599 Epitheton
2960 1537 3020 1597 des
3054 1538 3230 1598 Nur-Erot

151 1567 279 1627 bereits
311 1567 491 1627 rüsteten,
513 1565 558 1625 ist
585 1564 615 1624 er
647 1564 874 1624 gründlicher
900 1563 962 1623 aus
993 1560 1055 1620 dem
1102 1560 1210 1620 Wege

1268 1587 1418 1647 unserem
1474 1587 1736 1647 Staatsdienste
1782 1584 1822 1644 an
1863 1584 2180 1644 hervorragender
2216 1581 2321 1641 Stelle

2390 1590 2514 1650 „Süßen
2561 1587 2855 1647 Mädel“-Barden
2896 1587 3083 1647 säuberte,
3134 1587 3235 1647 letzte

146 1620 352 1680 gegangen,
379 1617 548 1677 flüchtete
585 1617 616 1677 er
649 1615 680 1675 in
718 1614 765 1674 die
802 1612 897 1672 Tiefe
935 1610 992 1670 der
1025 1611 1135 1671 Erde,
1162 1611 1209 1671 ins

1268 1638 1352 1698 tätig
1379 1638 1442 1698 ist,
1458 1635 1516 1695 daß
1548 1635 1584 1695 er
1611 1635 1659 1695 die
1691 1635 1812 1695 weder
1839 1633 1897 1693 von
1929 1633 1987 1693 den
2014 1632 2320 1692 schmeichelnden

2384 1642 2448 1702 gar
2481 1641 2578 1701 nicht
2606 1640 2643 1700 um
2697 1638 2799 1698 Anti-
2827 1638 2891 1698 und
2929 1638 3226 1698 Philosemitismu

157 1669 243 1729 Grab
282 1668 417 1728 hinein,
450 1666 515 1726 von
553 1665 607 1725 wo
651 1663 683 1723 es
721 1663 818 1723 keine
862 1662 1095 1722 Wiederkehr
1134 1659 1220 1719 gibt.

1271 1687 1657 1747 Schwingenschlägen
1694 1683 1755 1743 des
1792 1683 1962 1743 Ruhmes,
1989 1682 2071 1742 noch
2134 1682 2200 1742 von
2257 1680 2319 1740 den

2389 1689 2505 1749 dische
2532 1689 2594 1749 und
2621 1686 2821 1746 christliche
2853 1687 3168 1747 Weltanschauung
3200 1686 3231 1746 zu

151 1716 335 1776 Hunderte
372 1714 433 1774 der
470 1713 686 1773 erlesensten
727 1712 870 1772 Geister
907 1710 1056 1770 unserer
1108 1710 1195 1770 Stad

1272 1733 1526 1793 Keulenhieben
1560 1733 1814 1793 gegnerischen
1848 1730 2097 1790 Geschimpfes
2126 1730 2247 1790 jemals
2275 1727 2313 1787 er

2381 1736 2529 1796 sondern
2567 1736 2641 1796 bloß
2679 1736 2715 1796 um
2763 1734 2922 1794 ethische
2955 1736 3119 1796 Klarheit
3146 1735 3204 1795 und

155 1764 360 1824 umstanden
395 1763 510 1823 dieses
541 1763 656 1823 Grab,
671 1762 696 1822 in
732 1760 787 1820 den
817 1760 982 1820 feuchten
1013 1759 1128 1819 Augen
1164 1757 1213 1817 die

1275 1784 1470 1844 schütterte
1512 1783 1817 1843 Standhaftigkeit
1852 1781 2071 1841 Schnitzlers
2106 1779 2134 1839 im
2193 1778 2302 1838 Juden

2384 1789 2422 1849 so
2455 1784 2681 1844 verleugnete
2709 1784 2746 1844 er
2774 1784 2844 1844 sein
2877 1784 3055 1844 jüdisches
3082 1784 3206 1844 Fühlen

152 1814 256 1874 Klage
290 1814 379 1874 über
407 1813 467 1873 den
501 1811 644 1871 Verlust
673 1810 760 1870 eines
789 1808 965 1868 Führers,
988 1808 1082 1868 eines
1110 1808 1215 1868 Weg¬

1273 1834 1329 1894 tum
1381 1833 1582 1893 besonders
1619 1832 1701 1892 hoch
1748 1832 1949 1892 einschätze
1991 1829 2053 1889 und
2100 1829 2337 1889 bewundere.

2385 1837 2497 1897 seiner
2527 1835 2674 1895 Werke,
2691 1836 2753 1896 gab
2782 1835 2878 1895 jedem
2924 1834 3032 1894 Farbe
3066 1834 3122 1894 und
3157 1832 3236 1892 Wär

160 1865 304 1925 weisers
335 1865 396 1925 und
428 1862 696 1922 Wegbahners,
717 1860 809 1920 eines
846 1859 1062 1919 wahrhaften
1094 1857 1217 1917 Herol¬

1273 1883 1389 1943 Unser
1416 1883 1558 1943 Dichter
1585 1880 1674 1940 hätte
1707 1880 1802 1940 diese
1829 1879 2098 1939 Bewunderung
2131 1878 2241 1938 gewiß
2273 1880 2331 1940 zu¬

2391 1886 2571 1946 perament
2594 1886 2650 1946 und
2685 1883 2933 1943 Temperatur.
2951 1883 2990 1943 Er
3013 1883 3074 1943 hat
3092 1883 3159 1943 sich
3188 1883 3233 1943 eir

166 1916 219 1976 les
247 1916 365 1976 seiner
393 1913 484 1973 Zeit.
506 1913 603 1973 Aber
630 1912 711 1972 auch
749 1910 884 1970 allerlei
911 1910 992 1970 Volk
1052 1910 1127 1970 war
1176 1908 1213 1968 da

1273 1932 1566 1992 rückgewiesen.
1582 1931 1638 1991 Ihm
1685 1931 1757 1991 war
1778 1930 1870 1990 diese
1902 1931 2195 1991 Anhänglichkeit
2216 1928 2329 1988 etwas

2388 1936 2478 1996 platz
2506 1933 2534 1993 in
2569 1933 2630 1993 der
2659 1933 2851 1993 deutschen
2886 1933 3060 1993 Literatur
3095 1933 3213 1993 errung

155 1968 190 2028 zu
227 1966 355 2026 sehen,
377 1963 438 2023 das
470 1963 536 2023 sich
594 1962 806 2022 bescheiden
858 1959 888 2019 im
956 1958 1219 2018 Hintergrunde

1282 1981 1704 2041 Selbstverständliches,
1735 1981 1786 2041 ihm
1844 1979 1911 2039 An-
1947 1978 2009 2038 und
2050 1978 2318 2038 Eingeborenes

2388 1984 2409 2044 in
2448 1984 2520 2044 fast
2548 1984 2609 2044 alle
2643 1984 2936 2044 Kultursprachen
2976 1982 3175 2042 übersetzt,
3198 1983 3230 2043 er

157 2015 254 2075 hielt,
276 2014 384 2074 kleine
418 2014 547 2074 Leute,
570 2011 672 2071 junge
705 2009 873 2069 Mädchen
912 2011 970 2071 und
1003 2010 1106 2070 junge
1134 2007 1220 2067 Bur¬

1271 2032 1334 2092 Die
1366 2032 1519 2092 jüdische
1551 2030 1646 2090 Ethik
1684 2031 1757 2091 war
1789 2029 1879 2089 seine
1911 2029 2053 2089 geistige
2086 2028 2323 2088 Muttermilch

2390 2032 2492 2092 weise
2531 2034 2678 2094 vielfach
2716 2035 2781 2095 und
2820 2035 2885 2095 von
2924 2032 3125 2092 Berufenen
3163 2032 3222 2092 auc

157 2065 283 2125 schen,
300 2065 352 2125 die
379 2065 442 2125 sich
474 2062 605 2122 selbst,
622 2062 690 2122 ihre
717 2059 938 2119 Sehnsüchte
965 2059 1028 2119 und
1060 2059 1202 2119 Träume

1272 2080 1463 2140 gewesen,
1488 2080 1536 2140 sie
1576 2080 1841 2140 durchströmte
1876 2078 1944 2138 sein
1984 2078 2116 2138 ganzes
2170 2077 2336 2137 Denken,

2393 2085 2502 2145 dische
2538 2083 2595 2143 und
2632 2083 2869 2143 Hebräische,
2888 2083 3032 2143 populär
3062 2083 3084 2143 in
3120 2083 3224 2143 China

152 2115 206 2175 ihr
239 2114 363 2174 Wesen
401 2113 461 2173 und
499 2113 553 2173 ihr
586 2110 716 2170 Wollen
754 2110 781 2170 in
814 2110 873 2170 den
917 2110 1068 2170 Werken
1101 2107 1220 2167 dieses

1273 2132 1479 2192 Empfinden
1522 2131 1579 2191 und
1622 2131 1828 2191 Gestalten.
1882 2129 1950 2189 Und
1994 2128 2040 2188 sie
2078 2128 2199 2188 wurde
2237 2128 2337 2188 nicht

2388 2136 2415 2196 in
2456 2134 2517 2194 den
2552 2134 2755 2194 türkischen
2795 2134 2953 2194 Ländern
2993 2133 3054 2193 und
3095 2134 3122 2194 in
3157 2134 3201 2194 Am

157 2163 325 2223 Dichters
358 2163 531 2223 gefunden
575 2160 710 2220 haben,
737 2158 824 2218 aber
857 2159 943 2219 auch
982 2157 1052 2217 ihre
1091 2157 1220 2217 Mütten

1281 2182 1363 2242 allen
1394 2181 1559 2241 merkbar
1586 2181 1647 2241 und
1679 2178 1833 2238 fühlbar,
1855 2178 1947 2238 wenn
1983 2176 2014 2236 er
2045 2175 2148 2235 Juden
2185 2178 2241 2238 und
2273 2175 2334 2235 Ju¬

2392 2184 2476 2244 kaum
2530 2184 2576 2244 ein
2614 2183 2767 2243 anderer
2794 2181 2915 2241 seiner
2942 2181 3217 2241 Zeitgenossen,

160 2214 223 2274 und
260 2214 381 2274 Väter,
403 2213 455 2273 die
488 2211 540 2271 ihm
588 2210 736 2270 Modelle
768 2208 957 2268 gewesen,
979 2208 1079 2268 deren
1117 2205 1221 2265 Natur

1277 2230 1439 2290 dentum,
1468 2230 1564 2290 wenn
1603 2230 1635 2290 er
1669 2229 1721 2289 die
1755 2228 1846 2288 seine
1880 2227 2119 2287 Artgenossen
2153 2226 2335 2286 unmittel¬

2388 2232 2492 2292 schen
2531 2232 2630 2292 Geist
2664 2232 2724 2292 und
2763 2232 2812 2292 die
2846 2232 3017 2292 deutsche
3051 2232 3161 2292 Kunst
3189 2232 3216 2292 in

160 2264 195 2324 er
222 2262 247 2322 in
284 2262 397 2322 Kunst
423 2262 644 2322 gewandelt,
666 2262 727 2322 und
764 2259 825 2319 von
857 2259 954 2319 jenen
991 2259 1119 2319 Damen
1156 2256 1217 2316 und

1281 2281 1340 2341 bar
1371 2280 1613 2340 berührenden
1644 2279 1921 2339 Zeitprobleme,
1942 2277 1997 2337 den
2033 2277 2335 2337 Antisemitismus

2395 2283 2595 2343 vertreten.
2638 2283 2800 2343 Gerhart
2845 2283 3071 2343 Hauptmann
3105 2282 3163 2342 hat
3191 2280 3223 2340 se

157 2313 291 2373 Herren
338 2313 453 2373 waren
499 2313 629 2373 welche
670 2311 730 2371 da,
761 2310 861 2370 deren
907 2307 1022 2367 Welt-
1058 2308 1118 2368 und
1159 2307 1223 2367 Le¬

1285 2333 1341 2393 und
1383 2331 1434 2391 die
1470 2328 1723 2388 zionistischen
1760 2328 2022 2388 Bestrebungen
2064 2328 2090 2388 in
2131 2326 2193 2386 den
2234 2325 2332 2385 Kreis

2393 2333 2586 2393 besonders
2620 2331 2842 2391 kultivierten
2876 2331 2958 2391 Stile
2992 2333 3047 2393 die
3081 2331 3219 2391 „deutsc

162 2364 481 2424 bensanschauung
513 2363 548 2423 er
569 2361 744 2421 gebildet,
760 2360 868 2420 denen
900 2360 935 2420 er
961 2358 1023 2418 den
1054 2358 1141 2418 Blick
1173 2358 1224 2418 ins

1282 2379 1400 2439 seiner
1431 2378 1668 2438 Betrachtung
1710 2379 1771 2439 und
1807 2378 2028 2438 Darstellung
2065 2378 2147 2438 zog,
2199 2375 2260 2435 wie
2302 2373 2332 2433 er

2391 2382 2668 2442 nachgerühmt,
2692 2381 2861 2441 Hermann
2896 2381 2992 2441 Bahr
3021 2381 3077 2441 hat
3106 2381 3173 2441 sein
3202 2380 3218 2440 S

160 2411 273 2471 Leben
310 2411 486 2471 eröffnet,
507 2411 610 2471 deren
647 2408 739 2468 Herz
771 2408 833 2468 und
870 2408 973 2468 Geist
1000 2408 1035 2468 er
1067 2407 1237 2467 geformt,

1288 2429 1356 2489 dies
1383 2429 1409 2489 in
1441 2429 1557 2489 seinem
1605 2429 1737 2489 Roman
1774 2426 1864 2486 „Der
1891 2427 1970 2487 Weg
2002 2428 2054 2488 ins
2081 2424 2202 2484 Freie“
2229 2423 2329 2483 getan

2393 2430 2466 2490 eine
2506 2432 2635 2492 Wende
2676 2431 2737 2491 der
2772 2432 2958 2492 deutschen
2999 2429 3230 2489 Kunstkultur

165 2463 314 2523 erzogen
340 2462 458 2522 hatte.
475 2463 546 2523 Auf
567 2462 649 2522 allen
680 2459 814 2519 Mienen
846 2459 897 2519 lag
928 2459 980 2519 die
1011 2459 1139 2519 Trauer
1166 2456 1227 2516 der

1282 2480 1343 2540 und
1385 2480 1467 2540 auch
1509 2479 1540 2539 in
1582 2477 1700 2537 seiner
1737 2477 1871 2537 kühnen
1913 2477 2079 2537 Komödie
2121 2474 2337 2534 „Professor

2393 2484 2454 2544 und
2489 2483 2567 2543 doch
2596 2482 2641 2542 ist
2659 2481 2777 2541 dieser
2800 2483 2907 2543 große
2936 2480 3111 2540 Deutsche
3140 2480 3235 2540 imme

162 2513 435 2573 Dankbarkeit.

1280 2528 1513 2588 Bernhardi“,
1539 2528 1596 2588 die
1633 2528 1700 2588 von
1737 2528 1799 2588 den
1856 2525 2209 2585 Christlichsozialen
2267 2525 2334 2585 und

2396 2532 2478 2592 Jude
2512 2531 2701 2591 gewesen,
2724 2531 2784 2591 hat
2813 2531 2851 2591 er
2880 2531 2946 2591 sich
2986 2530 3035 2590 als
3069 2531 3207 2591 solcher

1285 2580 1372 2640 ihren
1419 2576 1672 2636 Liebedienern
1719 2576 1744 2636 im
1802 2576 2055 2636 Staatsbetrieb
2097 2576 2205 2636 durch
2247 2573 2334 2633 volle

2398 2582 2624 2642 verleugnet,
2641 2582 2737 2642 wenn
2766 2581 2800 2641 er
2829 2579 2879 2639 die
2908 2579 2930 2639 in
2959 2580 3105 2640 tausend
3134 2579 3218 2639 Fass

250 2590 373 2650 Seinem
421 2590 550 2650 letzten
587 2590 757 2650 Wunsche
789 2588 1073 2648 entsprechend,
1095 2587 1120 2647 in
1152 2584 1229 2644 des¬

1282 2626 1387 2686 sechs
1414 2628 1519 2688 Jahre
1552 2626 1651 2686 unter
1684 2623 1816 2683 Verbot
1843 2625 1995 2685 gehalten
2033 2623 2096 2683 und
2128 2623 2202 2683 erst
2229 2623 2334 2683 durcl

2392 2632 2510 2692 lernde
2543 2632 2668 2692 Kultur
2695 2629 2754 2689 des
2792 2629 3047 2689 Wienertums,
3074 2629 3122 2689 die
3155 2629 3193 2689 er

165 2643 219 2703 sen
260 2641 436 2701 einzelnen
472 2641 764 2701 Bestimmungen
799 2638 864 2698 sich
906 2637 955 2697 die
991 2635 1081 2695 volle
1112 2633 1227 2693 Größe

1278 2677 1341 2737 den
1374 2677 1475 2737 Geist
1507 2677 1565 2737 der
1598 2677 1768 2737 Republik
1806 2676 1912 2736 erlöst
1939 2674 1996 2734 und
2034 2674 2124 2734 ihrem
2173 2671 2348 2731 Zwecke,

2395 2683 2562 2743 Kenntnis
2590 2680 2654 2740 und
2688 2680 2898 2740 Erkenntnis
2925 2680 3050 2740 heraus
3077 2679 3179 2739 liebte
3207 2677 3217 2737 u

165 2692 283 2752 seiner
315 2689 417 2749 Seele
454 2692 625 2752 kundtat,
651 2690 712 2750 gab
754 2687 790 2747 es
827 2687 872 2747 ein
914 2689 1002 2749 ganz
1038 2685 1229 2745 schlichtes

1293 2728 1349 2788 von
1385 2726 1441 2786 der
1473 2727 1585 2787 Bühne
1617 2728 1724 2788 herab
1756 2726 1807 2786 für
1833 2725 1884 2785 die
1910 2725 2064 2785 Freiheit
2090 2722 2151 2782 der
2178 2722 2316 2782 Wissen

2400 2731 2508 2791 vielem
2549 2731 2807 2791 schonungslos
2833 2731 2951 2791 streng
2977 2729 3039 2789 be-
3065 2730 3126 2790 und
3158 2728 3235 2788 veri

157 2741 358 2801 Begräbnis
395 2740 461 2800 und
503 2740 642 2800 wurden
684 2739 725 2799 an
762 2737 849 2797 Sarg
891 2739 953 2799 und
995 2736 1087 2796 Grab
1124 2735 1222 2795 keine

1288 2776 1416 2836 schaft,
1447 2777 1508 2837 der
1545 2776 1771 2836 Humanität,
1797 2775 1858 2835 der
1895 2775 2177 2835 Menschenliebe
2219 2772 2342 2832 einzu¬

2393 2781 2444 2841 ihr
2474 2780 2875 2840 Geschichtsschreiber
2905 2779 3114 2839 schilderte,
3138 2779 3229 2839 wenn

166 2791 282 2851 Reden
314 2791 499 2851 gehalten.
520 2790 567 2850 Es
600 2788 673 2848 war
706 2788 805 2848 recht
827 2786 885 2846 so.
907 2787 954 2847 Zu
986 2785 1075 2845 viele
1108 2783 1223 2843 hätten

1282 2826 1419 2886 treten,
1446 2827 1636 2887 zugeführt
1668 2824 1810 2884 wurde.
1838 2823 1922 2883 Auch
1959 2823 1985 2883 in
2023 2823 2144 2883 diesen
2187 2820 2334 2880 Werken

2395 2833 2460 2893 nen
2493 2831 2644 2891 Stücken
2682 2831 2741 2891 und
2779 2829 3017 2889 Erzählungen
3055 2829 3120 2889 mit
3147 2829 3206 2889 dem

161 2840 234 2900 sich
274 2841 415 2901 berufen
451 2838 641 2898 gewähnt,
666 2838 706 2898 da
741 2837 774 2897 zu
814 2838 946 2898 sagen,
972 2834 1044 2894 was
1079 2833 1128 2893 sie
1163 2833 1226 2893 von

1282 2878 1359 2938 tritt
1390 2877 1472 2937 aber
1504 2877 1612 2937 schon
1649 2876 1700 2936 die
1737 2874 2067 2934 Unparteilichken,
2099 2872 2150 2932 die
2182 2871 2321 2931 Gerech

2396 2880 2539 2940 eigenen
2573 2880 2810 2940 Erfahrungen
2849 2880 3070 2940 geschärften
3104 2878 3197 2938 Blick

171 2892 225 2952 dem
276 2889 657 2949 Dahingeschiedenen
698 2886 833 2946 wußten
869 2886 933 2946 und
969 2885 1139 2945 dachten,
1165 2883 1224 2943 und

1287 2925 1413 2985 tigkeit
1435 2925 1651 2985 Schnitzlers
1683 2925 1756 2985 klar
1789 2925 1925 2985 zutage.
1947 2923 1989 2983 Er
2016 2923 2105 2983 malt
2127 2922 2221 2982 nicht
2253 2919 2337 2979 weiß

2400 2930 2453 2990 tar
2478 2929 2538 2989 der
2563 2931 2635 2991 Zeit
2660 2931 2841 2991 aufnahm,
2866 2929 2963 2989 wenn
2993 2928 3059 2988 sich
3091 2928 3138 2988 ihm
3181 2928 3205 2988 in

162 2941 322 3001 dennoch
358 2940 454 3000 wäre
489 2940 554 3000 mit
580 2940 630 3000 all
676 2937 792 2997 diesen
848 2934 1119 2994 Soloakkorden
1175 2933 1230 2993 die

1288 2978 1347 3038 und
1383 2973 1569 3033 schwarz,
1595 2976 1630 3036 er
1661 2976 1756 3036 sieht
1782 2975 1847 3035 gut
1873 2973 1933 3033 und
1968 2973 2074 3033 böse,
2100 2972 2149 3032 wo
2186 2970 2220 3030 es
2256 2970 2336 3030 eben

2395 2979 2519 3039 stalten
2579 2979 2768 3039 Probleme
2829 2979 2893 3039 der
2943 2979 3083 3039 Epoche
3143 2979 3181 3039 zu

165 2992 257 3052 reick
278 2991 288 3051 »
309 2991 526 3051 Symphonie
552 2988 671 3048 dieses
697 2985 991 3045 Menschentums
1018 2985 1079 3045 und
1106 2983 1234 3043 Künst¬

1288 3028 1349 3088 ist,
1370 3025 1406 3085 er
1432 3024 1622 3084 verbindet
1644 3024 1736 3084 seine
1768 3025 1886 3085 Augen
1912 3024 2005 3084 nicht
2031 3021 2098 3081 vor
2124 3021 2263 3081 l'ehlern
2299 3021 2324 3081 in

2396 3029 2599 3089 problemen
2633 3029 2871 3089 verdichteten
2911 3029 2967 3089 und
3002 3027 3097 3087 diese
3126 3027 3188 3087 mit
3205 3028 3227 3088 d

171 3041 401 3101 lerschaffens
432 3039 527 3099 nicht
552 3038 587 3098 zu
618 3035 793 3095 umfassen
829 3035 1019 3095 gewesen.
1040 3033 1095 3093 Sie
1120 3032 1235 3092 klingt

1288 3074 1453 3134 eigenen,
1479 3074 1538 3134 wie
1575 3074 1640 3134 vor
1676 3074 1857 3134 Vorzügen
1908 3074 1937 3134 im
2003 3071 2159 3131 anderen
2215 3071 2335 3131 Lager

2405 3081 2526 3141 tigkeit
2554 3080 2615 3140 und
2654 3077 3070 3137 Leidenschaftlichkeit,
3098 3077 3181 3137 aber
3209 3074 3236 3134 in

166 3094 255 3154 ganz
291 3092 357 3152 und
403 3089 477 3149 voll
508 3089 569 3149 und
609 3088 679 3148 rein
721 3086 785 3146 nur
816 3086 882 3146 aus
917 3083 1037 3143 seinem
1094 3083 1219 3143 Werke

1290 3125 1406 3185 Welch
1438 3125 1617 3185 prächtige
1650 3122 1761 3182 Kern-
1788 3124 1850 3184 und
1883 3122 2158 3182 Edelmenschen
2190 3122 2285 3182 stellt
2312 3121 2348 3181 er

2398 3130 2462 3190 mit
2489 3128 2547 3188 dem
2593 3128 2926 3188 Wahrheitsdurste
2953 3126 3070 3186 seiner
3097 3126 3207 3186 Rasse

167 3140 319 3200 nachdem
364 3140 418 3200 ihr
443 3138 678 3198 Instrument,
699 3135 728 3195 er
758 3134 885 3194 selbst,
905 3134 1136 3194 verstummt,
1156 3130 1234 3190 zer¬

1288 3176 1325 3236 z.
1347 3176 1395 3236 B.
1418 3176 1444 3236 im
1499 3173 1736 3233 „Bernhardi“
1774 3173 1850 3233 hin,
1872 3173 1964 3233 nicht
1997 3172 2061 3232 nur
2089 3170 2115 3230 in
2159 3173 2218 3233 dem
2267 3170 2337 3230 sich

2402 3182 2634 3242 durchdacht,
2657 3180 2856 3240 umkämpft
2885 3179 3050 3239 wurden.

169 3191 322 3251 brochen
360 3191 417 3251 ist.
439 3190 544 3250 Nicht
571 3188 634 3248 Lei
656 3188 772 3248 seinen
805 3185 1031 3245 Biographen
1069 3183 1127 3243 und
1164 3179 1238 3239 Kri¬

1282 3224 1397 3284 selbst
1423 3224 1484 3284 und
1515 3224 1610 3284 seine
1641 3222 1838 3282 Interessen
1874 3221 2193 3281 überwindenden,
2214 3222 2264 3282 für
2295 3219 2345 3279 die

169 3242 300 3302 tikern,
322 3240 417 3300 nicht
439 3240 465 3300 in
507 3240 571 3300 dem
629 3238 703 3298 Lob
746 3236 809 3296 und
857 3236 989 3296 Tadel,
1021 3232 1069 3292 die
1112 3232 1227 3292 seinen

2490 3258 2577 3318 Auch
2622 3256 2678 3316 auf
2710 3256 2803 3316 einen
2841 3256 2935 3316 stark
2973 3256 3229 3316 ausgeprägter

1293 3274 1477 3334 Wahrheit
1510 3274 1710 3334 zeugenden
1753 3271 1990 3331 katholischen
2038 3271 2217 3331 Priester,
2255 3269 2338 3329 auch

171 3290 345 3350 Schriften
387 3289 495 3349 zuteil
527 3286 717 3346 geworden
759 3285 851 3345 sind,
883 3286 991 3346 einzig
1033 3282 1094 3342 und
1136 3280 1228 3340 allein

2396 3310 2467 3370 Zug
2495 3307 2611 3367 seines
2639 3307 2811 3367 Wesens,
2829 3305 2878 3365 die
2906 3304 3172 3364 Dankbarkeit,
3189 3304 3222 3364 se

1293 3325 1317 3385 in
1353 3325 1413 3385 dem
1464 3322 1746 3382 warmherzigen
1782 3322 1988 3382 Schwätzer
2039 3322 2221 3382 Cyprian,
2266 3320 2331 3380 dem

165 3340 226 3400 bei
253 3340 304 3400 ihm
356 3340 491 3400 selbst,
517 3339 543 3399 in
580 3337 667 3397 eben
704 3334 823 3394 diesen
860 3334 1062 3394 Schriften,
1094 3331 1228 3391 werden

2401 3358 2660 3418 hingewiesen.
2677 3358 2719 3418 Er
2746 3355 2809 3415 hat
2831 3355 2878 3415 sie
2905 3355 3005 3415 nicht
3027 3355 3090 3415 nur
3117 3354 3233 3414 gefühl

1288 3374 1483 3434 jugendlich
1529 3373 1907 3433 temperamentvollen
1953 3371 2038 3431 alten
2084 3369 2345 3429 Achtundvier¬

176 3392 235 3452 wir
261 3391 367 3451 Artur
398 3388 594 3448 Schnitzler
625 3388 659 3448 zu
695 3387 816 3447 suchen
852 3385 963 3445 haben
999 3384 1058 3444 und
1095 3382 1230 3442 werden

2396 3408 2517 3468 tätigt.
2546 3407 2623 3467 Max
2657 3406 2906 3466 Burckhardt,
2934 3404 2989 3464 der
3023 3403 3134 3463 gegen
3168 3403 3228 3463 Jud

1288 3425 1385 3485 ziger
1412 3424 1629 3484 Pflugfelder
1662 3425 1723 3485 und
1760 3424 1874 3484 seinem
1921 3421 2035 3481 Sohn,
2056 3421 2117 3481 dem
2165 3418 2351 3478 Assisten¬

169 3439 220 3499 ihn
257 3440 370 3500 finden
407 3439 458 3499 als
495 3439 588 3499 einen
624 3436 723 3496 jener
754 3436 909 3496 seltenen
972 3433 1137 3493 Dichter,
1184 3433 1235 3493 die

2405 3460 2548 3520 Intrigen
2587 3457 2708 3517 seiner
2742 3454 2941 3514 „Liebelei“
2974 3454 3029 3514 die
3063 3454 3206 3514 Pforten

1296 3477 1365 3537 ten,
1391 3473 1451 3533 der
1482 3473 1552 3533 sich
1588 3472 1638 3532 als
1674 3473 1890 3533 Ehrenmann
1931 3471 1990 3531 vom
2041 3468 2343 3528 Antisemitismus

176 3489 242 3549 sich
279 3489 304 3549 im
351 3488 609 3548 Sturmwirbel
630 3486 691 3546 der
723 3485 799 3545 Zeit
826 3483 877 3543 ihr
903 3482 1104 3542 aufrechtes
1136 3480 1238 3540 Man¬

2404 3510 2557 3570 theaters
2592 3507 2773 3567 erschloß,
2796 3508 2858 3568 hat
2887 3504 2921 3564 er
2950 3504 2977 3564 in
3035 3504 3097 3564 der
3149 3504 3227 3564 erqu

1293 3525 1352 3585 des
1383 3524 1685 3584 Korpsstudenten
1720 3525 1780 3585 zum
1827 3521 2057 3581 Antiariertum
2103 3519 2279 3579 bekennt,
2300 3519 2349 3579 als

175 3537 331 3597 nestum,
361 3540 415 3600 ihr
455 3537 612 3597 warmes
652 3535 907 3595 Menschentum
966 3534 1000 3594 zu
1045 3532 1231 3592 bewahren

2404 3563 2756 3623 liebenswürdigsten
2795 3560 2897 3620 Figur
2952 3555 3071 3615 seines
3104 3553 3228 3613 „Profe

1296 3575 1331 3635 er
1363 3574 1414 3634 die
1450 3573 1713 3633 Unsauberkeit
1744 3573 1862 3633 dieser
1894 3570 2135 3630 Gesellschaft
2187 3569 2357 3629 erkennt.

176 3588 331 3648 wußten,
357 3588 407 3648 die
438 3588 528 3648 darin
564 3588 634 3648 ihre
659 3587 719 3647 got
740 3585 921 3645 gegebene
952 3584 1097 3644 Mission
1128 3582 1228 3642 sahen

2405 3615 2540 3675 hardi",
2558 3613 2586 3673 in
2616 3612 2677 3672 dem
2729 3609 2888 3669 witzigen
2924 3606 3048 3666 Hofrat
3078 3604 3230 3664 Winker

1296 3624 1357 3684 Und
1394 3626 1451 3686 der
1477 3624 1623 3684 Dichter
1649 3623 1774 3683 scheut
1800 3623 1924 3683 ebenso
1951 3621 2049 3681 nicht
2071 3621 2185 3681 davor
2211 3618 2356 3678 zurück,

176 3641 234 3701 und
266 3639 313 3699 sie
340 3639 366 3699 in
398 3638 520 3698 treuer
547 3636 753 3696 Tapferkeit
775 3634 906 3694 übten:
923 3634 986 3694 Die
1013 3633 1235 3693 Schwachen

2407 3666 2545 3726 Uniform
2601 3660 3022 3720 sozialdemokratisches
3062 3654 3228 3714 Untert

1296 3677 1344 3737 die
1377 3674 1659 3734 „Objektivität“
1687 3672 1745 3732 des
1779 3672 1952 3732 Dozenten
1985 3672 2055 3732 Dr.
2072 3672 2201 3732 Adler,
2219 3669 2278 3729 der
2305 3669 2337 3729 im

176 3690 237 3750 and
269 3687 579 3747 Unterdrückten,
595 3686 646 3746 die
678 3684 863 3744 Enterbten
895 3684 957 3744 und
988 3682 1236 3742 Entrechteten

2402 3713 2486 3773 näht
2516 3713 2583 3773 ist,
2612 3713 2663 3773 ein
2704 3710 2908 3770 prächtiges
2949 3707 3130 3767 Denkmal
3159 3704 3233 3764 erri

1295 3725 1480 3785 kritischen
1517 3725 1682 3785 Moment
1708 3725 1770 3785 dem
1822 3723 2080 3783 angegriffenen
2117 3719 2282 3779 Kollegen
2323 3717 2343 3777 in

176 3742 202 3802 in
234 3740 371 3800 Schutz
403 3740 440 3800 zu
477 3737 619 3797 nehmen
662 3737 773 3797 wider
806 3734 863 3794 dem
917 3734 1032 3794 Druck
1070 3732 1154 3792 oder
1186 3731 1238 3791 die

2383 3884 2688 3944 Lebens-
2739 3878 2873 3938 und
2972 3877 3216 3937 Eicme

1854 3890 2281 3950 übertragen

1310 3896 1408 3956 der
1485 3896 1736 3956 „Union

181 3910 586 3970 Mitglicder
664 3905 803 3965 und
882 3904 1210 3964 Frcunde

716 4010 1300 4070 Versicherungen
1385 4006 1503 4066 der
1564 4001 1993 4061 Städtisdien
2066 3989 2888 4049 Versichcrungsanstan
