3392 4384
403 374 514 434 Nr.
532 376 660 436 258.
717 380 885 440 Erstes
919 382 1151 442 Beiblatt

680 646 984 706 Nerveiei

598 724 656 784 Von
686 724 813 784 Stefan
848 729 1063 789 Großmann

465 793 504 853 Am
544 795 681 855 Scnntag
711 797 759 857 hat
784 797 823 857 sich
848 799 872 859 in
902 800 1054 860 Budapest
1074 802 1118 862 die
1138 802 1255 862 Tochter

401 843 485 903 eines
555 846 817 906 hauptstädtischen
892 849 1261 909 Mittelschulprofessors,

405 894 545 954 Fräulein
573 893 658 953 Irma
686 895 793 955 Nagel,
813 897 1028 957 umzubringen
1057 900 1197 960 versucht.
1216 899 1248 959 In

404 941 483 1001 einem
521 942 754 1002 Abschiedsbrief
773 945 899 1005 erklärte
918 946 969 1006 sie,
984 948 1067 1008 nach
1091 948 1254 1008 Arthur

401 993 654 1053 Schnitzlers
709 993 793 1053 Tod
853 994 981 1054 wolle
1037 999 1096 1059 sie
1151 999 1259 1059 nicht

398 1041 705 1101 weiterleben.
748 1044 789 1104 Es
818 1047 943 1107 gelang,
976 1047 1022 1107 die
1051 1047 1255 1107 Selbstmord¬

402 1091 582 1151 versucherin
610 1091 637 1151 zu
669 1091 781 1151 retten.

455 1152 515 1212 Das
555 1153 649 1213 junge
685 1156 849 1216 Mädchen,
880 1157 930 1217 dem
985 1157 1034 1217 die
1070 1157 1155 1217 Welt
1190 1160 1254 1220 nach

400 1202 568 1262 Schnitzlers
598 1202 674 1262 Ende
699 1204 771 1264 keine
800 1205 862 1265 Lust
887 1205 964 1265 mehr
988 1207 1108 1267 taachte,
1123 1208 1157 1268 ist
1181 1208 1253 1268 nicht

393 1250 444 1310 vom
501 1253 600 1313 Film,
638 1253 718 1313 nicht
756 1254 812 1314 vom
870 1256 1020 1316 Theater,
1054 1259 1086 1319 es
1130 1259 1167 1319 ist
1209 1259 1251 1319 ein

396 1300 563 1360 anonymes
595 1303 798 1363 Bürgerkind,
827 1304 880 1364 und
912 1305 971 1365 also
1003 1308 1079 1368 nicht
1103 1309 1256 1369 anzuneh¬

397 1351 478 1411 men,
498 1351 546 1411 daß
580 1351 642 1411 hier
672 1352 715 1412 ein
744 1354 1052 1414 Reklamebedürfnis
1082 1358 1134 1418 auf
1159 1360 1240 1420 einem

391 1401 485 1461 etwas
509 1402 768 1462 ungewöhnlichen
796 1405 881 1465 Wege
905 1408 1112 1468 durchbrechen
1141 1408 1258 1468 wollte.

402 1450 456 1510 Wie
486 1451 554 1511 aber
580 1451 649 1511 kann
684 1453 747 1513 man
777 1453 826 1513 sich
852 1456 1004 1516 erklären,
1024 1457 1078 1517 daß
1108 1459 1147 1519 ein
1177 1461 1255 1521 acht¬

401 1500 607 1560 zehnjähriges
633 1503 744 1563 Mädel
765 1503 875 1563 Schluß
907 1503 1017 1563 machen
1054 1506 1169 1566 wollte,
1190 1509 1260 1569 weil

401 1551 436 1611 ein
467 1551 542 1611 alter
568 1553 680 1613 Dichter
706 1554 730 1614 in
761 1555 806 1615 der
833 1555 1040 1615 benachbarten
1077 1560 1259 1620 Hauptstadt

400 1602 550 1662 gestorben
580 1602 637 1662 ist?

458 1665 497 1725 Am
538 1665 648 1725 besten,
674 1668 734 1728 man
769 1671 915 1731 versucht,
936 1671 981 1731 den
1016 1671 1247 1731 merkwürdigen

402 1715 525 1775 Vorfall
546 1715 602 1775 mit
623 1715 798 1775 Schnißzlers
830 1718 1123 1778 Analysiermethode
1149 1722 1174 1782 zu
1206 1721 1257 1781 be¬

397 1764 528 1824 greifen.
569 1764 639 1824 Alle
675 1766 958 1826 Schnitzlerfiguren
1004 1769 1095 1829 haben
1141 1771 1257 1831 Todes¬

401 1814 529 1874 launen,
549 1814 603 1874 von
638 1814 687 1874 der
717 1815 850 1875 Liebelei
875 1817 924 1877 der
949 1818 1102 1878 Christine
1127 1820 1176 1880 bis
1206 1822 1255 1882 zur

400 1862 553 1922 Sterbelei
573 1865 620 1925 des
645 1865 789 1925 Fräulein
813 1866 880 1926 Else
900 1865 909 1925 —
952 1867 1058 1927 immer
1077 1868 1187 1928 wieder
1207 1872 1250 1932 lag

397 1913 446 1973 den
476 1913 559 1973 süßen
594 1913 648 1973 und
673 1914 795 1974 bitteren
821 1916 943 1976 Mädeln
973 1917 1018 1977 die
1038 1919 1141 1979 Flucht
1161 1919 1185 1979 in
1210 1919 1254 1979 die

400 1963 568 2023 Finsternis
593 1963 612 2023 im
652 1963 755 2023 Blute.
781 1965 1057 2025 Schicksalsschläge
1077 1966 1250 2026 erwiderten

396 2011 443 2071 die
466 2011 560 2071 reifen
593 2011 728 2071 Männer
757 2014 934 2074 Schnitzlers
963 2014 1018 2074 mit
1046 2017 1261 2077 Resignation,

402 2063 471 2123 seine
500 2062 607 2122 jungen
640 2062 761 2122 Frauen
799 2061 864 2121 aber
897 2062 1019 2122 spielten
1057 2062 1164 2122 schnell
1192 2062 1257 2122 ent¬

398 2113 517 2173 schlossen
563 2110 702 2170 Se#icksal
737 2110 811 2170 über
847 2110 896 2170 sich
931 2113 1036 2173 selbst.
1076 2111 1170 2171 Wenn
1210 2114 1259 2174 die

397 2157 512 2217 Wiener
547 2157 604 2217 dat
614 2158 682 2218 über
716 2160 894 2220 nachdenken
938 2160 1078 2220 wollten,
1113 2160 1165 2220 wie
1204 2161 1247 2221 ein

401 2208 542 2268 Denkmal
558 2208 602 2268 für
623 2208 775 2268 Schnitzler
801 2209 942 2269 aussehen
968 2211 1069 2271 sollte,
1085 2209 1104 2269 so
1131 2211 1246 2271 müßten

403 2261 432 2321 sie
458 2259 509 2319 aus
535 2259 625 2319 seinen
656 2259 833 2319 Dichtungen
864 2261 889 2321 zu
920 2259 970 2319 dem
1006 2259 1168 2319 plastischen
1199 2262 1259 2322 Ge¬

393 2310 496 2370 danken
537 2310 684 2370 kommen,
704 2310 753 2370 die
778 2311 876 2371 Figur
907 2310 990 2370 eines
1020 2310 1143 2370 zarten,
1168 2310 1237 2370 kaum

397 2361 556 2421 gereiften,
577 2359 623 2419 zum
660 2359 737 2419 Tode
758 2361 907 2421 geneigten
938 2361 1098 2421 Mädchens
1124 2361 1175 2421 auf
1196 2361 1247 2421 sein

405 2408 483 2468 Grab
513 2410 543 2470 zu
574 2408 694 2468 stellen.

464 2468 528 2528 Wie
559 2468 630 2528 aber
660 2467 670 2527 —
727 2467 761 2527 ist
787 2470 862 2530 denn
898 2468 948 2528 der
974 2470 1044 2530 Weg
1080 2468 1130 2528 vom
1176 2468 1251 2528 Buch

405 2516 457 2576 zum
501 2513 611 2573 Leben,
636 2513 688 2573 von
722 2513 770 2573 der
800 2513 948 2573 Dichtung
982 2513 1035 2573 zur
1064 2513 1251 2573 Realisation

405 2560 429 2620 so
464 2558 557 2618 kurz?
607 2556 675 2616 Das
710 2558 882 2618 ungarische
917 2555 1079 2615 Mädchen,
1109 2558 1162 2618 das
1202 2558 1255 2618 mit

407 2602 561 2662 Schnitzler
585 2602 735 2662 weggehen
768 2602 881 2662 wollte,
896 2602 1017 2662 stammt
1042 2602 1093 2662 aus
1121 2602 1173 2662 dem
1211 2599 1257 2659 ge¬

405 2647 525 2707 bildeten
578 2645 804 2705 Bürgerstanb,
848 2647 905 2707 aus
954 2646 1041 2706 jener
1089 2645 1247 2705 tragischen

405 2692 720 2752 Mittelstandsklasse,
745 2692 792 2752 die
826 2691 893 2751 nach
937 2689 984 2749 dem
1037 2689 1147 2749 Kriege
1186 2688 1257 2748 auf¬

408 2737 537 2797 gerieben
567 2737 619 2797 und
649 2737 672 2797 in
702 2735 778 2795 Wien
808 2734 860 2794 wie
885 2734 908 2794 in
938 2734 1091 2794 Budapest
1111 2734 1164 2794 fast
1183 2733 1260 2793 aus¬

400 2782 520 2842 gelöscht
550 2782 665 2842 wurde.
704 2779 881 2839 Schnitzler,
906 2779 978 2839 ohne
1007 2779 1040 2839 es
1065 2778 1098 2838 zu
1137 2776 1257 2836 wollen,

398 2826 450 2886 nur
485 2824 557 2884 weil
582 2823 610 2883 er
639 2823 672 2883 es
702 2823 817 2883 fühlte,
838 2822 900 2882 war
934 2820 982 2880 der
1012 2820 1132 2880 Dichter
1161 2820 1252 2880 dieser

406 2869 569 2929 sterbenden
612 2868 840 2928 Donaukultur,
869 2865 943 2925 seine
977 2865 1112 2925 Figuren
1150 2865 1247 2925 waren

407 2914 547 2974 Modelle,
571 2915 603 2975 er
632 2913 688 2973 gab
721 2910 772 2970 den
810 2908 1058 2968 melancholischen
1096 2907 1246 2967 Männern

405 2959 453 3019 das
483 2958 608 3018 Vorbild
638 2955 681 3015 für
705 2955 782 3015 ihren
817 2954 956 3014 einsamen
991 2952 1077 3012 Weg,
1093 2953 1126 3013 er
1146 2952 1247 3012 schrieb

402 3005 448 3065 den
477 3003 584 3063 jungen
618 3000 753 3060 Müdchen
786 3000 833 3060 des
861 2997 1086 3057 Bürgertums,
1105 2996 1147 3056 die
1175 2994 1250 3054 keine

405 3047 544 3107 Zukunft,
580 3044 728 3104 höchstens
774 3043 818 3103 ein
864 3042 983 3102 bißchen
1033 3038 1256 3098 Gegenwarto¬

412 3091 527 3151 schwipo
556 3089 705 3149 erlebten,
724 3086 772 3146 den
806 3086 873 3146 Weg
912 3084 940 3144 in
979 3085 1026 3145 die
1060 3083 1252 3143 Verklärung

411 3137 474 3197 vor.
520 3134 651 3194 Goethes
688 3131 829 3191 Werther
862 3128 970 3188 konnte
1003 3128 1048 3188 sich
1090 3127 1244 3187 umdrehen

410 3180 465 3240 und
499 3179 550 3239 den
588 3176 954 3236 Selbstmordkandidaten
993 3170 1086 3230 seiner
1115 3170 1180 3230 Zeit
1209 3171 1260 3231 zu¬

407 3226 512 3286 rufen:
541 3224 617 3284 „Sei
642 3221 685 3281 ein
719 3219 814 3279 Mann
863 3218 920 3278 und
964 3217 1040 3277 folge
1084 3215 1141 3275 mir
1180 3215 1256 3275 nicht

402 3268 500 3328 nach!“
548 3265 699 3325 Fräulein
732 3262 812 3322 Elses
845 3261 949 3321 müdes
978 3259 1157 3319 “timmchen
1195 3256 1255 3316 war

406 3315 435 3375 zu
466 3310 603 3370 schwach,
624 3310 658 3370 um
708 3310 792 3370 ihren
832 3306 1103 3366 Nachfolgerinnen
1149 3304 1251 3364 irgend

411 3358 499 3418 etwas
529 3355 710 3415 zuzurufen.

465 3418 537 3478 Aber
568 3418 661 3478 wegen
698 3415 775 3475 eines
812 3413 868 3473 fast
895 3412 1137 3472 siebzigjährigen
1174 3409 1261 3469 Dich¬

402 3465 486 3525 ters?
511 3463 575 3523 Das
600 3463 634 3523 ist
654 3460 708 3520 nun
738 3460 792 3520 das
817 3455 1084 3515 Merkwürdigste:
1099 3454 1261 3514 Schnißler

402 3508 498 3568 wurde
532 3505 595 3565 erst
624 3504 653 3564 in
682 3503 774 3563 seinen
808 3500 987 3560 Rekrologen
1021 3498 1126 3558 siebzig
1156 3495 1267 3555 Jahre.

407 3554 439 3614 In
477 3549 528 3609 den
556 3549 733 3609 Phantasien
771 3545 859 3605 seiner
888 3541 967 3601 Leser
995 3540 1050 3600 und
1079 3540 1251 3600 Leserinnen

402 3594 467 3654 war
486 3594 514 3654 er
538 3592 584 3652 der
608 3593 677 3653 ewig
702 3593 808 3653 junge,
823 3585 1155 3645 jugendschwermütige
1179 3582 1262 3642 Dich¬

400 3641 442 3701 ter
466 3639 521 3699 mit
545 3636 592 3696 der
620 3636 742 3696 blonden
775 3632 953 3692 Stirnlocke.
972 3630 1107 3690 Solange
1136 3627 1262 3687 Schnitz¬

397 3684 442 3744 ler
467 3682 557 3742 lebte,
577 3681 662 3741 schien
697 3680 726 3740 er
752 3678 842 3738 jung.
877 3675 952 3735 Erst
977 3674 1021 3734 der
1052 3672 1106 3732 Tod
1137 3672 1192 3732 hat
1217 3671 1261 3731 ihn

406 3727 534 3787 jählings
564 3722 632 3782 weiß
657 3722 799 3782 gemacht.
829 3720 878 3780 Ist
898 3719 952 3779 das
977 3716 1030 3776 kein
1056 3713 1262 3773 Selbstmoro¬

403 3769 515 3829 motiv:
548 3767 614 3827 Das
652 3765 802 3825 plößliche
841 3761 948 3821 Altern
991 3761 1075 3821 eines
1113 3757 1259 3817 geliebten

404 3812 578 3872 Menschen?
626 3811 690 3871 Und
717 3809 854 3869 wieviele
875 3806 970 3866 junge
998 3803 1134 3863 Mädchen
1167 3801 1256 3861 dieser

405 3857 567 3917 sterbenden
606 3854 792 3914 Donauwelt
816 3850 907 3910 haben
946 3848 1012 3908 bloß
1041 3847 1165 3907 einen
1199 3842 1261 3902 Ge¬

410 3902 529 3962 liebten:
560 3899 608 3959 den
639 3899 771 3959 Dichter,
795 3899 843 3959 den
880 3897 915 3957 sie
940 3893 1018 3953 lesen
1055 3893 1108 3953 und
1145 3890 1193 3950 der
1223 3890 1253 3950 in

404 3946 490 4006 ihnen
520 3944 624 4004 gelesen
654 3943 717 4003 hat.

462 4006 615 4066 Vielleicht
634 4003 698 4063 war
722 4001 881 4061 Schnißzler
911 3998 958 4058 der
982 3997 1111 4057 einzige,
1130 3995 1259 4055 geheime

408 4051 539 4111 Reichtum
580 4048 670 4108 dieses
696 4045 807 4105 jungen
838 4042 1015 4102 Mädchens,
1036 4040 1091 4100 und
1122 4039 1263 4099 vielleicht

408 4096 523 4156 gehörte
549 4093 619 4153 diese
645 4090 846 4150 unzeitgemäß
877 4084 1088 4144 schwärmende
1114 4084 1205 4144 Serle
1226 4083 1255 4143 zu

406 4137 506 4197 jenen,
528 4134 573 4194 die
604 4134 766 4194 Schnitzler
798 4131 853 4191 mit
884 4131 966 4191 einem
1007 4127 1083 4187 Satz
1109 4125 1160 4185 ins
1191 4125 1266 4185 Herz

407 4181 547 4241 getroffen
582 4179 649 4239 hat:
667 4179 728 4239 „Co
752 4178 819 4238 gibt
842 4176 966 4236 Seelen,
989 4175 1011 4235 in
1046 4170 1130 4230 denen
1165 4170 1254 4230 nichts

416 4227 571 4287 verjährt."

2069 428 2264 488 lerat

1659 575 1790 635 Trauer
1820 572 1880 632 und
1911 569 2046 629 Treue.

1702 633 1737 693 In
1779 628 2044 688 Nagy=Kanisza
2081 624 2262 684 (Ungarn)
2289 619 2460 679 versuchte
2491 617 2537 677 ein

1662 681 1781 741 junges
1812 676 1973 736 Mädchen
2010 676 2061 736 sich
2093 672 2160 732 aus
2186 670 2279 730 Gram
2347 667 2435 727 über
2482 664 2539 724 den

1660 730 1720 790 Tod
1753 728 1812 788 des
1846 724 1960 784 jüngst
1988 722 2228 782 verstorbenen
2266 717 2538 777 österreichischen

1663 778 1813 838 Dichtere
1847 772 1965 832 Artur
2012 774 2209 834 Schnitzler
2262 770 2301 830 zu
2361 766 2551 826 vergiften.

1669 826 1734 886 Das
1770 826 1870 886 junge
1906 823 2093 883 Mädchen,
2140 820 2200 880 das
2236 817 2382 877 gerettet
2418 813 2549 873 werden

1669 873 1814 933 konnte,
1840 873 1920 933 aber
1951 870 2071 930 schwer
2102 867 2207 927 krank
2268 862 2560 922 darniederliegt,

1670 921 1736 981 war
1768 921 1824 981 dem
1871 921 2004 981 Dichter
2035 918 2323 978 freundschaftlich
2355 912 2545 972 verbunden

1730 1058 1923 1118 SBE

2133 1067 2391 1127 RVER

1755 1115 1777 1175 I.
1791 1118 1894 1178 österr
1921 1118 2073 1178 behördl.
2087 1122 2387 1182 konzessioniertes

1715 1159 1944 1219 Unternehmen
1976 1160 2027 1220 für
2050 1166 2440 1226 Zeitungs-Ausschnitte

1765 1218 1909 1278 WIEN,
1937 1222 1985 1282 I.,
2013 1226 2302 1286 WOLLZEILE
2352 1229 2392 1289 11

1857 1271 2076 1331 TELEPHON
2109 1275 2284 1335 R-23-0-43

1719 1413 1948 1473 densen
1989 1403 2239 1463 aan

2133 1581 2272 1641 NOV.
2293 1601 2391 1661 1897

1655 1636 1766 1696 vom:

1657 1799 1864 1859 Pozüstalost
1885 1802 2027 1862 Arthurs
2048 1801 2249 1861 Sohnitzlern
2282 1802 2347 1862 byla
2374 1802 2386 1862 v

1588 1838 1612 1898 to
1638 1838 1734 1898 dnoch
1765 1839 2009 1899 prozkoumána
2035 1841 2044 1901 a
2071 1839 2146 1899 byly
2167 1840 2182 1900 V
2203 1841 2243 1901 ní
2258 1841 2416 1901 nalezeny
2437 1838 2512 1898 jéd-

1584 1880 1793 1940 nouktovky,
1811 1880 1820 1940 z
1847 1880 1938 1940 nichž
1961 1880 2074 1940 první,
2088 1878 2292 1938 veršovaná,
2311 1880 2338 1940 so
2361 1880 2501 1940 odehrá-

1589 1918 1612 1978 vá
1642 1916 1655 1976 v
1685 1919 1699 1979 ,
1728 1918 1766 1978 bö
1791 1916 1963 1976 třicotileté
1992 1919 2107 1979 války,
2126 1919 2227 1979 druhá
2256 1921 2308 1981 prý
2338 1920 2361 1980 jo
2391 1920 2491 1980 psána

1588 1957 1676 2017 podle
1705 1954 1793 2014 2ivot
1803 1957 1816 2017 i
1840 1954 1980 2014 herečky
2014 1957 2111 2017 Adély
2140 1957 2392 2017 Sandrockové.
2416 1957 2495 2017 Tuto

1580 1996 1635 2056 hru
1668 1996 1789 2056 napsal
1808 1996 1994 2056 Schnitzler
2022 1998 2060 2058 jiz
2083 1997 2157 2057 płed
2186 1999 2297 2059 triceti
2316 1996 2381 2056 lety
2409 1997 2418 2057 a
2447 1996 2502 2056 za-

1579 2035 1635 2095 dal
1659 2037 1686 2097 ji
1710 2035 1842 2095 jistému
1880 2035 2105 2095 berlinskému
2138 2038 2297 2098 divadlu,
2317 2038 2391 2098 pled
2429 2036 2504 2096 pro-

1580 2071 1714 2131 vedenim
1757 2075 1784 2135 ji
1803 2072 1877 2132 však
1911 2074 1985 2134 vzal
2004 2075 2143 2135 zpátky.
2162 2077 2260 2137 Mimo
2289 2077 2316 2137 to
2340 2076 2414 2136 bylo
2442 2074 2502 2134 na-

1580 2113 1688 2173 lozeno
1716 2113 1888 2173 mnożstyi
1907 2114 2124 2174 nevydaných
2161 2113 2274 2173 novel,
2293 2116 2379 2176 části
2407 2113 2501 2173 vôtší-

1575 2152 1611 2212 ho
1639 2153 1798 2213 románu,
1822 2153 1912 2213 velká
1945 2154 2054 2214 sbírka
2087 2154 2241 2214 aforismů
2278 2154 2292 2214 a
2319 2154 2497 2214 divadelní

1578 2191 1632 2251 hra
1663 2190 1723 2250 Rej
1744 2190 1850 2250 stinů.
1866 2191 2016 2251 Dentky,
2032 2193 2077 2253 jež
2098 2193 2173 2253 byly
2199 2193 2213 2253 v
2240 2193 2421 2253 básníkově
2447 2192 2481 2252 po

1579 2229 1751 2289 zôstalosti
1771 2232 1891 2292 rovněż
1915 2232 2093 2292 nalezony,
2108 2233 2222 2293 mohou
2251 2234 2314 2294 být
2334 2229 2482 2289 podje

1580 2271 1614 2331 ho
1645 2268 1806 2328 poslednť
1832 2268 1907 2328 vôlo
1938 2269 2145 2329 uveřeiněny
2176 2273 2191 2333 a
2242 2274 2282 2334 po
2313 2271 2429 2331 třicéti
2454 2269 2499 2329 le-

1578 2307 1669 2367 toch.
1690 2313 1858 2373 Správcem
1936 2313 2160 2373 pozûstalosti
2189 2315 2223 2375 je
2252 2313 2483 2373 Schnitzlerdy

1583 2349 1660 2409 syn.

1665 2543 1697 2603 a
1725 2550 1830 2610 L'arte
1851 2551 1863 2611 e
1884 2552 1910 2612 la
1937 2552 1996 2612 vita
2017 2552 2156 2612 militare
2176 2551 2202 2611 di
2223 2552 2262 2612 A.
2283 2552 2448 2612 Schnitzler

1840 2598 1941 2658 Signor
1967 2594 2128 2654 Direttore.

1753 2641 1834 2701 sento
1865 2638 1878 2698 «
1917 2638 2037 2698 dovere,
2072 2638 2158 2698 quale
2188 2640 2343 2700 congtunto
2378 2642 2451 2702 dello

1728 2674 1882 2734 scomparso
1916 2672 1997 2732 pocta
2034 2674 2141 2734 Arthur
2175 2674 2351 2734 Schnitzler,
2378 2675 2388 2735 o
2422 2674 2436 2734 1

1724 2709 1801 2769 nomo
1824 2707 1916 2767 ancho
1939 2706 1986 2766 del
2009 2707 2082 2767 fy.to
2109 2706 2120 2766 o
2146 2705 2216 2765 dolla
2246 2707 2364 2767 vedova,
2383 2707 2460 2767 pres¬

1728 2743 1749 2803 so
1778 2740 1827 2800 cut
1849 2739 1892 2799 ero
1920 2737 1945 2797 in
1981 2739 2077 2799 questt
2099 2740 2198 2800 gtorut
2220 2740 2252 2800 di
2274 2740 2384 2800 grande
2413 2741 2462 2801 tri-

1728 2773 1824 2833 sterza,
1846 2774 1877 2834 di
1899 2773 2053 2833 chioderle
2078 2773 2132 2833 una
2164 2773 2282 2833 rettifica
2311 2773 2343 2833 al
2365 2772 2464 2832 necro-

1724 2807 1794 2867 logio
1816 2806 1937 2866 apparso
1960 2807 2007 2867 nel
2026 2807 2036 2867 «
2052 2806 2176 2866 Corriere
2199 2806 2272 2866 della
2298 2806 2360 2866 Sera
2379 2806 2389 2866 »
2408 2807 2456 2867 dol

1724 2840 1820 2900 giorno
1845 2840 1873 2900 2
1899 2838 1930 2898 u.
1952 2838 1976 2898 ».
2009 2838 2037 2898 vl
2062 2838 2073 2898 à
2105 2836 2176 2896 dotto
2201 2840 2268 2900 che,
2290 2841 2315 2901 in
2344 2841 2450 2901 seguito

1728 2874 1773 2934 alla
1802 2871 2020 2931 pubbiicazione
2049 2871 2116 2931 della
2148 2871 2259 2931 novella
2288 2872 2298 2932 «
2313 2872 2458 2932 Leutaant

1728 2904 1806 2964 Custl
1817 2906 1842 2966 »,
1860 2906 1988 2966 l'Autoro
2014 2904 2025 2964 -
2064 2904 2110 2964 che
2139 2904 2229 2964 allora
2258 2904 2304 2964 era
2333 2907 2454 2967 ufelalo

1728 2937 1831 2997 medieo
1860 2937 1931 2997 della
1964 2937 2067 2997 riserva
2096 2937 2317 2997 nell'impertale
2343 2939 2457 2999 esercito

1724 2970 1860 3030 austriaco
1897 2970 1907 3030 -
1958 2970 2047 3030 venne
2077 2970 2231 3030 sottoposto
2264 2972 2278 3032 a
2314 2971 2347 3031 un
2379 2970 2461 3030 giuri

1724 3003 1834 3063 d'onore
1860 3003 1909 3063 cho
1934 3003 1963 3063 al
1984 3003 2137 3063 pronunzio
2166 3003 2177 3063 a
2206 3005 2262 3065 Lul
2288 3003 2458 3063 sfavorevol¬

1724 3038 1828 3098 monto.
1854 3035 1900 3095 Clo
1933 3038 1984 3098 non
2020 3037 2030 3097 à
2060 3035 2168 3095 esatto;
2194 3036 2243 3096 non
2280 3038 2305 3098 ai
2331 3035 2457 3095 trattavn

1728 3071 1750 3131 di
1772 3071 1805 3131 un
1835 3068 1917 3128 gluri
1936 3068 2069 3128 d'onore,
2088 3068 2173 3128 benst
2192 3068 2225 3128 di
2251 3068 2284 3128 un
2314 3070 2455 3130 Consiglio

1726 3101 1756 3161 di
1779 3103 1926 3163 disciplina
1957 3101 2097 3161 militare.
2117 3101 2279 3161 L'arciduca
2310 3101 2458 3161 Raintero.

1724 3136 1757 3196 tio
1791 3134 1864 3194 doll'
1872 3136 2046 3196 Imperatore
2076 3134 2087 3194 e
2121 3135 2231 3195 grande
2265 3136 2465 3196 maresciallo.

1724 3168 1795 3228 tento
1824 3170 1931 3230 invapo
1960 3167 1996 3227 di
2021 3167 2128 3227 evitare
2157 3167 2178 3227 lo
2215 3169 2333 3229 estrome
2362 3167 2461 3227 conso¬

1728 3203 1828 3263 guenre
1858 3200 1905 3260 del
1927 3200 2053 3260 verdetto
2078 3200 2092 3260 e
2118 3200 2175 3260 clob
2201 3200 2226 3260 la
2255 3203 2464 3263 cancollartone

1726 3238 1768 3298 dat
1795 3236 1871 3296 ruoli
1898 3236 2085 3296 dell'eseretto
2120 3234 2188 3294 dello
2223 3236 2399 3296 Schnitzlor.
2422 3233 2437 3293 V

1722 3271 1747 3331 st
1773 3270 1876 3330 oppose
1906 3268 1927 3328 1l
1957 3269 2034 3329 pocta
2067 3266 2166 3326 stesso,
2192 3267 2217 3327 il
2243 3268 2327 3328 quale
2357 3270 2452 3330 rifuto

1728 3301 1951 3361 onergicamente
1976 3300 1986 3360 -
2024 3301 2113 3361 ancho
2138 3301 2162 3361 ln
2186 3298 2317 3358 presenta
2345 3301 2392 3361 del
2407 3301 2454 3361 suo

1722 3334 1832 3394 grndo
1861 3334 2017 3394 protettore
2053 3334 2064 3394 
2110 3332 2142 3392 di
2164 3334 2317 3394 deplorare
2349 3336 2371 3396 la
2407 3334 2452 3394 sua

1721 3369 1824 3429 opera,
1845 3367 1892 3427 che
1923 3367 1934 3427 -
1979 3367 2026 3427 ben
2061 3367 2071 3427 a
2102 3367 2239 3427 ragione,
2264 3366 2290 3426 se
2318 3365 2342 3425 si
2367 3368 2438 3428 pens

1724 3400 1751 3460 al
1775 3399 1864 3459 tempo
1895 3400 1967 3460 nella
1998 3400 2084 3460 quale
2112 3398 2200 3458 venne
2228 3400 2392 3460 pubbilcata

1724 3433 1743 3493 tu
1777 3431 1951 3491 considerata
1985 3433 2017 3493 un
2051 3430 2113 3490 floro
2143 3430 2219 3490 gesto
2252 3430 2298 3490 del
2322 3433 2367 3493 suo
2397 3432 2456 3492 spi-

1721 3466 1772 3526 rito
1811 3466 2013 3526 indipendente
2044 3465 2054 3525 e
2089 3464 2240 3524 ineurante
2278 3466 2350 3526 delle
2381 3466 2453 3526 viete

1722 3498 1907 3558 conventont
1935 3498 2007 3558 nulle
2038 3498 2120 3558 qualt
2148 3498 2161 3558 »
2199 3496 2306 3556 basava
2341 3497 2364 3557 il
2392 3493 2457 3553 pre-

1722 3532 1800 3592 tiglo
1822 3531 1904 3591 dexii
1920 3530 2046 3590 ufetall
2061 3528 2203 3588 austriaet
2222 3530 2255 3590 di
2270 3531 2363 3591 allora
2394 3531 2449 3591 Egl

1720 3567 1829 3627 preteri
1847 3564 1960 3624 perdero
1985 3564 2003 3624 le
2028 3561 2148 3621 spalline
2173 3561 2307 3621 piuttosto
2329 3564 2378 3624 che
2396 3564 2456 3624 rin-

1722 3598 1821 3658 negnro
1855 3599 1909 3659 una
1947 3597 2001 3657 sola
2042 3597 2112 3657 delle
2145 3598 2244 3658 parole
2278 3600 2325 3660 cho
2358 3598 2446 3658 aveva

1722 3632 1812 3692 seritte
1845 3630 1856 3690 e
1889 3630 2070 3690 pubblicate.

1744 3666 1820 3726 Certo
1848 3663 1900 3723 «he
1932 3665 1990 3725 Ella
2022 3663 2102 3723 vorrà
2133 3663 2314 3723 compiacer»
2349 3665 2380 3725 dl
2408 3664 2453 3724 ae-

1722 3698 1838 3758 rogliere
1862 3696 1886 3756 la
1913 3698 1964 3758 mia
1995 3696 2142 3756 preghiera
2167 3695 2177 3755 e
2204 3698 2286 3758 vorra
2314 3698 2354 3758 tar
2379 3696 2450 3756 puh-

1721 3731 1827 3791 bilchro
1849 3731 1871 3791 la
1897 3731 2033 3791 rettihea.
2052 3734 2063 3794 L
2107 3732 2192 3792 porgo
2218 3731 2276 3791 vivt
2299 3734 2442 3794 anticipat

1722 3767 1964 3827 ringraclament!

1814 3949 2130 4009 vee
2201 3955 2408 4015 della

1796 4057 2053 4117 Jeka,
2091 4053 2117 4113 6
2183 4049 2514 4109 uoende

2419 4149 2598 4209 1431.
