3392 4320
307 118 420 178 vom:

397 234 1008 294 Tagesnachrichten.

530 321 644 381 Artur
677 318 906 378 Schnitzler.

263 381 326 441 Von
362 383 467 443 seinem
513 379 617 439 Hause
645 374 672 434 in
709 373 759 433 der
795 371 1110 431 Sternwartestraße
1142 368 1201 428 aus

218 433 325 493 wurde
372 431 489 491 gestern
541 425 672 485 mittags
719 422 826 482 Artur
869 422 1121 482 Schnitzler

222 482 326 542 Grabe
356 478 503 538 geleitet.
537 474 580 534 Er
609 473 695 533 hatte
724 470 891 530 letztwillig
925 467 1096 527 bestimmt,
1145 464 1201 524 daß

222 532 268 592 die
296 528 501 588 Leichenfeier
529 524 608 584 ohne
636 521 719 581 jeden
757 520 868 580 Prunk
897 517 952 577 und
985 515 1013 575 in
1046 515 1096 575 der
1116 512 1208 572 aller¬

224 580 416 640 schlichtesten
457 575 558 635 Weise
599 569 782 629 stattfinden
823 566 913 626 solle.
955 563 1026 623 Der
1057 562 1213 622 Holzsarg

222 628 289 688 war
324 625 352 685 im
401 622 659 682 Schlafzimmer
693 613 746 673 der
785 615 868 675 Villa
907 611 1130 671 aufgebahrt.

222 674 273 734 der
306 673 437 733 Wunsch
465 671 517 731 des
550 667 713 727 Dichters,
737 664 797 724 von
830 663 1083 723 Kranzspenden
1116 657 1218 717 abzu¬

228 727 335 787 sehen,
355 723 415 783 erst
439 720 556 780 gestern
589 718 729 778 bekannt
758 712 884 772 wurde,
908 712 1020 772 konnte
1053 706 1132 766 nicht
1152 705 1217 765 ver¬

227 775 348 835 mieden
391 769 536 829 werden,
565 766 620 826 daß
658 765 714 825 den
757 763 841 823 Sarg
879 759 987 819 einige
1025 758 1104 818 schon
1147 753 1221 813 vor¬

225 823 299 883 stern
365 818 565 878 abgegebene
613 811 906 871 Blumengewinde
963 806 1028 866 und
1084 804 1214 864 Kränze

229 870 430 930 schmückten,
455 869 483 929 so
513 865 560 925 ein
594 861 704 921 Kranz
734 859 786 919 des
820 856 1060 916 Burgtheaters
1094 850 1151 910 mit
1166 849 1218 909 der

1096 899 1197 959 seinem

225 921 406 981 Inschrift:
443 915 531 975 „Das
573 912 738 972 dankbare
775 908 1003 968 Burgtheater

234 969 344 1029 großen
375 968 500 1028 Dichter
532 963 556 1023 in
592 963 642 1023 den
678 957 799 1017 Jahren
835 951 1077 1011 1895—1931.“
1108 948 1213 1008 Gegen

228 1020 297 1080 halb
332 1016 366 1076 12
397 1014 460 1074 Uhr
490 1012 599 1072 wurde
629 1010 683 1070 der
708 1007 797 1067 Sarg
847 1004 921 1064 nach
961 1001 1015 1061 dem
1070 997 1222 1057 Zentral¬

236 1067 375 1127 friedhof
408 1061 569 1121 gebracht.

273 1124 315 1184 Im
363 1118 648 1178 Zentralfriedhof
686 1115 775 1175 hatte
813 1112 865 1172 sich
913 1109 981 1169 eine
1014 1107 1109 1167 große
1141 1102 1225 1162 Zahl

234 1173 290 1233 von
337 1172 504 1232 Freunden
551 1166 616 1226 und
640 1163 811 1223 Verehrern
859 1158 909 1218 des
933 1156 1072 1216 Dichters
1115 1151 1226 1211 einge¬

239 1221 377 1281 funden,
402 1218 439 1278 um
483 1215 516 1275 an
550 1213 607 1273 der
636 1211 813 1271 Beisetzung
847 1206 1105 1266 teilzunehmen.
1139 1198 1210 1258 Vom

238 1267 645 1327 Unterrichtsministerium
705 1259 813 1319 hatten
867 1254 916 1314 sich
965 1251 1230 1311 Ministerialrat

242 1318 306 1378 Dr.
326 1315 443 1375 Wisoko
478 1314 541 1374 und
571 1309 840 1369 Regierungsrat
866 1300 929 1360 Dr.
954 1300 1233 1360 Thomasberger,

242 1368 290 1428 für
324 1366 381 1426 das
419 1363 644 1423 Burgtheater
673 1354 1003 1414 Generalintendant
1037 1348 1233 1408 Schneider¬

240 1416 325 1476 han,
345 1412 461 1472 Hofrat
487 1410 587 1470 Prof.
608 1404 779 1464 Reimers,
800 1403 855 1463 von
891 1400 940 1460 den
976 1398 1148 1458 Künstlern
1183 1396 1228 1456 die

243 1466 363 1526 Frauen
409 1459 601 1519 Bleibtreu,
631 1453 813 1513 Reinhold,
854 1447 1056 1507 Pünkösdy,
1097 1443 1237 1503 Mayer,

243 1515 294 1575 die
320 1512 438 1572 Herren
475 1508 650 1568 Herterich,
677 1503 799 1563 Aslan,
821 1500 949 1560 Moser,
976 1497 1088 1557 Marr,
1110 1494 1238 1554 Eidlitz,

246 1565 391 1625 Straßni
417 1559 659 1619 eingefunden.
705 1551 776 1611 Von
827 1550 881 1610 den
928 1545 1063 1605 übrigen
1105 1542 1235 1602 Wiener

245 1613 401 1673 Theatern
436 1608 504 1668 war
529 1606 611 1666 ganz
637 1602 807 1662 besonders
837 1597 988 1657 zahlreich
1018 1594 1071 1654 das
1096 1590 1228 1650 Theater

249 1661 274 1721 in
311 1661 362 1721 der
388 1656 562 1716 Josefstadt
589 1650 774 1710 vertreten,
795 1648 825 1708 an
862 1645 913 1705 der
939 1643 1042 1703 Spitze
1073 1639 1124 1699 der
1156 1637 1238 1697 Mit¬

245 1712 365 1772 glieder
401 1707 557 1767 Direktor
593 1701 658 1761 Dr.
689 1697 815 1757 Geyer,
846 1691 1234 1751 Direktorstellvertreter

255 1757 314 1817 Dr.
335 1757 475 1817 Kalbeck,
497 1753 546 1813 der
572 1749 779 1809 Dramaturg
809 1744 859 1804 der
890 1738 1227 1798 Reinhardt=Bühnen

257 1808 282 1868 in
314 1807 427 1867 Berlin
464 1805 525 1865 Dr.
552 1800 665 1860 Horch,
687 1796 748 1856 Dr.
774 1792 986 1852 Preminger,
1013 1785 1069 1845 von
1106 1784 1157 1844 der
1189 1781 1245 1841 Di¬

253 1857 370 1917 rektion
410 1851 463 1911 des
498 1849 669 1909 Deutschen
714 1840 959 1900 Volkstheaters
999 1833 1106 1893 waren
1146 1833 1243 1893 Kom¬

253 1906 444 1966 merzialrat
474 1899 655 1959 Geiringer
700 1894 764 1954 und
798 1890 901 1950 Prof.
926 1884 1141 1944 Glücksmann
1191 1880 1244 1940 er¬

254 1956 411 2016 schienen.
456 1948 603 2008 Namens
643 1943 697 2003 der
732 1942 834 2002 Stadt
864 1935 948 1995 Wien
988 1935 1051 1995 war
1086 1932 1243 1992 Stadtrat

262 2004 359 2064 Prof.
375 2002 441 2062 Dr.
463 1999 602 2059 Tandler
628 1993 824 2053 erschienen.
845 1989 922 2049 Man
954 1985 1000 2045 sah
1031 1982 1103 2042 auch
1129 1981 1227 2041 außer

258 2052 427 2112 ordentlich
469 2047 638 2107 zahlreiche
675 2039 958 2099 Persönlichkeiten
1011 2029 1072 2089 aus
1114 2029 1242 2089 Wiener

260 2099 629 2159 Schriftstellerkreisen;
667 2091 725 2151 vom
773 2084 1021 2144 Schriftsteller=
1048 2079 1111 2139 und
1149 2078 1248 2138 Jour¬

260 2150 511 2210 nalistenverein
552 2141 779 2201 „Concordia“
814 2136 919 2196 waren
960 2132 1096 2192 zugegen
1142 2125 1247 2185 Präsi¬

264 2202 337 2262 dent
370 2198 523 2258 Lipschütz
566 2193 623 2253 und
661 2190 910 2250 Vizepräsident
947 2180 1016 2240 Dr.
1043 2178 1254 2238 Reichmann,

267 2252 323 2312 vom
365 2246 622 2306 Schutzverband
653 2240 807 2300 deutscher
839 2230 1061 2290 Schriftsteller
1092 2224 1153 2284 Dr.
1169 2224 1256 2284 Fon¬

262 2299 359 2359 tana,
381 2297 432 2357 der
463 2294 690 2354 Herausgeber
722 2288 773 2348 der
804 2284 933 2344 „Neuen
964 2278 1078 2338 Freien
1114 2273 1243 2333 Presse“

269 2348 522 2408 Chefredakteur
554 2341 617 2401 Dr.
649 2339 817 2399 Benedikt,
844 2332 1102 2392 Chefredakteur
1135 2324 1255 2384 Hofrat

274 2399 409 2459 Holzer.

314 2448 391 2508 Nach
422 2446 504 2506 einer
536 2443 602 2503 sehr
629 2439 784 2499 einfachen
815 2434 1130 2494 Trauerzeremonie
1156 2426 1254 2486 folgte

270 2499 319 2559 die
350 2497 536 2557 Beisetzung
592 2491 622 2551 in
678 2489 768 2549 einem
829 2485 884 2545 von
935 2481 990 2541 der
1021 2478 1252 2538 israelitischen

266 2548 569 2608 Kultusgemeinde
601 2542 808 2602 gewidmeten
852 2534 1064 2594 Ehrengrab.

582 2655 990 2715 Trauerkundgebungen.

331 2718 394 2778 Der
424 2718 581 2778 Vorstand
616 2715 665 2775 des
700 2712 1123 2772 Schutzverbandes
1153 2706 1279 2766 deut¬

295 2769 402 2829 scher
439 2766 787 2826 Schriftsteller
834 2760 875 2820 in
911 2760 1158 2820 Österreich
1204 2753 1276 2813 trat

292 2817 507 2877 Donnerstag
542 2817 639 2877 unter
669 2812 786 2872 Vorsitz
821 2809 874 2869 des
909 2808 1119 2868 Präsidenten
1153 2804 1202 2864 O.
1227 2802 1280 2862 M.

291 2867 507 2927 Fontana
562 2863 595 2923 zu
636 2862 719 2922 einer
754 2859 990 2919 Trauersitzung
1025 2855 1181 2915 anläßlich
1221 2851 1275 2911 des

296 2915 458 2975 Ablebens
502 2911 611 2971 Artur
645 2909 831 2969 Schnitzlers
879 2906 1079 2966 zusammen.
1118 2900 1271 2960 Fontana

294 2966 454 3026 würdigte
485 2962 530 3022 die
561 2960 953 3020 Gesamtpersönlichkeit,
975 2952 1100 3012 Erhard
1136 2949 1286 3009 Busch¬

293 3014 378 3074 beck
403 3012 455 3072 den
489 3011 699 3071 Dramatiker
729 3007 790 3067 und
810 3005 957 3065 Sonka
992 3001 1044 3061 den
1083 2999 1269 3059 väterlichen

1208 3046 1262 3106 dem

299 3061 434 3121 Berater
473 3059 535 3119 und
569 3058 703 3118 Freund
752 3054 805 3114 des
839 3049 1152 3109 Schutzverbandes,

1211 3094 1275 3154 Der

295 3112 466 3172 Schnitzler
507 3107 568 3167 seit
599 3106 700 3166 seiner
731 3103 918 3163 Gründung
960 3098 1157 3158 angehörte.

299 3160 451 3220 Vorstand
506 3157 668 3217 beschloß,
713 3155 741 3215 zu
781 3151 884 3211 Ehren
929 3149 982 3209 des
1018 3148 1164 3208 Dichters
1209 3141 1278 3201 eine

299 3209 485 3269 Totenfeier
509 3207 542 3267 zu
576 3203 810 3263 veranstalten.
830 3199 949 3259 Weiter
979 3196 1083 3256 wurde
1113 3193 1141 3253 im
1175 3193 1279 3253 Sinne

297 3257 398 3317 Artur
429 3256 621 3316 Schnitzlers
657 3251 860 3311 beschlossen,
896 3247 951 3307 dem
1003 3243 1286 3303 Unterstützungs¬

306 3306 398 3366 fonds
427 3305 477 3365 des
505 3303 793 3363 Schutzverbandes
822 3299 891 3359 eine
915 3294 1044 3354 größere
1073 3292 1207 3352 Summe
1235 3289 1286 3349 zu¬

298 3355 501 3415 zuwenden.

343 3412 404 3472 Die
434 3411 634 3471 Société
663 3407 739 3467 des
773 3404 983 3464 Auteurs
1031 3399 1074 3459 et
1098 3398 1289 3458 Compo¬

296 3461 482 3521 siteurs
512 3457 861 3517 Dramatiques
890 3453 933 3513 de
962 3450 1134 3510 France
1164 3447 1221 3507 hat
1245 3446 1278 3506 an

299 3512 356 3572 den
409 3508 586 3568 Syndikus
639 3505 696 3565 der
745 3500 1012 3560 Genossenschaft
1061 3497 1285 3557 dramatischer

303 3557 529 3617 Schriftsteller
575 3555 635 3615 und
671 3554 892 3614 Komponisten
938 3548 1009 3608 Dr.
1035 3548 1165 3608 Philipp
1201 3544 1296 3604 Sil¬

301 3606 382 3666 ber
411 3608 459 3668 ein
493 3605 712 3665 Radiogramm
761 3602 909 3662 gesandt,
933 3598 961 3658 in
996 3595 1048 3655 dem
1096 3593 1143 3653 die
1173 3590 1297 3650 Gesell¬

309 3655 402 3715 schaft
452 3658 485 3718 zu
540 3653 598 3713 dem
648 3651 844 3711 Hinscheiden
893 3647 947 3707 des
992 3645 1104 3705 großen
1144 3642 1285 3702 Dichters

308 3705 410 3765 Artur
442 3703 690 3763 Schnitzler
721 3701 772 3761 ihr
804 3697 1026 3757 tiefgefühltes
1062 3693 1186 3753 Beileid
1223 3690 1279 3750 zum

309 3754 478 3814 Ausdruck
503 3753 633 3813 bringt.

344 3812 408 3872 Die
458 3811 714 3871 Londoner
769 3806 936 3866 Presse
996 3802 1129 3862 widmet
1184 3796 1292 3856 Artur

311 3861 478 3921 Schnitzler
522 3859 618 3919 lange
652 3856 829 3916 Nachrufe;
878 3853 935 3913 vor
973 3850 1055 3910 allem
1098 3848 1185 3908 seine
1214 3843 1295 3903 Vor¬

314 3909 534 3969 kriegswerke,
558 3906 609 3966 die
643 3906 670 3966 in
704 3904 858 3964 England
892 3900 971 3960 weit
1009 3897 1192 3957 verbreitet
1235 3894 1295 3954 und

309 3960 376 4020 sehr
410 3957 630 4017 volkstümlich
664 3957 788 4017 waren,
823 3954 947 4014 werden
986 3951 1009 4011 in
1048 3950 1101 4010 den
1140 3945 1288 4005 Blättern

312 4009 513 4069 ausführlich
546 4005 736 4065 behandelt.

1608 154 1827 214 Ausschnitt
1853 151 1942 211 aus:

1617 373 1681 433 von

1764 634 1965 694 Beisetzung
2013 639 2144 699 Arkhur
2184 640 2408 700 Schnitzlers.

1699 694 1783 754 K.=B.
1808 696 1935 756 Wien,
1960 697 2014 757 23.
2033 696 2179 756 Oktöber.
2204 700 2294 760 Heute
2325 701 2428 761 mittag
2459 701 2525 761 fand

1637 742 1660 802 in
1703 744 1847 804 schlichter
1885 745 1978 805 Weise
2016 747 2062 807 die
2100 748 2287 808 Leichenfeier
2329 748 2375 808 für
2418 751 2529 811 Arthur

1639 791 1857 851 Schnitzler
1899 792 1986 852 statt.
2018 793 2059 853 Im
2114 794 2204 854 Laufe
2247 792 2296 852 des
2342 797 2529 857 Vormittags

1638 837 1740 897 fanden
1778 840 1824 900 sich
1862 839 1889 899 im
1937 841 2030 901 Hause
2063 843 2236 903 Schnitzlers
2274 845 2348 905 Karl
2381 846 2530 906 Schön¬

1628 888 1750 948 herr,
1781 889 1879 949 Franz
1919 888 2091 948 Werfel,
2126 891 2249 951 Richard
2294 891 2529 951 Beer=Hof¬

1636 936 1746 996 mann
1800 936 1857 996 und
1906 937 1968 997 noch
2022 939 2096 999 viele
2141 940 2252 1000 andere
2296 942 2433 1002 Freunde
2483 945 2531 1005 der

1637 984 1762 1044 Familie
1809 985 1874 1045 ein.
1917 987 2047 1047 Hierauf
2094 988 2192 1048 wurde
2244 988 2294 1048 der
2342 990 2425 1050 Sarg
2477 992 2528 1052 auf

1634 1029 1681 1089 den
1725 1032 1969 1092 Leichenfourgon
2013 1036 2137 1096 gestellt,
2171 1037 2333 1097 geschmückt
2372 1037 2429 1097 mit
2468 1040 2511 1100 dem

1639 1079 1730 1139 Kranz
1754 1081 1802 1141 des
1826 1084 2061 1144 Burgtheaters.
2081 1082 2119 1142 Es
2143 1085 2253 1145 folgten
2283 1085 2325 1145 die
2350 1088 2522 1148 Mitglieder

1634 1128 1680 1188 der
1713 1130 1843 1190 Familie
1877 1132 1932 1192 und
1966 1132 2012 1192 die
2040 1133 2175 1193 Freunde
2213 1133 2260 1193 des
2293 1136 2442 1196 Dichters.
2470 1136 2526 1196 Der

1633 1178 1771 1238 Kondukt
1800 1178 1929 1238 bewegte
1959 1180 2006 1240 sich
2040 1181 2121 1241 durch
2160 1181 2207 1241 die
2241 1186 2528 1246 Sternwartestraße

1632 1228 1683 1288 zum
1730 1228 1997 1288 Zentralfriedhof,
2025 1228 2067 1288 wo
2100 1228 2151 1288 der
2184 1231 2264 1291 Sarg
2302 1231 2324 1291 in
2367 1233 2413 1293 der
2447 1233 2530 1293 Zere¬

1632 1273 1826 1333 monienhalle
1859 1279 2040 1339 aufgebahrt
2067 1278 2181 1338 wurde.
2208 1277 2280 1337 Nach
2313 1279 2362 1339 den
2399 1282 2525 1342 Trauer¬

1632 1324 1808 1384 zeremonien
1850 1327 1971 1387 erfolgte
2008 1327 2080 1387 dann
2117 1327 2162 1387 die
2199 1330 2361 1390 Beisetzung
2398 1330 2420 1390 in
2461 1332 2506 1392 dem

1631 1370 1681 1430 von
1719 1372 1765 1432 der
1799 1375 1999 1435 israelitischen
2037 1378 2303 1438 Kultusgemeinde
2336 1381 2518 1441 gewidmeten

1632 1422 1905 1482 Ehrengrab.

1720 1489 1856 1549 Arthur
1889 1491 2101 1551 Schnitzlers
2141 1494 2232 1554 letzte
2266 1497 2451 1557 Wünsche.

1733 1542 1972 1602 Ausezweiten
2001 1545 2225 1605 Morgenausgabe
2247 1544 2289 1604 von
2319 1545 2425 1605 gestern.

1685 1593 1724 1653 U.
1750 1595 1865 1655 Wien,
1891 1596 1940 1656 22.
1966 1598 2101 1658 Oktober.
2137 1597 2176 1657 Im
2217 1599 2342 1659 Nachlaß
2378 1599 2423 1659 des
2458 1601 2518 1661 ver¬

1629 1643 1774 1703 storbenen
1807 1643 1933 1703 Dichters
1957 1646 2065 1706 Arthur
2084 1646 2238 1706 Schnitzler
2267 1649 2365 1709 wurde
2389 1649 2454 1709 auch
2483 1649 2519 1709 ein

1632 1691 1802 1751 Schreiben,
1828 1690 1877 1750 vom
1923 1694 2018 1754 April
2049 1693 2114 1753 1912
2150 1696 2275 1756 datiert,
2300 1697 2461 1757 gefunden,
2492 1698 2511 1758 in

1627 1739 1676 1799 dem
1727 1741 1772 1801 der
1808 1742 1924 1802 Dichter
1959 1741 2009 1801 für
2045 1741 2095 1801 den
2136 1745 2205 1805 Fall
2242 1745 2332 1805 seines
2373 1745 2518 1805 Ablebens

1631 1790 1837 1850 Verfügungen
1881 1792 2082 1852 dahingehend
2127 1790 2224 1850 trifft,
2254 1793 2303 1853 daß
2348 1796 2381 1856 an
2426 1796 2514 1856 seiner

1628 1837 1717 1897 Leiche
1753 1840 1803 1900 der
1834 1840 1970 1900 Herzstich
2010 1840 2232 1900 vorgenommen
2273 1843 2383 1903 werde.
2409 1844 2519 1904 Ferner

1628 1885 1754 1945 wünscht
1777 1888 1810 1948 er
1833 1888 1898 1948 ein
1932 1891 2346 1951 Leichenbegängnis
2380 1891 2517 1951 letzter

1624 1936 1788 1996 Klasse,
1810 1936 1861 1996 das
1892 1936 1984 1996 davon
2016 1939 2171 1999 erübrigte
2197 1939 2269 1999 Geld
2306 1939 2357 1999 soll
2383 1941 2522 2001 Spitals¬

1628 1984 1738 2044 zwecken
1768 1984 1924 2044 zugeführt
1950 1987 2076 2047 werden.
2107 1989 2222 2049 Ferner
2248 1990 2373 2050 wünscht
2394 1990 2419 2050 er
2449 1990 2519 2050 keine

1619 2032 1756 2092 rituellen
1820 2034 2130 2094 Nebensächlichkeiten
2200 2037 2262 2097 beim
2337 2039 2521 2099 Begräbnis,

1623 2082 1736 2142 keine
1771 2085 1929 2145 Parten
1970 2085 2049 2145 und
2083 2085 2168 2145 auch
2203 2087 2321 2147 keine
2357 2088 2520 2148 Ankün¬

1624 2130 1838 2190 digungen
1888 2133 1915 2193 in
1972 2133 2021 2193 den
2071 2136 2253 2196 Zeitungen.
2303 2136 2347 2196 Er
2397 2136 2518 2196 wünscht

1623 2181 1742 2241 keine
1777 2181 1964 2241 Kränze,
1993 2184 2106 2244 keine
2146 2185 2424 2245 Leichenrede
2464 2186 2514 2246 und

1626 2229 1778 2289 verlangt,
1796 2231 1846 2291 daß
1875 2234 2004 2294 niemand
2033 2234 2094 2294 nach
2123 2234 2167 2294 ihm
2202 2237 2308 2297 Trauer
2332 2237 2427 2297 tragen
2462 2237 2523 2297 soll.

1719 2680 2438 2740 OBSERVER

1811 2756 1835 2816 I.
1846 2748 1966 2808 österr.
1976 2738 2127 2798 behördl.
2138 2724 2433 2784 konzessioniertes

1765 2792 1999 2852 Unternehmen
2028 2779 2076 2839 für
2101 2765 2489 2825 Zeitungs-Ausschnitte

1819 2848 1964 2908 WIEN,
1992 2846 2040 2906 I.,
2068 2831 2351 2891 WOLLZEILE
2400 2816 2441 2876 11

1924 2893 2134 2953 TELEPHON
2174 2877 2345 2937 R-23-0-43

1731 3048 1953 3108 Ausschnitt
1980 3039 2066 3099 aus:

2113 3075 2167 3135 las
2188 3071 2289 3131 Kleine
2303 3066 2405 3126 Blatt,
2412 3061 2486 3121 Wien

2083 3182 2109 3242 2
2137 3179 2191 3239 4.
2206 3167 2327 3227 0KT.
2342 3148 2436 3208 1937

1682 3324 1807 3384 Artur
1845 3321 2090 3381 Schnitzlers
2121 3318 2231 3378 letzte
2262 3317 2417 3377 Fahrt.

1805 3383 1871 3443 Des
1905 3383 2050 3443 Dichters
2085 3378 2309 3438 Leichenfeier.

1685 3438 1806 3498 Gestern
1839 3438 1931 3498 wurde
1959 3435 2005 3495 der
2034 3435 2145 3495 Dichter
2173 3434 2265 3494 Artur
2289 3431 2479 3491 Schnitzler

1634 3487 1657 3547 zu
1691 3480 1791 3540 Grabe
1816 3480 1973 3540 getragen.
1997 3478 2035 3538 Er
2059 3477 2145 3537 selbst
2169 3475 2245 3535 hatte
2274 3473 2303 3533 es
2332 3473 2489 3533 bestimmt,

1631 3528 1681 3588 daß
1719 3524 1770 3584 bei
1803 3524 1896 3584 seiner
1934 3521 2129 3581 Leichenfeier
2167 3518 2246 3578 jeder
2279 3518 2386 3578 Prunk
2423 3514 2488 3574 ver¬

1631 3571 1739 3631 mieden
1771 3568 1879 3628 werden
1911 3565 1992 3625 solle.
2011 3564 2061 3624 Ein
2089 3563 2233 3623 einfacher
2261 3560 2396 3620 Holzsarg
2424 3557 2482 3617 war

1634 3614 1653 3674 in
1687 3614 1734 3674 dem
1778 3611 2008 3671 Schlafzimmer
2037 3608 2085 3668 der
2114 3607 2191 3667 Villa
2220 3605 2267 3665 des
2297 3605 2426 3665 Dichters
2460 3600 2483 3660 in

1632 3655 1678 3715 der
1735 3653 2030 3713 Sternwartestraße
2087 3650 2283 3710 aufgebahrt.
2335 3647 2382 3707 Da
2443 3644 2489 3704 der

1637 3697 1753 3757 Wunsch
1791 3696 1837 3756 des
1875 3694 2029 3754 Dichters,
2057 3693 2122 3753 man
2165 3692 2248 3752 möge
2287 3689 2337 3749 von
2375 3688 2491 3748 Kranz¬

1637 3742 1753 3802 spenden
1786 3739 1926 3799 absehen,
1950 3739 1977 3799 zu
2015 3738 2075 3798 spät
2104 3733 2384 3793 bekanntgeworden
2422 3730 2496 3790 war,

1637 3785 1795 3845 schmückten
1833 3782 1926 3842 einige
1960 3780 2225 3840 Blumengewinde
2259 3777 2305 3837 den
2338 3775 2440 3835 Sarg,
2464 3770 2487 3830 so

1637 3828 1675 3888 ein
1728 3827 1827 3887 Kranz
1875 3824 1922 3884 des
1971 3820 2290 3880 Burgtheaters
2343 3816 2400 3876 mit
2438 3814 2485 3874 der

1634 3869 1921 3929 Schleifeninschrift
1969 3867 2055 3927 „Das
2103 3865 2251 3925 dankbare
2291 3859 2491 3919 Burgtheater

1641 3914 1734 3974 seinem
1776 3912 1883 3972 großen
1916 3909 2032 3969 Dichter
2061 3906 2083 3966 in
2117 3907 2163 3967 den
2201 3907 2312 3967 Jahren
2350 3902 2415 3962 1895
2448 3900 2489 3960 bis

1637 3956 1738 4016 1931.“
1767 3955 1805 4015 Um
1844 3954 1906 4014 halb
1937 3951 1965 4011 12
1999 3952 2057 4012 Uhr
2081 3951 2177 4011 wurde
2207 3950 2255 4010 der
2280 3948 2361 4008 Sarg
2390 3945 2414 4005 in
2448 3944 2496 4004 das

1639 3999 1829 4059 Leichenauto
1854 3998 1976 4058 gehoben
2006 3997 2059 4057 und
2089 3996 2128 4056 die
2153 3996 2245 4056 Fahrt
2266 3993 2319 4053 zum
2354 3989 2495 4049 Zentral¬

1645 4045 1773 4105 friedhof
1799 4044 1988 4104 angetreten.
