3392 4352
176 278 275 338 2.
337 279 920 339 Schnitzler's
991 283 1222 343 Death

1433 282 1566 342 box
1647 285 1836 345 43/1

416 1112 1142 1172 OBSERVER

504 1192 531 1252 1.
545 1189 671 1249 österr.
680 1180 833 1240 behördl.
843 1167 1149 1227 konzessloniertes

459 1231 701 1291 Unternehmen
729 1222 777 1282 für
805 1209 1195 1269 Zeitungs-Ausschnitte

524 1286 680 1346 WIEN,
708 1285 755 1345 I.,
776 1277 1061 1337 WOLLZEILE
1109 1263 1149 1323 11

619 1338 842 1398 TELEPHON
875 1325 1056 1385 R-23-0-43

426 1489 654 1549 Ausschnitt
683 1480 771 1540 aus:

588 1545 928 1605 Lte

743 1683 802 1743 23
853 1679 982 1739 OKT.
1005 1679 1103 1739 1937

446 1710 563 1770 vom:

1583 1772 1722 1832 wiener:
1750 1774 1803 1834 sein
1832 1774 1950 1834 Drama
1983 1775 2031 1835 vom
2076 1777 2210 1837 „Jungen
2243 1777 2432 1837 Medardus"
2465 1778 2497 1838 ist
2519 1779 2578 1839 voll
2606 1780 2654 1840 bes
2682 1780 2838 1840 ironischen
2877 1780 3017 1840 dramas,
3039 1782 3088 1842 den
3121 1786 3266 1846 „Schleier
3293 1783 3320 1843 de

1592 1813 1709 1873 Hohnes
1744 1812 1817 1872 über
1847 1813 1890 1873 die
1920 1813 2032 1873 Wiener
2067 1814 2115 1874 von
2150 1814 2238 1874 1809.
2278 1815 2370 1875 Ueber
2400 1816 2570 1876 Oesterreich
2605 1819 2712 1879 hinaus
2742 1819 2840 1879 führte
2875 1820 2958 1880 tiefte
2987 1822 3046 1882 sich,
3066 1823 3168 1883 dunkle
3193 1825 3310 1885 Schicksa

568 1819 811 1879 Arthur
854 1819 1172 1879 Schnitzler

1588 1849 1641 1909 ihn
1676 1853 1759 1913 gleich
1794 1852 1842 1912 der
1877 1852 1980 1912 Erfolg
2015 1855 2108 1915 seines
2143 1855 2309 1915 „Anatol".
2348 1856 2416 1916 Das
2452 1858 2525 1918 liebe
2555 1858 2623 1918 füße
2653 1860 2755 1920 Mädl,
2780 1857 2829 1917 den

2869 1861 2951 1921 mus,
2976 1861 3034 1921 nur
3064 1864 3214 1924 erträglich
3243 1864 3272 1924 be

1589 1891 1728 1951 Fontane
1754 1889 1864 1949 bereits
1895 1892 1939 1952 den
1975 1895 2059 1955 Platz
2080 1896 2105 1956 im
2145 1897 2255 1957 Roman
2286 1897 2421 1957 gesichert
2441 1896 2532 1956 hatte,
2552 1896 2682 1956 eroberte
2708 1899 2752 1959 sich
2778 1897 2838 1957 nun
2873 1898 3008 1958 steigerte
3034 1902 3093 1962 sich.
3129 1903 3199 1963 1904
3225 1906 3319 1966 erschie

495 1900 562 1960 Wie
591 1903 647 1963 uns
683 1903 773 1963 unser
802 1903 955 1963 ständiger
985 1903 1036 1963 M.
1053 1903 1224 1963 Vertreter
1259 1903 1286 1963 in
1321 1903 1406 1963 Wien
1441 1903 1565 1963 drahtet,

1589 1927 1648 1987 von
1679 1928 1729 1988 der
1754 1930 1860 1990 Bühne
1891 1930 1930 1990 die
1957 1932 2082 1992 Herzen.
2123 1933 2163 1993 In
2199 1933 2283 1993 diesen
2320 1936 2435 1996 Jahren
2466 1936 2536 1996 blieb
2567 1936 2728 1996 Schnitzler
2753 1936 2838 1996 dabei

2870 1939 3048 1999 Schnitzler,
3074 1941 3120 2001 der
3156 1941 3182 2001 in
3218 1944 3263 2004 der

419 1950 453 2010 ist
489 1950 539 2010 der
580 1950 721 2010 bekannte
757 1950 877 2010 Wiener
913 1952 1034 2012 Dichter
1075 1953 1130 2013 und
1171 1954 1362 2014 Dramatiker
1398 1955 1559 2015 Arthur

1589 1965 1618 2025 in
1654 1968 1959 2028 Gesellschaftsstücken
1990 1969 2040 2029 von
2081 1970 2160 2030 leicht
2186 1972 2351 2032 Ibsenscher
2382 1974 2532 2034 Formung
2563 1975 2612 2035 der
2638 1974 2743 2034 Thesen
2779 1974 2843 2034 eine
2874 1978 2964 2038 spiele
2995 1978 3039 2038 sich
3070 1980 3120 2040 das
3155 1980 3255 2040 Mario

412 2007 648 2067 Schnitzler
689 2004 729 2064 am
785 2004 1037 2064 Mittwochabend
1083 2004 1113 2064 im
1174 2004 1224 2064 69.
1255 2004 1457 2064 Lebensjahre
1497 2004 1562 2064 ge¬

1586 2007 1730 2067 tronische
1761 2007 1856 2067 Kritik
1881 2007 1931 2067 des
1962 2009 2192 2069 österreichischen
2228 2010 2343 2070 Wesens
2379 2013 2408 2073 zu
2439 2012 2529 2072 üben.
2570 2012 2624 2072 Die
2655 2015 2840 2075 Schauspiele
2876 2016 3152 2076 „Dämmerseelen"
3182 2020 3317 2080 Schicksau

415 2057 608 2117 storben,
641 2055 759 2115 nachdem
808 2055 921 2115 bereits
959 2055 996 2115 am
1045 2055 1233 2115 Vormittag,
1272 2055 1314 2115 als
1352 2055 1406 2115 der
1445 2052 1557 2112 Dichter
1595 2047 1681 2107 „Das
1703 2047 1881 2107 Märchen",
1898 2049 2053 2109 „Liebelel"
2081 2049 2134 2109 und
2156 2049 2333 2109 „Freiwild"
2361 2051 2484 2111 gehören
2512 2052 2641 2112 hierher,
2652 2053 2743 2113 später
2771 2054 2841 2114 etwa
2874 2055 2948 2115 allem
2987 2057 3013 2117 in
3040 2059 3131 2119 seinem
3170 2061 3271 2121 großen

1585 2083 1658 2143 noch
1683 2086 1727 2146 die
1752 2085 1948 2145 „Lebendigen
1973 2088 2149 2148 Stunden".
2179 2088 2238 2148 Als
2263 2091 2404 2151 Erzähler
2434 2091 2493 2151 trat
2518 2092 2542 2152 er
2572 2091 2596 2151 in
2626 2092 2670 2152 der
2695 2093 2822 2153 minutiö

2864 2094 2914 2154 des
2950 2096 3057 2156 Lebens
3093 2098 3133 2158 sich
3164 2101 3271 2161 gebeug

422 2105 476 2165 von
517 2103 597 2163 einem
643 2106 849 2166 Spaziergang
890 2105 1096 2165 zurückkehrte,
1127 2106 1191 2166 eine
1222 2103 1469 2163 Gehirnblutung
1504 2104 1564 2164 ein¬

1593 2123 1773 2183 zeichnenden
1804 2124 1939 2184 Novelle,
1964 2125 2009 2185 die
2040 2125 2089 2185 das
2120 2127 2245 2187 Sterben
2281 2130 2356 2190 eines
2386 2130 2667 2190 Schwindsüchtigen
2698 2130 2843 2190 schildert,
2874 2133 2944 2193 über
2974 2135 3024 2195 das
3055 2138 3190 2198 Schicksal
3216 2137 3260 2197 der

414 2154 540 2214 getreten
576 2154 657 2214 war.
693 2155 855 2215 Schnitzler
886 2153 961 2213 hatte
993 2156 1038 2216 sich
1069 2156 1094 2216 in
1125 2156 1175 2216 den
1212 2155 1302 2215 letzten
1338 2155 1455 2215 Jahren
1486 2153 1561 2213 zwar

1592 2162 1616 2222 in
1646 2162 1690 2222 der
1715 2163 1813 2223 „Frau
1839 2162 1887 2222 des
1912 2162 2060 2222 Weisen",
2075 2163 2144 2223 dann
2174 2167 2198 2227 in
2228 2168 2296 2228 zwei
2317 2168 2454 2228 Arbeiten
2484 2171 2538 2231 voll
2558 2171 2661 2231 köstlich
2687 2171 2843 2231 tronischer

2867 2171 2948 2231 läßt.
2992 2174 3068 2234 Nach
3113 2174 3161 2234 der
3195 2177 3320 2237 Tragiko

417 2204 496 2264 nicht
523 2204 606 2264 krank
633 2204 759 2264 gefühlt,
781 2204 859 2264 wohl
886 2204 955 2264 aber
987 2204 1018 2264 an
1050 2204 1266 2264 zunehmender
1293 2204 1556 2264 Schwerhörigkeit
1588 2198 1704 2258 Grazie
1736 2201 1788 2261 und
1820 2201 1905 2261 bitter
1932 2203 2031 2263 herben
2063 2204 2252 2264 Leichtsinns,
2274 2208 2321 2268 der
2354 2209 2448 2269 „Frau
2480 2210 2590 2270 Bertha
2617 2208 2754 2268 Garlan"
2786 2209 2839 2269 und
2871 2213 3044 2273 „Prosessor
3071 2215 3308 2275 Bernhardi",d

1585 2238 1643 2298 dem
1678 2240 1844 2300 „Leutnant
1864 2242 1966 2302 Gustl“
1991 2242 2108 2302 hervor.
2124 2243 2280 2303 Schnitzler
2300 2245 2368 2305 aber
2403 2246 2457 2306 wie
2477 2247 2505 2307 er
2526 2249 2569 2309 sich
2594 2249 2638 2309 den
2663 2249 2834 2309 Vierzigern
2874 2249 2903 2309 in
2933 2252 3015 2312 ihrer
3050 2255 3255 2315 eigenwilligen

417 2252 566 2312 gelitten.

1585 2278 1731 2338 näherte,
1751 2279 1849 2339 wollte
1874 2281 1951 2341 mehr
1981 2282 2035 2342 sein
2069 2282 2113 2342 als
2143 2282 2192 2342 der
2222 2283 2290 2343 beste
2320 2285 2544 2345 Oesterreicher.
2584 2287 2627 2347 Er
2652 2288 2750 2348 schrieb
2785 2287 2833 2347 das
2873 2287 2975 2347 Else",
2990 2291 3083 2351 waren
3113 2293 3156 2353 die
3176 2294 3308 2354 dramati

949 2312 1025 2372 Seit
1052 2312 1103 2372 der
1134 2312 1221 2372 junge
1257 2312 1370 2372 Arthur
1401 2311 1576 2371 Schnitzler,
1592 2317 1751 2377 historische
1777 2320 1987 2380 Kabinettstück
2014 2321 2064 2381 aus
2096 2321 2142 2381 der
2169 2321 2343 2381 Revolution
2374 2327 2451 2387 „Der
2477 2326 2569 2386 grüne
2595 2326 2744 2386 Kakadu",
2760 2326 2832 2386 dann
2868 2327 2914 2387 len
2951 2330 3001 2390 und
3033 2332 3130 2392 Essais
3156 2333 3202 2393 die
3228 2334 3315 2394 letzter

869 2348 941 2408 1893
980 2350 1076 2410 seinen
1115 2350 1555 2410 melancholisch=leichtsinnigen

1590 2356 1675 2416 einen
1708 2359 1848 2419 vielleicht
1871 2362 1929 2422 nur
1957 2362 2199 2422 halbgelungenen
2232 2365 2350 2425 Versuch
2378 2368 2431 2428 auf
2459 2367 2502 2427 dem
2540 2366 2658 2426 Gebiete
2686 2368 2728 2428 des
2762 2365 2842 2425 Stil=
2869 2370 3063 2430 spielerischen
3096 2374 3231 2434 Zartheit
3253 2375 3311 2435 einn

869 2389 1020 2449 „Anatol"
1044 2389 1124 2449 durch
1153 2392 1190 2452 die
1210 2389 1295 2449 sieben
1319 2389 1456 2449 Einakter
1476 2387 1555 2447 seinis

868 2431 1185 2491 Junggesellenlebens
1222 2428 1338 2488 führte,
1369 2430 1545 2490 „frühgerei

876 2467 932 2527 und
975 2470 1045 2530 zart
1083 2469 1144 2529 und
1187 2467 1328 2527 traurig"
1376 2466 1418 2526 die
1461 2467 1564 2527 halben

876 2506 1115 2566 Empfindungen
1154 2506 1342 2566 festzuhalten
1380 2508 1479 2568 wußte
1512 2504 1568 2564 und

882 2547 922 2607 für
957 2547 1120 2607 einfachstes
1156 2544 1309 2604 Geschehen
1345 2546 1394 2606 die
1419 2544 1488 2604 zart
1514 2543 1568 2603 an¬

875 2583 1035 2643 deutende,
1073 2586 1132 2646 wie
1179 2584 1233 2644 von
1285 2583 1366 2643 einem
1431 2583 1569 2643 lyrischen

879 2625 1019 2685 Unterton
1062 2622 1221 2682 getragene
1264 2622 1320 2682 und
1358 2622 1419 2682 doch
1462 2621 1569 2681 scharfe

869 2662 991 2722 Anmut
1020 2664 1114 2724 seiner
1143 2661 1276 2721 Sprache
1304 2661 1427 2721 formte,
1451 2663 1517 2723 galt
1541 2661 1569 2721 er

871 2703 897 2763 in
929 2703 1024 2763 seiner
1047 2701 1173 2761 Heimat
1196 2702 1249 2762 und
1282 2703 1326 2763 bei
1349 2702 1403 2762 uns
1435 2702 1565 2762 draußen

883 2741 905 2801 im
944 2741 1027 2801 Reich
1052 2740 1098 2800 als
1127 2738 1206 2798 einer
1235 2741 1282 2801 der
1306 2741 1465 2801 führenden
1499 2737 1573 2797 Ver¬

869 2778 958 2838 treter
993 2780 1040 2840 des
1074 2777 1317 2837 österreichischen
1356 2780 1555 2840 Schrifttums

877 2819 943 2879 Und
972 2819 1025 2879 wie
1049 2819 1072 2879 in
1102 2819 1303 2879 symbolischer
1328 2817 1485 2877 Handlung
1510 2821 1562 2881 gal

875 2855 930 2915 sein
958 2856 1155 2916 Landsmarn
1183 2858 1270 2918 Hugo
1298 2855 1348 2915 von
1381 2858 1569 2918 Hofmanns-

869 2897 934 2957 thal
954 2897 1006 2957 sein
1035 2898 1158 2958 reizvoll
1174 2897 1335 2957 spielendes
1359 2898 1573 2958 Einleitungs¬

878 2935 993 2995 gedicht
1022 2935 1070 2995 dem
1119 2932 1273 2992 „Anatol“
1312 2935 1364 2995 auf
1393 2935 1446 2995 den
1485 2935 1552 2995 Weg

873 2974 1051 3034 Schnitzler,
1098 2974 1456 3034 einunddreißigjährig,
1502 2974 1568 3034 war

871 3013 991 3073 damals
1021 3013 1161 3073 Assistent
1185 3016 1219 3076 an
1253 3015 1301 3075 der
1330 3013 1450 3073 Wiener
1480 3013 1566 3073 Poli¬

876 3053 977 3113 klinik.
1016 3052 1074 3112 Als
1103 3055 1185 3115 Sohn
1224 3053 1272 3113 des
1301 3052 1421 3112 Wiener
1451 3053 1566 3113 Laryn¬

871 3095 993 3155 gologen
1036 3092 1130 3152 Prof.
1159 3094 1281 3154 Johann
1319 3091 1484 3151 Schnitzler
1517 3094 1550 3154 am

872 3130 921 3190 15.
947 3135 1015 3195 Mai
1046 3132 1115 3192 1862
1145 3132 1289 3192 geboren,
1309 3132 1432 3192 besuchte
1463 3131 1492 3191 er
1522 3129 1566 3189 die

310 3177 496 3237 Universität
526 3174 616 3234 seines
647 3174 823 3234 Vaterstadt
849 3173 904 3233 und
940 3171 1040 3231 wurde
1071 3171 1146 3231 dann
1182 3171 1408 3231 Sekundärarzt
1439 3170 1464 3230 im
1510 3167 1569 3227 All¬

300 3216 450 3276 gemeinen
479 3215 720 3275 Krankenhause.
753 3213 876 3273 Seitdem
913 3213 986 3273 lebte
1009 3213 1041 3273 er
1064 3213 1137 3273 nicht
1160 3211 1215 3271 nur
1238 3211 1329 3271 seinem
1366 3210 1562 3270 literarischen

304 3257 466 3317 Schaffen,
481 3255 600 3315 sondern
629 3255 691 3315 auch
716 3255 763 3315 der
783 3252 930 3312 ärztlichen
960 3253 1088 3313 Pcaxis.
1118 3251 1184 3311 Der
1209 3249 1323 3309 Mann,
1338 3250 1385 3310 der
1410 3249 1433 3309 im
1472 3249 1558 3309 Leben

308 3295 408 3355 stand,
428 3294 547 3354 überall
571 3294 624 3354 das
653 3294 719 3354 Leid
749 3293 792 3353 sah
821 3291 878 3351 und
907 3291 1022 3351 überall
1046 3291 1137 3351 helfen
1172 3291 1281 3351 wollte,
1301 3289 1377 3349 nicht
1402 3288 1497 3348 einer,
1517 3287 1564 3347 der

304 3337 337 3397 am
376 3335 563 3395 Schreibtisch
592 3332 769 3392 literarische
799 3332 952 3392 Probleme
981 3329 1134 3389 erklügelte
1164 3326 1173 3386 —
1226 3328 1274 3388 das
1308 3328 1370 3388 war
1394 3327 1566 3387 Schnitzler.

301 3374 515 3434 Oesterreicher
544 3373 609 3433 war
638 3371 665 3431 er
699 3371 754 3431 mit
783 3371 829 3431 der
863 3369 1096 3429 schwermütigen
1130 3365 1438 3425 Liebenswürdigkeit
1467 3365 1556 3425 seines

307 3412 447 3472 Wesens,
461 3413 555 3473 seiner
579 3410 761 3470 gedämpften
789 3410 962 3470 geistreichen
990 3407 1163 3467 Heiterkeit.
1196 3408 1238 3468 In
1266 3407 1364 3467 Wien,
1384 3407 1434 3467 von
1463 3406 1560 3466 kurzen

311 3455 478 3515 Abstechern
511 3456 684 3516 abgesehen,
706 3453 808 3513 spielte
836 3452 890 3512 sein
923 3452 1079 3512 Schaffen,
1117 3451 1198 3511 Aber
1231 3449 1258 3509 er
1291 3449 1349 3509 war
1382 3449 1436 3509 kein
1469 3448 1566 3508 Stock¬
