3392 4352
154 255 280 315 12.

354 261 934 321 Schnitzler's
1004 261 1230 321 Death

428 484 654 544 Ausschnitt
678 488 769 548 aus:

690 542 821 602 AEEB
853 551 1231 611 IAEEIAE

432 705 495 765 vom

232 856 637 916 Ninnerangen
697 864 753 924 an
813 867 986 927 Ariue
1046 870 1363 930 Schmißlers

440 1007 799 1067 Aasenihant
842 1012 1171 1072 in-Briokt.

759 1081 832 1141 Von

657 1142 721 1202 Dr.
745 1144 815 1204 Otto
845 1145 939 1205 Lenz.

875 1212 1066 1272 Brioni,
1084 1216 1113 1276 im
1154 1216 1351 1276 November.

307 1262 559 1322 Tieferschüttert
580 1267 657 1327 lasen
689 1269 756 1329 auch
787 1270 843 1330 wir
865 1273 1128 1333 Inselbewohner
1154 1273 1210 1333 vom
1252 1276 1386 1336 Ableben

198 1309 245 1369 des
272 1314 473 1374 feinsinnigen
505 1315 684 1375 Künstlers;
706 1317 748 1377 ein
780 1318 939 1378 schwacher
966 1321 1055 1381 Trost
1077 1321 1134 1381 nur
1162 1323 1240 1383 ist's,
1257 1324 1309 1384 daß
1341 1324 1388 1384 der

193 1357 278 1417 Tod,
298 1358 353 1418 den
384 1359 414 1419 er
445 1360 469 1420 in
505 1364 600 1424 seinen
636 1365 782 1425 Novellen
813 1366 838 1426 so
869 1368 1059 1428 meisterhaft
1090 1370 1196 1430 (Letzte
1221 1371 1392 1431 Stunden)

196 1410 227 1470 zu
254 1410 396 1470 schildern
429 1411 545 1471 wußte,
561 1413 608 1473 ihn
640 1414 661 1474 so
688 1416 772 1476 sanft
794 1416 851 1476 und
878 1416 936 1476 still
958 1419 1180 1479 hinübertrug.
1201 1419 1270 1479 Wir
1292 1422 1386 1482 stehen

196 1454 260 1514 hier
286 1456 341 1516 auf
367 1460 487 1520 unserem
533 1461 648 1521 grünen
684 1464 764 1524 Fleck
790 1463 870 1523 Erde
906 1464 966 1524 wie
992 1467 1047 1527 auf
1072 1467 1157 1527 einer
1183 1469 1309 1529 Warte,
1329 1469 1384 1529 von

194 1501 250 1561 der
271 1505 327 1565 aus
353 1506 404 1566 wir
431 1509 579 1569 Historie,
596 1511 709 1571 Kultur
735 1512 791 1572 und
817 1514 1085 1574 Sittengeschichte
1111 1515 1162 1575 der
1183 1518 1383 1578 verflossenen

194 1550 263 1610 drei
289 1553 485 1613 Jahrzehnte
516 1559 752 1619 vorüberrollen
787 1559 893 1619 sahen.
919 1561 1039 1621 Brioni
1064 1564 1135 1624 war
1166 1565 1190 1625 im
1236 1567 1386 1627 Vorkrieg

194 1599 252 1659 von
284 1601 337 1661 der
364 1604 453 1664 besten
485 1606 739 1666 österreichischen
776 1607 972 1667 Gesellschaft
994 1613 1131 1673 besucht:
1153 1614 1216 1674 Der
1243 1616 1322 1676 Hof,
1349 1616 1390 1676 die

195 1649 411 1709 Aristokratie,
433 1652 601 1712 Gelehrte,
623 1655 786 1715 Künstler,
808 1658 1111 1718 Großindustrielle,
1134 1662 1209 1722 hohe
1237 1666 1393 1726 Offiziere

194 1697 253 1757 und
289 1699 444 1759 Beamte,
491 1703 606 1763 Aerzte
637 1704 716 1764 usw.
767 1704 818 1764 So
873 1709 978 1769 waren
1019 1709 1175 1769 natürlich
1236 1712 1301 1772 auch
1342 1713 1391 1773 die

194 1747 410 1807 markantesten
452 1749 618 1809 Vertreter
650 1750 701 1810 der
732 1754 887 1814 deutschen
923 1756 1104 1816 Dichtkunst
1136 1759 1161 1819 in
1203 1761 1327 1821 Brioni
1358 1762 1384 1822 zu

193 1794 314 1854 finden.
335 1795 388 1855 Ich
415 1798 515 1858 nenne
542 1798 599 1858 nur
627 1801 769 1861 Thomas
796 1804 922 1864 Mann,
939 1806 1081 1866 Heinrich
1108 1810 1235 1870 Mann,
1256 1810 1387 1870 Richard

194 1842 278 1902 Voß,
300 1844 399 1904 Jakob
432 1846 669 1906 Wassermann,
691 1851 780 1911 Hans
812 1852 912 1912 Heinz
939 1855 1049 1915 Ewers
1082 1855 1139 1915 und
1177 1859 1256 1919 nicht
1283 1861 1387 1921 zuletzt

195 1891 296 1951 Artur
319 1894 506 1954 Schnitzler.

303 1968 342 2028 Er
365 1971 546 2031 verbrachte
575 1974 631 2034 mit
660 1977 756 2037 seiner
785 1979 926 2039 Familie
955 1979 1006 2039 den
1041 1982 1193 2042 Sommer
1228 1983 1301 2043 1913
1336 1986 1392 2046 auf

195 2019 316 2079 unserer
339 2019 449 2079 Insel.
472 2022 543 2082 Sein
577 2023 664 2083 Sohn
693 2025 759 2085 war
787 2025 914 2085 damals
942 2028 1013 2088 etwa
1041 2028 1135 2088 zehn,
1152 2031 1229 2091 seine
1257 2034 1384 2094 Tochter

189 2068 286 2128 zwölf
308 2067 416 2127 Jahre
443 2070 508 2130 alt.
530 2070 595 2130 Der
628 2073 795 2133 berühmte
828 2076 1022 2136 verstorbene
1055 2079 1190 2139 Urologe
1223 2082 1385 2142 Professor

191 2115 262 2175 Otto
296 2118 500 2178 Zuckerkandl
529 2121 655 2181 gehörte
684 2123 716 2183 zu
750 2122 850 2182 seinem
895 2126 1171 2186 Freundeskreise.
1200 2131 1276 2191 Noch
1310 2132 1387 2192 steht

189 2162 244 2222 das
272 2165 421 2225 Nachtfest
444 2165 471 2225 in
505 2168 621 2228 meiner
650 2169 877 2229 Erinnerung,
899 2171 949 2231 das
982 2173 1065 2233 Frau
1088 2175 1249 2235 Professor
1266 2177 1387 2237 Zucker¬

186 2208 280 2268 kandl
323 2212 381 2272 zum
424 2216 619 2276 Geburtstag
673 2216 757 2276 ihres
789 2219 905 2279 Gatten
969 2222 1064 2282 sowie
1112 2222 1180 2282 auch
1213 2226 1244 2286 zu
1277 2225 1376 2285 Ehren

190 2258 371 2318 Schnitzlers
416 2261 443 2321 in
483 2263 532 2323 der
566 2264 648 2324 Villa
681 2267 792 2327 Punta
826 2269 908 2329 Naso
942 2270 1018 2330 gab.
1046 2271 1267 2331 Wunderschön
1307 2275 1383 2335 liegt

187 2306 235 2366 die
268 2308 349 2368 Villa
388 2309 441 2369 auf
475 2312 561 2372 einer
594 2313 708 2373 kleinen
747 2316 915 2376 Halbinsel
948 2318 1018 2378 nach
1051 2318 1159 2378 Süden
1198 2321 1290 2381 gegen
1328 2322 1387 2382 das

184 2356 288 2416 offene
316 2358 421 2418 Meer.
444 2359 537 2419 Glatt
566 2359 632 2419 war
661 2362 704 2422 die
733 2363 815 2423 See,
838 2365 1054 2425 flimmerndes
1088 2368 1275 2428 Silberlicht
1304 2370 1386 2430 warf

187 2401 236 2461 der
270 2404 369 2464 Mond
409 2406 463 2466 auf
492 2407 541 2467 die
574 2409 663 2469 weite
697 2410 824 2470 Fläche.
852 2413 1040 2473 Ergreifend
1074 2416 1145 2476 sang
1184 2418 1267 2478 Frau
1312 2419 1383 2479 Lilli

190 2452 353 2512 Schnitzler
385 2455 411 2515 in
443 2455 496 2515 der
528 2455 622 2515 stillen
655 2459 754 2519 Nacht
787 2459 833 2519 des
871 2464 1092 2524 benachbarten
1130 2467 1192 2527 Cap
1230 2467 1382 2527 Rancon:

187 2500 317 2560 Raketen
346 2503 464 2563 schossen
499 2506 521 2566 in
556 2506 600 2566 die
629 2508 731 2568 Höhe,
754 2509 952 2569 Feuerräder
975 2513 1100 2573 drehten
1134 2515 1201 2575 sich.
1219 2516 1383 2576 Professor

190 2550 388 2610 Zuckerkandl
416 2551 531 2611 meinte
565 2554 592 2614 in
626 2556 725 2616 seiner
759 2558 907 2618 launigen
941 2559 1023 2619 Art:
1046 2564 1123 2624 „Ich
1156 2562 1205 2622 bin
1239 2563 1371 2623 wirklich

185 2600 248 2660 sehr
278 2598 490 2658 überrascht",
514 2601 641 2661 obwohl
671 2604 705 2664 er
740 2605 797 2665 von
832 2607 884 2667 der
919 2610 1080 2670 geplanten
1122 2613 1369 2673 Veranstaltung

185 2646 346 2706 Kenntnis
371 2648 472 2708 hatte.

290 2717 338 2777 Ich
366 2725 538 2785 unterhielt
561 2727 630 2787 mich
658 2729 717 2789 mit
739 2729 836 2789 Artur
864 2732 1047 2792 Schnitzler,
1064 2734 1149 2794 dessen
1183 2735 1377 2795 begeisterter

180 2771 333 2831 Verehrer
360 2771 397 2831 ich
424 2774 503 2834 schon
541 2774 588 2834 als
621 2777 763 2837 Student
791 2779 875 2839 war.
896 2781 1055 2841 Ergriffen
1088 2783 1172 2843 hatte
1199 2783 1236 2843 ich
1263 2785 1379 2845 seiner¬

177 2820 236 2880 zeit
269 2819 296 2879 im
345 2823 561 2883 Burgtheater
600 2825 789 2885 „Liebelei“,
817 2828 1104 2888 „Vermächtnis",
1131 2835 1218 2895 „Den
1257 2834 1370 2894 jungen

183 2867 374 2927 Medardus“
405 2873 550 2933 gesehen,
576 2874 686 2934 immer
722 2876 838 2936 wieder
869 2879 1010 2939 erstaunt
1041 2879 1111 2939 über
1147 2880 1197 2940 des
1232 2882 1373 2942 Dichters

180 2918 386 2978 wunderbare
417 2921 618 2981 Einfühlung
655 2924 680 2984 in
717 2924 773 2984 das
810 2924 934 2984 Wiener
970 2927 1104 2987 Milieu,
1131 2929 1223 2989 dessen
1265 2929 1378 2989 Leicht¬

175 2968 331 3028 lebigkeit,
354 2968 477 3028 Ironie
511 2970 569 3030 und
609 2972 673 3032 doch
711 2973 738 3033 so
771 2971 846 3031 tiefe
879 2974 1085 3034 Traurigkeit
1118 2974 1161 3034 sich
1199 2977 1226 3037 in
1270 2979 1366 3039 seinen

181 3015 302 3075 Stücken
336 3016 479 3076 spiegelt.
502 3019 562 3079 Ich
596 3022 678 3082 sagte
712 3020 794 3080 ihm,
823 3022 877 3082 wie
912 3023 972 3083 sehr
1005 3024 1043 3084 ich
1077 3025 1176 3085 seinen
1216 3028 1364 3088 „Grünen

174 3064 321 3124 Kakadu"
354 3066 469 3126 schätze:
496 3066 543 3126 die
575 3069 764 3129 Stimmung
802 3070 827 3130 in
865 3070 912 3130 dem
960 3072 1165 3132 Kellerlokal,
1187 3076 1244 3136 das
1276 3076 1370 3136 Spiel

180 3112 229 3172 der
250 3114 456 3174 Aristokraten
482 3116 542 3176 mit
563 3118 612 3178 dem
648 3118 748 3178 Feuer
774 3118 824 3178 der
845 3120 1061 3180 Revolution,
1077 3122 1126 3182 das
1152 3124 1373 3184 Ineinander¬

177 3159 277 3219 fließen
315 3161 367 3221 von
400 3162 553 3222 Komödie
586 3163 644 3223 und
677 3165 824 3225 brutaler
857 3168 1074 3228 Wirklichkeit,
1102 3168 1143 3228 bis
1176 3170 1228 3230 der
1255 3171 1377 3231 furcht¬

175 3209 248 3269 bare
275 3210 344 3270 Tag
381 3213 593 3273 heranbricht.
625 3215 795 3275 Schnitzler
827 3216 954 3276 lächelte
991 3216 1049 3276 und
1087 3219 1219 3279 meinte,
1246 3219 1298 3279 daß
1341 3224 1372 3284 er

177 3258 337 3318 persönlich
373 3261 539 3321 besonders
576 3261 642 3321 viel
674 3264 730 3324 von
772 3264 870 3324 seinem
923 3267 1041 3327 Roman
1089 3267 1171 3327 „Der
1208 3269 1280 3329 Weg
1316 3270 1368 3330 ins

175 3306 282 3366 Freie“
314 3308 412 3368 halte.
433 3309 577 3369 Derselbe
609 3309 650 3369 sei
671 3312 836 3372 besonders
868 3313 893 3373 in
930 3315 981 3375 den
1012 3315 1188 3375 nordischen
1225 3318 1363 3378 Ländern

176 3353 235 3413 sehr
262 3356 413 3416 geschätzt.
441 3357 494 3417 Ein
528 3359 619 3419 Jahr
647 3359 717 3419 nach
750 3359 939 3419 Schnitzlers
967 3362 1161 3422 Aufenthalt
1189 3365 1216 3425 in
1249 3365 1372 3425 Brioni

172 3403 293 3463 erschien
320 3404 377 3464 sein
405 3406 526 3466 Roman
574 3407 758 3467 „Badearzt
780 3410 933 3470 Gräser“.
949 3411 1002 3471 Ich
1029 3412 1097 3472 war
1119 3413 1271 3473 natürlich
1298 3413 1367 3473 sehr

171 3452 340 3512 gespannt,
361 3452 414 3512 ihn
451 3454 482 3514 zu
520 3455 620 3515 lesen,
647 3458 715 3518 eine
748 3458 832 3518 feine
865 3458 1102 3518 psychologische
1134 3459 1255 3519 Studie
1288 3462 1361 3522 über

176 3500 253 3560 einen
284 3500 521 3560 entschlußlosen
548 3504 723 3564 Menschen,
734 3506 780 3566 als
806 3506 966 3566 szenischer
982 3509 1199 3569 Hintergrund
1220 3509 1286 3569 war
1303 3510 1369 3570 eine

178 3547 280 3607 Insel,
302 3550 420 3610 ähnlich
453 3550 593 3610 Brioni,
616 3553 771 3613 gewählt.
815 3555 868 3615 Ich
907 3554 1009 3614 würde
1042 3556 1069 3616 es
1102 3556 1274 3616 allerdings
1312 3557 1365 3617 ab¬

171 3595 294 3655 lehnen,
342 3598 398 3658 daß
430 3598 486 3658 der
539 3600 663 3660 Dichter
695 3601 766 3661 mich
803 3601 865 3661 mit
891 3601 943 3661 der
995 3604 1238 3664 Charakteristik
1270 3607 1363 3667 seines

183 3644 285 3704 Helden
317 3646 455 3706 gemeint
481 3646 553 3706 hat.
595 3649 769 3709 Schnitzler
795 3652 898 3712 kehrte
924 3651 975 3711 nie
1001 3651 1088 3711 mehr
1120 3652 1186 3712 nach
1238 3655 1366 3715 Brioni

176 3695 285 3755 zurück.
305 3696 407 3756 Jahre
433 3699 497 3759 nach
530 3699 574 3759 dem
619 3700 728 3760 Kriege
754 3705 798 3765 jah
825 3706 863 3766 ich
889 3706 914 3766 in
947 3706 1062 3766 Brioni
1088 3705 1165 3765 seine
1191 3704 1267 3764 Frau
1300 3705 1364 3765 mit

189 3781 276 3841 ihrer
297 3785 441 3845 schlanken
473 3791 601 3851 Tochter
628 3793 684 3853 und
711 3795 792 3855 ihrem
834 3801 1102 3861 Schwiegersohn,
1124 3805 1205 3865 einem
1243 3811 1376 3871 Offizier

189 3829 235 3889 der
266 3834 467 3894 faschistischen
504 3837 618 3897 Miliz,
644 3843 700 3903 und
732 3846 850 3906 wenige
882 3849 1016 3909 Monate
1048 3852 1145 3912 später
1177 3854 1280 3914 hörten
1317 3858 1378 3918 wir

189 3879 243 3939 von
279 3882 333 3942 dem
379 3886 544 3946 tragischen
580 3888 645 3948 Tod
675 3890 730 3950 der
781 3894 896 3954 jungen
932 3897 1017 3957 Frau
1053 3897 1077 3957 in
1118 3901 1273 3961 Venedig,
1319 3906 1363 3966 ein

190 3931 468 3991 Schicksalsschlag,
510 3935 566 3995 den
603 3938 654 3998 der
686 3941 815 4001 Dichter
846 3944 928 4004 wohl
960 3945 1094 4005 nimmer
1146 3949 1368 4009 verschmerzen

192 3978 318 4038 konnte.

1443 258 1578 318 box
1651 265 1842 325 44/2

1864 1254 2571 1314 OBSERVER

1949 1315 1970 1375 I.
1989 1315 2108 1375 österr.
2117 1312 2263 1372 behördl.
2277 1309 2578 1369 konzessioniertes

1903 1353 2137 1413 Unternehmen
2164 1352 2212 1412 für
2239 1350 2628 1410 Zeitungs-Ausschnitte

1965 1411 2104 1471 WIEN,
2131 1413 2177 1473 I.,
2204 1413 2484 1473 WOLLZEILE
2531 1409 2577 1469 11

2063 1465 2266 1525 TELEPHON
2303 1461 2479 1521 R-23-0-43

2111 1565 2253 1625 NOWY
2299 1571 2531 1631 DÉIENNIK

1859 1607 1992 1667 Aussc

2240 1612 2418 1672 (Kfaków)

2275 1727 2584 1787 3AISTIS3I

1742 1903 1840 1963 Gdy
1895 1908 2181 1968 Schnitzler
2227 1909 2378 1969 kupił
2415 1909 2557 1969 sobie

1667 1977 1690 2037 w
1754 1980 2115 2040 Sztokholmie
2171 1981 2319 2041 nowy
2375 1985 2650 2045 płaszcz...

1702 2040 1807 2100 Artur
1834 2040 2013 2100 Schnitzler
2040 2043 2087 2103 nie
2120 2041 2278 2101 urzydzał
2295 2043 2421 2103 chętnie
2448 2043 2638 2103 wieczorów

1658 2085 1873 2145 autorskich.
1892 2085 1953 2145 Nie
2001 2087 2061 2147 był
2103 2085 2150 2145 też
2198 2086 2361 2146 świetnym
2423 2088 2633 2148 recytatorem

1655 2130 1765 2190 swych
1804 2131 1986 2191 utworów.
2006 2130 2073 2190 Gdy
2107 2132 2217 2192 jednak
2276 2133 2290 2193 w
2333 2133 2467 2193 okresie
2516 2135 2650 2195 inflacji

1664 2175 1844 2235 niebardzo
1876 2176 2030 2236 świetnie
2062 2177 2111 2237 mu
2144 2177 2188 2237 się
2230 2177 2433 2237 powodziło,
2483 2178 2650 2238 przedsię-

1665 2220 1769 2280 wziął
1792 2222 1973 2282 Schnitzler
2006 2222 2137 2282 tournee
2170 2222 2205 2282 po
2237 2222 2373 2282 krajach
2428 2223 2655 2283 skandynaw-

1664 2266 1774 2326 skich.
1799 2265 1970 2325 Wyjechał
1995 2267 2035 2327 do
2061 2267 2267 2327 Sztokholmu
2303 2267 2317 2327 w
2363 2269 2488 2329 lekkiem
2534 2270 2654 2330 palcie,

1661 2312 1737 2372 tak,
1757 2312 1790 2372 że
1819 2312 1944 2372 musiał
1968 2312 2059 2372 sobie
2088 2312 2135 2372 tam
2175 2315 2270 2375 kupić
2299 2312 2385 2372 palto
2420 2315 2649 2375 odpowiednle

1661 2353 1700 2413 do
1736 2356 1866 2416 klimatu
1902 2356 2224 2416 skandynawskiego
2285 2357 2380 2417 Jeden
2415 2356 2430 2416 z
2461 2359 2651 2419 przyjaciół

1655 2401 1891 2461 zaprowadził
1940 2405 1979 2465 go
2034 2401 2073 2461 do
2108 2404 2289 2464 magazynu
2349 2401 2364 2461 w
2413 2404 2653 2464 Sztokholmie,

1660 2449 1753 2509 gdzie
1783 2448 1876 2508 poeta
1906 2446 2009 2506 nabył
2034 2449 2142 2509 palto,
2157 2446 2250 2506 które
2281 2448 2324 2508 mu
2359 2449 2408 2509 się
2433 2449 2556 2509 bardzo
2591 2448 2649 2508 po-

1661 2491 1780 2551 dobalo
1824 2491 2005 2551 Schnitzler
2039 2491 2096 2551 był
2126 2491 2346 2551 zachwycony
2384 2493 2470 2553 swem
2519 2493 2633 2553 nowem

1661 2534 1798 2594 paltem,
1828 2534 2029 2594 wychwalał
2059 2535 2118 2595 pod
2153 2535 2299 2595 niebiosa
2339 2537 2520 2597 wszystkie
2570 2540 2643 2600 jego

1660 2580 1785 2640 zalety,
1804 2580 1851 2640 nie
1875 2580 2104 2640 zapominając
2128 2580 2174 2640 też
2198 2581 2211 2641 i
2226 2581 2239 2641 o
2268 2580 2328 2640 tej,
2343 2582 2375 2642 że
2404 2582 2417 2642 w
2455 2583 2502 2643 tem
2540 2580 2646 2640 palcie

1663 2624 1729 2684 jest
1749 2625 1796 2685 mu
1830 2625 1950 2685 bardzo
1974 2626 2012 2686 do
2041 2625 2184 2685 twarzy.
2204 2628 2395 2688 „Będziemy
2424 2628 2457 2688 ze
2487 2628 2563 2688 sobą
2592 2626 2654 2686 do-

1655 2667 1734 2727 brze
1767 2667 1860 2727 żyć",
1884 2669 2033 2729 zawołał
2061 2673 2173 2733 poeta,
2215 2674 2434 2734 spoglądając
2486 2676 2575 2736 czule
2603 2673 2640 2733 na

1660 2709 1729 2769 swe
1755 2712 1851 2772 nowe
1877 2712 1985 2772 palto.

1699 2758 1880 2818 Schnitzler
1915 2756 1929 2816 w
1974 2756 2199 2816 Sztokholmie
2249 2759 2327 2819 czuł
2352 2761 2396 2821 się
2431 2762 2553 2822 bardzo
2588 2762 2651 2822 do-

1658 2798 1757 2858 brze.
1776 2802 1976 2862 Godzinami
2022 2804 2140 2864 całemi
2186 2804 2404 2864 spacerował
2450 2809 2486 2869 po
2523 2807 2645 2867 ulicach

1658 2846 1797 2906 miasta,
1821 2849 1834 2909 a
1866 2849 1951 2909 palto
1979 2849 2156 2909 oddawało
2206 2849 2251 2909 mu
2283 2851 2301 2911 w
2342 2852 2410 2912 tych
2460 2855 2641 2915 spacerach

1664 2888 1789 2948 wielkie
1827 2891 1953 2951 usługi.
1977 2893 2233 2953 Denerwowała
2267 2898 2303 2958 go
2337 2897 2430 2957 tylko
2486 2898 2589 2958 myśl,
2613 2900 2645 2960 że

1664 2934 1806 2994 przecież
1841 2935 2012 2995 nadejdzie
2047 2938 2203 2998 godzina,
2228 2939 2242 2999 w
2292 2938 2404 2998 któcej
2429 2943 2542 3003 będzie
2577 2943 2649 3003 mu-

1659 2977 1727 3037 siał
1750 2979 1864 3039 stanąć
1892 2980 1992 3040 przed
2024 2983 2265 3043 publicznością

1696 3022 1740 3082 Ta
1776 3025 1912 3085 godzina
1968 3026 2200 3086 rzeczywiście
2251 3029 2432 3089 nadeszła,
2473 3034 2644 3094 Schnizler

1658 3067 1801 3127 prędko,
1825 3070 1951 3130 wprost
1979 3071 1993 3131 z
2021 3073 2212 3133 pośpiechem
2259 3076 2449 3136 nerwowym
2492 3076 2649 3136 odczytał

1658 3110 1721 3170 swe
1749 3113 1894 3173 utwory,
1912 3116 1925 3176 a
1953 3117 2126 3177 następnie
2149 3118 2271 3178 prędko
2299 3121 2435 3181 zniknął
2458 3124 2471 3184 z
2499 3124 2649 3184 estrady.

1657 3155 1876 3215 Publiczność
1911 3158 2025 3218 jednak
2068 3162 2240 3222 burzliwie
2293 3165 2474 3225 domagała
2508 3168 2570 3228 się,
2599 3166 2637 3226 by

1658 3203 1701 3263 jej
1730 3201 1889 3261 ulubiony
1923 3204 2014 3264 poeta
2053 3207 2164 3267 znowu
2203 3207 2251 3267 się
2285 3210 2420 3270 zjawił.
2459 3213 2631 3273 Oklaskom

1657 3240 1707 3300 nic
1736 3246 1810 3306 było
1839 3249 1955 3309 końca,
1974 3251 2025 3311 ta,
2040 3252 2072 3312 że
2096 3252 2296 3312 impresario
2325 3256 2446 3316 szukał
2470 3258 2651 3318 Schnitzle-

1661 3291 1702 3351 r:.
1726 3291 1739 3351 w
1782 3291 1908 3351 salonie
1936 3294 1988 3354 dla
2021 3295 2132 3355 gości,
2151 3298 2230 3358 przy
2264 3300 2408 3360 bufecie,
2432 3302 2483 3362 ale
2512 3304 2642 3364 nigdzie

1658 3337 1694 3397 go
1723 3335 1774 3395 nie
1797 3337 1890 3397 mógł
1909 3338 2058 3398 znależć.
2077 3341 2327 3401 Przypadkowo
2361 3344 2481 3404 wszedł
2500 3347 2537 3407 do
2565 3349 2644 3409 gar-

1653 3377 1779 3437 deroby
1812 3381 1825 3441 i
1853 3383 1966 3443 zastał
1994 3383 2084 3443 poetę
2130 3389 2298 3449 stojącego
2349 3390 2448 3450 przed
2504 3392 2626 3452 swojem

1659 3425 1763 3485 paltem
1804 3425 1817 3485 z
1840 3427 1921 3487 miną
1953 3428 2188 3488 zachwyconą.
2207 3434 2284 3494 „Czy
2311 3434 2397 3494 palto
2425 3436 2474 3496 nie
2502 3437 2564 3497 jest
2588 3437 2646 3497 na-

1658 3467 1793 3527 prawdę
1821 3471 1975 3531 piękne?"
2008 3468 2022 3528 —
2065 3476 2246 3536 przywitał
2271 3481 2452 3541 Schnitzler
2481 3485 2648 3545 impresa-

1662 3512 1726 3572 rja,
1747 3515 1893 3575 któremu
1929 3518 1944 3578 z
1975 3518 2085 3578 trudem
2131 3520 2176 3580 się
2206 3522 2302 3582 udało
2338 3530 2519 3590 odciągnąć
2550 3532 2640 3592 poetę

1651 3556 1669 3616 i
1691 3558 1874 3618 wypchnąć
1901 3563 1936 3623 go
1963 3565 2074 3625 znowu
2106 3568 2141 3628 na
2172 3567 2301 3627 estradę
