3344 4384
1414 381 1539 441 box
1612 380 1800 440 44/4

126 401 238 461 12.
297 404 789 464 Schnitzler
848 399 884 459 s
952 390 1188 450 Death

547 849 759 909 DES

875 867 1217 927 RVER

583 903 609 963 I.
618 906 739 966 österr.
753 913 899 973 behördl.
913 922 1216 982 konzessioniertes

534 946 767 1006 Unternehmen
799 953 842 1013 für
870 963 1258 1023 Zeitungs-Ausschnitte

584 1006 728 1066 WIEN,
756 1015 808 1075 I.,
835 1023 1112 1083 WOLLZEILE
1159 1031 1205 1091 11

679 1064 892 1124 TELEPHON
930 1073 1106 1133 R-23-0-43

476 1199 696 1259 Ausschnitt
720 1208 813 1268 aus:

844 1294 987 1354 usener
1012 1267 1216 1327 Volksblat

466 1423 582 1483 vom:

837 1457 903 1517 ge
951 1434 1072 1494 0KT.

405 1608 799 1668 Theater
899 1600 1081 1660 und
1210 1593 1519 1653 Kunst

398 1726 774 1786 ARTHUR
855 1726 1481 1786 SCHNIIZLER

456 1805 559 1865 Ihm,
585 1805 648 1865 dem
698 1801 905 1861 Cenialen,
925 1798 994 1858 der
1020 1796 1059 1856 so
1094 1793 1207 1853 vieles
1237 1793 1365 1853 schuf,
1390 1786 1533 1846 eignete

367 1865 452 1925 auch
493 1865 574 1925 eine
605 1859 889 1919 philosophisch
930 1856 1077 1916 geniale
1113 1851 1452 1911 Bescheidenheit,
1478 1847 1543 1907 wie

365 1927 399 1987 es
435 1924 526 1984 auch
567 1921 668 1981 seine
709 1919 942 1979 letztwillige
983 1913 1205 1973 Verfûgung
1252 1909 1398 1969 dartut.
1429 1904 1540 1964 Diese

366 1981 583 2041 bestimmt:
644 1978 705 2038 Ein
766 1977 984 2037 Begrâbnis
1035 1972 1171 2032 lettter
1222 1967 1379 2027 Klasse;
1435 1964 1536 2024 keine

368 2043 538 2103 Kränze;
574 2040 684 2100 keine
725 2035 861 2095 Parte,
891 2035 982 2095 auch
1033 2031 1063 2091 in
1109 2030 1178 2090 der
1219 2026 1375 2086 Zeitung
1426 2023 1551 2083 nicht;

367 2101 474 2161 keine
529 2101 676 2161 Trauer
725 2097 852 2157 tragen
906 2095 999 2155 nach
1054 2091 1181 2151 seinem
1255 2086 1382 2146 Tode;
1431 2081 1539 2141 keine

375 2160 540 2220 Reden.

468 2217 658 2277 Demnach
702 2213 798 2273 wäre
832 2211 869 2271 es
903 2212 979 2272 eine
1018 2207 1261 2267 Mißachtung
1301 2202 1424 2262 seines
1454 2199 1549 2259 letz-

368 2281 424 2341 ten
465 2277 645 2337 Willens,
671 2274 867 2334 Nachrufe
903 2271 933 2331 zu
975 2266 1201 2326 schreiben.

475 2341 529 2401 Ja.
555 2336 670 2396 Artur
696 2331 922 2391 Schnitzler,
942 2328 997 2388 die
1028 2328 1153 2388 wahre
1189 2325 1329 2385 Trauer
1360 2317 1545 2377 schweigt

448 2396 569 2456 Deine
600 2391 814 2451 Großtaten
850 2387 956 2447 leben
993 2387 1084 2447 ewig
1125 2384 1221 2444 fort.

780 2471 880 2531 datart
904 2468 1052 2528 dendeal.
1064 2459 1341 2519 Kontnnlnleres

675 2513 909 2573 Unternehmen
937 2511 986 2571 für
1014 2501 1401 2561 Zeitungs-Ausschuitte

738 2573 877 2633 WIEN,
905 2573 958 2633 I.,
985 2567 1273 2627 WOLLZEILE
1320 2561 1359 2621 11

828 2623 1048 2683 TELEPHON
1081 2615 1258 2675 R-23-0-43

634 2770 855 2830 Ausschnitt
881 2765 974 2825 aus:

741 2835 1501 2895 VORARLBERGERTAGBLATT

644 3000 758 3060 vom:

954 3038 1208 3098 27.0KT.
1230 3017 1335 3077 1937

854 3224 932 3284 Die
964 3221 1163 3281 jüdische
1194 3211 1363 3271 Presse

710 3309 783 3369 zum
850 3304 966 3364 Tode
1001 3298 1182 3358 Arthur
1216 3289 1516 3349 Schnitzlers.

616 3392 666 3452 In
701 3388 792 3448 Wien
826 3385 860 3445 ist
883 3382 940 3442 der
963 3379 1111 3439 jüdische
1140 3374 1372 3434 Schriftsteller
1402 3367 1532 3427 Arthur
1562 3367 1708 3427 Schnitz¬

528 3439 579 3499 ler
605 3433 795 3493 gestorben.
837 3427 924 3487 Man
956 3424 1017 3484 soll
1038 3421 1099 3481 von
1131 3420 1187 3480 den
1218 3416 1326 3476 Toten
1358 3414 1424 3474 nur
1450 3412 1558 3472 Gutes
1589 3410 1707 3470 sagen.

538 3482 578 3542 Da
615 3477 645 3537 es
682 3474 743 3534 von
786 3472 842 3532 den
878 3468 1028 3528 Büchern
1070 3466 1177 3526 dieses
1209 3460 1374 3520 jüdischen
1410 3456 1575 3516 Literaten
1617 3454 1704 3514 nicht

534 3525 602 3585 viel
629 3519 744 3579 Gutes
782 3516 813 3576 zu
850 3513 944 3573 sagen
982 3511 1076 3571 gibt,
1097 3507 1191 3567 wäre
1224 3503 1255 3563 es
1287 3502 1328 3562 am
1376 3500 1502 3560 besten,
1529 3496 1607 3556 über
1639 3495 1691 3555 ihn

532 3567 600 3627 und
643 3565 732 3625 seine
770 3558 880 3618 Werke
923 3558 954 3618 zu
992 3552 1198 3612 schweigen.
1241 3546 1336 3606 Aber
1368 3546 1420 3606 die
1453 3540 1706 3600 Judenblätter

538 3612 651 3672 wollen
693 3608 755 3668 aus
797 3603 983 3663 Schnitzler
1030 3594 1232 3654 unbedingt
1264 3591 1357 3651 einen
1404 3588 1528 3648 großen
1575 3583 1709 3643 Dichter

538 3658 620 3718 nicht
654 3655 720 3715 nur
754 3648 981 3708 Oesterreichs
1031 3642 1097 3702 und
1137 3636 1409 3696 Deutschlands,
1453 3630 1597 3690 sondern
1653 3628 1708 3688 der

1698 1743 1909 1803 Menschheit
1952 1739 2105 1799 machen.
2164 1735 2268 1795 Wenn
2322 1730 2401 1790 man
2454 1726 2512 1786 das
2566 1721 2761 1781 Geschmuse
2809 1718 2866 1778 der

1706 1789 1837 1849 „Neuen
1870 1784 1985 1844 Freien
2022 1781 2159 1841 Presse"
2186 1778 2275 1838 liest,
2291 1775 2411 1835 könnte
2438 1769 2512 1829 man
2549 1764 2701 1824 meinen,
2723 1763 2780 1823 daß
2812 1760 2865 1820 die

1703 1831 1850 1891 deutsche
1877 1829 2041 1889 Dichtung
2073 1823 2130 1883 seit
2157 1822 2210 1882 dem
2253 1819 2347 1879 Tode
2379 1814 2527 1874 Goethes
2559 1810 2665 1870 keinen
2697 1807 2728 1867 so
2755 1805 2876 1865 schwe¬

1704 1874 1753 1934 ren
1789 1874 1924 1934 Verlust
1950 1870 2045 1930 mehr
2071 1867 2196 1927 erlitten
2231 1863 2316 1923 habe
2342 1861 2392 1921 als
2422 1859 2462 1919 am
2508 1854 2703 1914 Mittwoch,
2719 1850 2779 1910 dem
2819 1850 2874 1910 21.

1706 1919 1848 1979 Oktober
1881 1916 1959 1976 1931
1986 1914 2082 1974 durch
2109 1912 2172 1972 das
2204 1907 2352 1967 Ableben
2390 1902 2521 1962 Arthur
2548 1895 2771 1955 Schnitzlers.
2814 1892 2866 1952 Da

1704 1964 1795 2024 heißt
1823 1960 1877 2020 es,
1899 1958 1931 2018 er
1959 1956 2007 2016 sei
2029 1954 2082 2014 als
2116 1953 2250 2013 Dichter
2289 1948 2343 2008 die
2370 1945 2608 2005 Inkarnation
2652 1939 2749 1999 eines
2782 1934 2873 1994 Zeit¬

1706 2007 1837 2067 alters,
1859 2003 1916 2063 der
1949 2002 2080 2062 gültige
2112 1996 2376 2056 Repräsentant
2413 1989 2507 2049 einer
2540 1985 2666 2045 Epoche
2708 1978 2882 2038 gewesen.

1707 2050 1772 2110 Ein
1806 2049 1932 2109 großes
1967 2044 2131 2104 Zeitalter
2160 2038 2281 2098 Wiens
2315 2038 2364 2098 sei
2387 2034 2453 2094 mit
2476 2030 2658 2090 Schnitzler
2692 2025 2746 2085 ins
2780 2023 2873 2083 Grab

1711 2094 1895 2154 gesunken,
1927 2089 1969 2149 um
2023 2087 2048 2147 in
2086 2086 2196 2146 seinem
2254 2079 2491 2139 unsterblichen
2534 2073 2644 2133 Werke
2687 2068 2807 2128 weiter
2840 2065 2871 2125 zu

1712 2137 1825 2197 leben.
1864 2134 1928 2194 Ein
1966 2133 2090 2193 ganzes
2123 2127 2187 2187 und
2220 2124 2528 2184 unvergängliches
2561 2113 2760 2173 Oesterreich
2793 2110 2879 2170 stehe

1719 2179 1984 2239 unvergänglich
2015 2175 2037 2235 in
2068 2173 2173 2233 seinem
2215 2169 2345 2229 Werke.
2363 2168 2380 2228 —
2428 2165 2474 2225 So
2504 2162 2580 2222 geht
2599 2160 2663 2220 das
2688 2155 2876 2215 seitenlang

1712 2229 1789 2289 Tag
1822 2224 1876 2284 für
1905 2223 1970 2283 Tag
2004 2217 2140 2277 weiter.

1808 2267 1855 2327 Da
1891 2264 1925 2324 ist
1961 2262 2025 2322 vor
2055 2261 2137 2321 allem
2197 2258 2231 2318 an
2273 2256 2320 2316 ein
2356 2253 2462 2313 Wort
2498 2249 2556 2309 des
2592 2243 2774 2303 Schwaben
2815 2241 2885 2301 Jo¬

1720 2312 1851 2372 hannes
1883 2307 2004 2367 Scherr
2030 2305 2061 2365 zu
2088 2301 2272 2361 erinnern:
2310 2299 2388 2359 „Ein
2425 2290 2709 2350 National=Jude
2736 2286 2803 2346 und
2835 2284 2877 2344 ein

1725 2352 2090 2412 National=Deutscher
2113 2349 2145 2409 zu
2179 2346 2267 2406 sein,
2290 2342 2428 2402 nämlich
2462 2337 2489 2397 in
2523 2333 2706 2393 Wahrheit
2728 2329 2794 2389 und
2828 2328 2888 2388 mit

1725 2397 2016 2457 Ueberzeugung,
2050 2392 2110 2452 das
2160 2388 2204 2448 ist
2243 2387 2292 2447 ein
2342 2384 2435 2444 Ding
2485 2378 2541 2438 der
2585 2373 2888 2433 Unmöglichkeit."

1728 2443 1908 2503 Schnitzler
1932 2438 1987 2498 hat
2011 2437 2062 2497 sich
2085 2435 2135 2495 als
2169 2431 2260 2491 Jude
2289 2427 2424 2487 gefühlt
2448 2423 2509 2483 und
2538 2422 2600 2482 mit
2623 2418 2718 2478 Recht
2742 2417 2804 2477 hat
2821 2414 2872 2474 ihm

1722 2489 1770 2549 die
1798 2483 2030 2543 Israelitische
2058 2476 2378 2536 Kultusgemeinde
2405 2469 2426 2529 in
2465 2467 2556 2527 Wien
2601 2463 2649 2523 ein
2682 2459 2887 2519 Ehrengrab

1728 2529 1923 2589 gewidmet.
1971 2524 2039 2584 Das
2072 2522 2219 2582 deutsche
2246 2516 2335 2576 Volk
2362 2515 2441 2575 aber
2468 2513 2526 2573 hat
2553 2507 2658 2567 keinen
2690 2504 2838 2564 Grund,
2860 2501 2885 2561 in

1729 2575 1907 2635 Schnitzler
1940 2569 2033 2629 einen
2071 2567 2195 2627 großen
2234 2561 2396 2621 deutschen
2441 2555 2570 2615 Dichter
2603 2553 2635 2613 zu
2673 2549 2793 2609 sehen,
2820 2546 2890 2606 auch

1728 2618 1822 2678 wenn
1860 2616 1912 2676 die
1944 2608 2203 2668 Judenblätter
2235 2605 2298 2665 und
2336 2599 2552 2659 diejenigen,
2600 2594 2653 2654 die
2686 2593 2738 2653 ins
2775 2589 2896 2649 gleiche

1730 2663 1822 2723 Horn
1855 2656 1990 2716 blasen,
2012 2655 2045 2715 es
2078 2651 2153 2711 noch
2181 2650 2213 2710 so
2240 2647 2322 2707 laut
2349 2644 2414 2704 und
2447 2643 2500 2703 zäh
2533 2636 2745 2696 verkünden.
2789 2633 2896 2693 Schon

1737 2704 1791 2764 vor
1825 2703 1918 2763 mehr
1946 2700 2001 2760 als
2035 2698 2067 2758 50
2101 2694 2238 2754 Jahren
2277 2692 2333 2752 hat
2361 2687 2515 2747 Heinrich
2549 2682 2724 2742 Treitschke
2758 2677 2818 2737 auf
2847 2675 2896 2735 die

1735 2748 1956 2808 betriebsame
1983 2741 2088 2801 Schar
2120 2737 2172 2797 der
2199 2735 2399 2795 semitischen
2436 2730 2578 2790 Talente
2600 2725 2726 2785 dritten
2758 2720 2894 2780 Grades

1739 2793 1987 2853 hingewiesen,
2009 2787 2061 2847 die
2089 2783 2167 2843 nach
2205 2780 2257 2840 dem
2311 2776 2485 2836 erprobten
2523 2768 2903 2828 Geschäftsgrundsatze

1739 2837 1791 2897 der
1824 2835 1886 2895 auf
1913 2827 2208 2887 Gegenseitigkeit
2235 2820 2467 2880 begründeten
2505 2811 2905 2871 Unsterblichkeits=Ver¬

1741 2877 2061 2937 sicherungsanstalt
2095 2871 2144 2931 sich
2183 2867 2388 2927 gegenseitig
2427 2859 2675 2919 verhimmeln,
2726 2855 2797 2915 also
2841 2853 2902 2913 daß

1740 2927 1828 2987 jeder
1853 2920 2000 2980 jüdische
2024 2914 2231 2974 Dichterling
2261 2911 2355 2971 jenen
2385 2907 2633 2967 Eintagsruhm
2675 2900 2823 2960 erhalte,
2847 2895 2900 2955 den

1740 2967 1873 3027 gewisse
1901 2963 2088 3023 Zeitungen
2122 2955 2292 3015 spenden.

1835 3009 1936 3069 Wenn
1970 3006 2024 3066 die
2052 3003 2213 3063 jüdischen
2255 2997 2437 3057 Zeitungen
2478 2992 2552 3052 noch
2586 2991 2613 3051 so
2647 2988 2714 3048 viel
2742 2986 2823 3046 über
2857 2982 2904 3042 die

1750 3050 2020 3110 Unsterblichkeit
2037 3047 2125 3107 ihres
2159 3043 2330 3103 „großen"
2358 3039 2540 3099 Schnitzler
2563 3031 2745 3091 schreiben,
2768 3028 2795 3088 so
2823 3027 2906 3087 wird

1748 3098 1806 3158 das
1845 3098 1893 3158 die
1921 3093 2099 3153 Tatsache,
2127 3089 2185 3149 daß
2225 3086 2310 3146 seine
2343 3083 2418 3143 Zeit
2446 3080 2500 3140 ols
2533 3077 2662 3137 Dichter
2696 3073 2793 3133 heute
2826 3069 2906 3129 schon

1748 3140 1952 3200 abgelaufen
1986 3136 2041 3196 ist,
2064 3133 2146 3193 nicht
2185 3131 2245 3191 aus
2279 3128 2340 3188 der
2368 3125 2461 3185 Welt
2484 3125 2644 3185 schaffen.
2689 3117 2766 3177 Wir
2805 3113 2909 3173 haben

1751 3185 1893 3245 wirklich
1920 3182 2040 3242 andere
2067 3176 2198 3236 Sorgen
2230 3172 2282 3232 als
2314 3170 2361 3230 die
2388 3168 2503 3228 müden
2536 3165 2687 3225 Erotiker
2714 3161 2740 3221 in
2772 3158 2919 3218 Schnitz¬

1752 3230 1815 3290 lers
1847 3224 1995 3284 Dramen
2032 3221 2095 3281 und
2128 3218 2397 3278 Erzählungen.
2440 3211 2624 3271 Schnitzler
2657 3207 2714 3267 hat
2741 3203 2921 3263 testamen¬

1752 3271 1865 3331 tarisch
1898 3268 2086 3328 bestimmt,
2108 3263 2167 3323 daß
2205 3260 2291 3320 seine
2324 3257 2539 3317 Tagebücher
2572 3253 2636 3313 und
2669 3250 2755 3310 seine
2788 3246 2922 3306 Selbst¬

1755 3316 1956 3376 biographie
1984 3310 2010 3370 in
2038 3309 2168 3369 dreißig
2201 3305 2266 3365 und
2299 3301 2456 3361 teilweise
2484 3295 2543 3355 erst
2566 3295 2592 3355 in
2626 3295 2750 3355 vierzig
2784 3291 2913 3351 Jahren

1760 3358 2007 3418 veröffentlicht
2034 3351 2165 3411 werden
2203 3348 2339 3408 dürfen.
2387 3343 2471 3403 Nach
2509 3341 2597 3401 einem
2651 3335 2919 3395 Menschenalter

1761 3404 1835 3464 aber
1862 3402 1946 3462 wird
1990 3397 2047 3457 der
2080 3394 2186 3454 Name
2213 3390 2403 3450 Schnitzler
2431 3385 2536 3445 genau
2585 3384 2616 3444 so
2648 3381 2823 3441 gründlich
2856 3376 2929 3436 ver¬

1764 3451 1861 3511 gessen
1905 3445 1969 3505 sein
2018 3442 2077 3502 wie
2120 3439 2206 3499 seine
2234 3433 2481 3493 Theaterstücke
2525 3428 2589 3488 und
2622 3424 2805 3484 Novellen.
2854 3420 2929 3480 Mit

1761 3492 1813 3552 dem
1862 3486 2136 3546 Ewigkeitsruhm
2184 3480 2289 3540 dieser
2317 3475 2433 3535 Werke
2460 3471 2496 3531 ist
2518 3471 2549 3531 es
2582 3468 2703 3528 nichts,
2746 3466 2840 3526 wenn
2873 3463 2925 3523 die

1763 3529 1898 3589 üdische
1931 3531 2045 3591 Presse
2072 3528 2126 3588 sich
2159 3525 2235 3585 noch
2268 3523 2300 3583 so
2333 3519 2490 3579 bemüht,
2534 3515 2625 3575 ihren
2664 3511 2777 3571 Lesern
2816 3507 2907 3567 einzu

1769 3580 1962 3640 hämmern,
2001 3572 2065 3632 daß
2103 3569 2189 3629 nicht
2222 3566 2286 3626 nur
2319 3564 2383 3624 das
2421 3558 2674 3618 österreichische
2707 3552 2933 3612 Schrifttum,

1779 3623 1912 3683 sondern
1951 3620 2008 3680 das
2038 3616 2094 3676 der
2114 3614 2238 3674 ganzen
2268 3609 2362 3669 Welt
2382 3607 2477 3667 durch
2497 3601 2697 3661 Schnitzlers
2727 3600 2803 3660 Tod
2833 3598 2918 3658 einen

1740 3698 1982 3758 unersetzlichen
2020 3689 2156 3749 Verlust
2183 3686 2309 3746 erlitten
2347 3685 2447 3745 habe.
2490 3683 2616 3743 Weder
2643 3681 2695 3741 der
2728 3678 2901 3738 „Reigen"

1740 3743 1811 3803 noch
1843 3743 1894 3803 die
1925 3734 2126 3794 „Liebelei",
2147 3732 2225 3792 noch
2251 3730 2425 3790 irgendein
2463 3725 2606 3785 anderes
2638 3722 2731 3782 Werk
2757 3720 2906 3780 Schnitz¬

1739 3786 1808 3846 lers
1839 3783 1925 3843 wird
1960 3782 1985 3842 in
2021 3776 2192 3836 künftigen
2228 3773 2343 3833 Zeiten
2389 3770 2520 3830 wieder
2556 3767 2787 3827 aufleuchten.
2838 3763 2908 3823 Mit

1745 3827 2014 3887 Unsterblichkeit
2041 3821 2140 3881 haben
2178 3818 2262 3878 diese
2289 3815 2420 3875 Bücher
2447 3815 2504 3875 des
2531 3812 2694 3872 jüdischen
2727 3808 2895 3868 Literaten

1742 3874 1834 3934 eines
1865 3869 2050 3929 erledigten
2087 3862 2272 3922 Zeitalters
2308 3860 2468 3920 wahrlich
2499 3856 2601 3916 nichts
2633 3854 2668 3914 zu
2700 3853 2782 3913 tun.
2824 3851 2900 3911 Und

1742 3918 1803 3978 das
1835 3914 1870 3974 ist
1891 3912 1958 3972 nur
1985 3909 2025 3969 ein
2057 3907 2159 3967 Glück
2180 3906 2211 3966 zu
2238 3905 2371 3965 nennen
2402 3904 2412 3964 —
2465 3899 2521 3959 für
2542 3899 2593 3959 die
2619 3898 2779 3958 deutschen
2816 3893 2908 3953 Leser

1750 3961 1881 4021 sowohl
1908 3958 1960 4018 als
1992 3955 2066 4015 auch
2098 3951 2156 4011 für
2183 3949 2240 4009 den
2277 3948 2415 4008 Mann,
2447 3943 2504 4003 der
2531 3943 2573 4003 sie
2600 3939 2800 3999 geschrieben
2843 3937 2916 3997 hat.

1755 4004 1938 4064 Uebrigens
1966 3998 2025 4058 hat
2047 3994 2095 4054 die
2123 3993 2355 4053 Judenpresse
2382 3988 2463 4048 schon
2501 3985 2619 4045 wieder
2647 3984 2754 4044 einige
2787 3984 2906 4044 „große

1755 4048 1898 4108 Dichter"
1930 4044 1991 4104 auf
2017 4040 2141 4100 Lager,
2178 4036 2275 4096 unter
2306 4035 2409 4095 denen
2445 4030 2496 4090 die
2528 4029 2667 4089 arischen
2703 4027 2795 4087 Leser
2827 4024 2914 4084 aus¬

1750 4093 1854 4153 suchen
1888 4086 2032 4146 dürfen,
2049 4081 2187 4141 welcher
2215 4081 2287 4141 „der
2315 4077 2453 4137 größte"
2482 4074 2536 4134 ist.
2575 4070 2758 4130 Schnitzler
2786 4068 2824 4128 ist
2847 4066 2918 4126 tot:

1750 4134 1782 4194 es
1810 4134 1876 4194 lebe
1904 4130 2008 4190 Jakob
2038 4124 2296 4184 Wassermann.
2337 4121 2386 4181 Er
2414 4121 2479 4181 lebe
2508 4120 2623 4180 Franz
2647 4116 2795 4176 Werfel!
2818 4112 2911 4172 Oder

2675 4158 2736 4218 Dr.
2762 4159 2804 4219 H.
2829 4158 2877 4218 N.

1749 4179 1788 4239 ist
1812 4179 1873 4239 gar
1896 4176 2043 4236 Schalom
2083 4173 2156 4233 Asch
2191 4170 2241 4230 der
2270 4167 2411 4227 größte?
