3344 4352
531 300 766 360 Ausschnitt
784 297 880 357 aus:

1765 1037 1813 1097 det
1841 1040 1938 1100 kunde
1965 1040 2024 1100 han
2052 1037 2133 1097 inte.
2171 1037 2246 1097 Lika
2274 1037 2344 1097 litet
2366 1037 2420 1097 som
2464 1036 2518 1096 han
2557 1036 2719 1096 utmaning
2752 1037 2843 1097 svara
2877 1038 2919 1098 på
2952 1037 3001 1097 ett
3028 1035 3147 1095 häftigt
3180 1037 3255 1097 angi

1759 1088 1868 1148 kunde
1888 1088 1949 1148 helt
1964 1088 2092 1148 utesluta
2112 1087 2202 1147 henne
2227 1085 2255 1145 ur
2274 1085 2312 1145 sin
2336 1084 2431 1144 krets.
2460 1083 2531 1143 'Det
2561 1087 2627 1147 mot
2647 1086 2746 1146 honom
2785 1082 2799 1142 —
2852 1084 2899 1144 som
2942 1088 3109 1148 författare
3138 1086 3233 1146 mâste

1760 1139 1818 1199 som
1863 1138 1946 1198 varit
1976 1139 2034 1199 kan
2069 1139 2167 1199 aldrig
2207 1136 2354 1196 utplånas
2384 1132 2398 1192 —
2457 1131 2520 1191 men
2560 1135 2653 1195 värna
2688 1136 2722 1196 om
2766 1136 2810 1196 sin
2845 1136 3060 1196 konstnärliga
3095 1136 3144 1196 och
3179 1134 3261 1194 litter

182 1177 545 1237 Arthur
616 1177 1120 1237 Schnitzier

1759 1186 1833 1246 man
1881 1186 1979 1246 mâste
2026 1186 2119 1246 ocksà
2157 1184 2255 1244 kunna
2293 1183 2325 1243 se
2363 1183 2428 1243 med
2466 1183 2512 1243 kla

2555 1184 2665 1244 frihet,
2691 1183 2827 1243 svarade
2858 1186 2934 1246 han,
2960 1186 3014 1246 och
3050 1186 3106 1246 som
3152 1189 3257 1249 angrif

2554 1234 2592 1294 av
2621 1234 2760 1294 duellens
2789 1234 3044 1294 meningslöshet
3074 1234 3174 1294 kunde
3204 1234 3261 1294 han

1761 1236 1846 1296 blick
1872 1235 1937 1295 mot
1958 1237 2009 1297 det
2030 1234 2085 1294 som
2121 1234 2278 1294 kommer.
2329 1235 2516 1295 Förgängen

2554 1285 2589 1345 ej
2611 1284 2688 1344 själv
2714 1282 2849 1342 duellera
2875 1284 2890 1344 —
2937 1285 3030 1345 varpâ
3057 1285 3154 1345 sagda
3186 1282 3268 1342 »Ehi

1765 1286 1824 1346 het
1847 1284 1862 1344 —
1918 1285 2000 1345 nutid
2033 1284 2043 1344 —
2099 1283 2240 1343 framtid.

494 1333 618 1393 som
722 1330 1113 1390 människa
1177 1330 1301 1390 och
1380 1328 1694 1388 wienare

2559 1334 2622 1394 rats
2655 1335 2835 1395 förklarade
2862 1333 2963 1393 honom
3006 1333 3150 1393 förlustig
3182 1333 3256 1393 offic

1805 1333 1886 1393 Intet
1912 1334 1967 1394 har
1994 1336 2075 1396 tagit
2101 1333 2274 1393 Schnitzler
2305 1333 2335 1393 sà
2367 1333 2442 1393 hårt
2469 1330 2519 1390 som

1765 1384 1910 1444 dotterns
1943 1383 1997 1443 öde
2030 1382 2040 1442 —
2094 1382 2186 1442 ingen
2219 1380 2278 1440 har
2305 1382 2424 1442 kanske
2457 1379 2537 1439 stâtt
2565 1383 2700 1443 rangen.
2738 1381 2775 1441 En
2808 1383 2857 1443 sak
2885 1383 2938 1443 som
2976 1383 3040 1443 gick
3069 1383 3165 1443 honom
3203 1381 3251 1441 my

1763 1435 1846 1495 hans
1871 1434 1969 1494 hjärta
1994 1434 2028 1494 sä
2053 1434 2126 1494 nära
2152 1431 2205 1491 som
2245 1431 2323 1491 hon.
2358 1431 2426 1491 Hon
2456 1431 2529 1491 gifte

2560 1432 2660 1492 nära.

969 1455 1081 1515 slukas
1105 1453 1138 1513 av
1167 1453 1194 1513 en
1223 1455 1392 1515 avgrund?
1421 1454 1432 1514 —
1483 1452 1545 1512 Det
1563 1452 1618 1512 var
1642 1452 1731 1512 omöj

239 1461 350 1521 Tågon
382 1460 434 1520 har
461 1460 535 1520 sagt
562 1458 609 1518 att
630 1458 683 1518 för
710 1458 757 1518 att
778 1458 846 1518 rätt
868 1454 942 1514 kun¬

2594 1482 2735 1542 Bredvid
2783 1482 2972 1542 »Leutnant
3014 1480 3128 1540 Custis
3176 1482 3256 1542 kap

1767 1485 1816 1545 sig
1846 1485 2037 1545 sjuttonärig
2072 1482 2135 1542 med
2176 1482 2205 1542 en
2245 1479 2387 1539 italiensk
2422 1480 2534 1540 officer

168 1511 323 1571 na
360 1509 456 1569 förstå
487 1507 607 1567 Arthur
638 1508 812 1568 Schnitzler
842 1506 938 1566 mäste
976 1504 1035 1564 ligt
1060 1506 1107 1566 tro
1138 1506 1185 1566 att
1210 1506 1270 1566 han
1301 1503 1487 1563 skämtade,
1512 1503 1589 1563 hans
1620 1503 1740 1563 ansikte

1767 1533 1824 1593 och
1854 1533 1899 1593 ett
1923 1533 1957 1593 år
1980 1533 2118 1593 därefter
2142 1532 2159 1592 —
2205 1530 2262 1590 hon
2298 1530 2349 1590 var
2378 1530 2407 1590 ej
2430 1530 2528 1590 fyllda
2563 1531 2741 1591 Schnitzler
2771 1533 2868 1593 typen
2909 1530 2960 1590 den
3001 1530 3064 1590 lilla
3100 1530 3249 1590 wien-flic

171 1561 235 1621 man
271 1559 366 1619 känna
398 1559 447 1619 till
468 1559 523 1619 den
549 1558 634 1618 plats
660 1556 720 1616 där
746 1556 800 1616 han
831 1556 942 1616 verkat
973 1556 1053 1616 hade
1084 1556 1124 1616 på
1155 1554 1189 1614 en
1220 1555 1306 1615 gång
1337 1555 1432 1615 blivit
1457 1553 1548 1613 grått
1569 1552 1623 1612 och
1659 1550 1714 1610 gam

2561 1580 2642 1640 »das
2676 1580 2767 1640 süsse
2806 1580 3074 1640 Wienermädel»,
3109 1579 3142 1639 en
3181 1580 3257 1640 skar

1771 1583 1866 1643 nitton
1897 1581 1911 1641 —
1968 1581 2018 1641 tog
2054 1581 2108 1641 hon
2144 1580 2200 1640 sitt
2226 1580 2285 1640 liv.
2326 1579 2392 1639 Det
2418 1577 2478 1637 har
2509 1580 2518 1640 e

974 1606 1064 1666 malt.
1090 1601 1100 1661 —
1161 1604 1231 1664 ’Och
1267 1604 1378 1664 dock',
1399 1604 1545 1664 fortsatte
1581 1601 1636 1661 han
1672 1601 1742 1661 utan

170 1610 225 1670 och
254 1609 356 1669 diktat
380 1607 431 1667 och
465 1607 516 1667 den
549 1607 586 1667 tid
615 1607 684 1667 inom
727 1607 825 1667 vilken
854 1604 942 1664 höjd-

1771 1634 1894 1694 kunnat
1925 1631 2054 1691 utrönas
2096 1631 2147 1691 vad
2189 1628 2245 1688 som
2297 1628 2353 1688 var
2384 1628 2539 1688 orsaken.
2565 1630 2595 1690 så
2633 1630 2761 1690 levande
2792 1630 2844 1690 att
2870 1629 2926 1689 hon
2963 1630 3096 1690 faktiskt
3123 1631 3256 1691 uppstod

972 1657 1019 1717 att
1044 1655 1134 1715 vänta
1164 1655 1201 1715 på
1231 1655 1321 1715 svar,
1341 1654 1403 1714 ’och
1437 1652 1508 1712 dock
1537 1655 1575 1715 gå
1604 1652 1637 1712 vi
1657 1651 1743 1711 män-

169 1661 302 1721 punkten
335 1658 366 1718 av
395 1658 472 1718 hans
496 1658 661 1718 skapande
690 1656 795 1716 inföll.

1768 1683 1886 1743 Många
1917 1682 2025 1742 rykten
2057 1680 2128 1740 voro
2160 1680 2175 1740 i
2196 1680 2340 1740 omlopp,
2366 1679 2438 1739 även
2474 1677 2535 1737 rik-
2562 1678 2670 1738 masse
2707 1679 2799 1739 under
2830 1679 3020 1739 Schnitzlers
3057 1679 3211 1739 glanstid.

208 1710 338 1770 Platsen
373 1708 413 1768 är
444 1707 549 1767 Wien.
595 1706 685 1766 Wien
721 1706 856 1766 framför
887 1706 947 1766 allt
978 1706 1088 1766 niskor
1109 1706 1168 1766 alla
1194 1706 1294 1766 denna
1320 1706 1395 1766 väg,
1416 1703 1576 1763 sorglösa,
1592 1700 1747 1760 obetänk-

1769 1733 1844 1793 tade
1882 1733 1946 1793 mot
1979 1731 2097 1791 hennes
2136 1730 2221 1790 man,
2249 1730 2318 1790 men
2357 1727 2534 1787 Schnitzler
2562 1729 2631 1789 blev
2659 1730 2707 1790 till
2729 1730 2847 1790 modell
2869 1729 2922 1789 och
2956 1730 3084 1790 förebild
3117 1728 3165 1788 för
3193 1728 3257 1788 tuse

973 1756 1113 1816 samma,
1134 1753 1204 1813 utan
1235 1754 1355 1814 rädsla,
1376 1753 1456 1813 trots
1482 1753 1531 1813 att
1552 1750 1582 1810 vi
1603 1750 1673 1810 veta
1698 1750 1733 1810 at

165 1759 289 1819 annat.
329 1758 506 1818 Schnitzler
533 1756 590 1816 var
617 1756 652 1816 en
684 1756 820 1816 wienare
852 1756 940 1816 durch

1770 1780 1990 1840 dementerade
2044 1780 2133 1840 dessa
2175 1777 2380 1837 kategoriskt
2418 1777 2517 1837 genom
2565 1779 2628 1839 smà
2660 1778 2855 1838 wienflickor
2876 1775 2891 1835 —
2939 1777 3018 1837 ända
3050 1777 3097 1837 till
3119 1777 3171 1837 den
3203 1777 3260 1837 nys

175 1810 233 1870 und
263 1809 356 1869 durch
386 1807 439 1867 och
474 1808 572 1868 genom
612 1807 694 1867 hans
720 1806 846 1866 arbeten
876 1803 944 1863 blâ¬
975 1803 1058 1863 intet
1078 1804 1112 1864 är
1132 1804 1161 1864 sä
1191 1804 1298 1864 säkert
1318 1802 1367 1862 som
1407 1801 1455 1861 att
1475 1801 1504 1861 vi
1519 1800 1578 1860 alla
1603 1799 1632 1859 en
1662 1798 1720 1858 gän

2561 1829 2618 1889 den
2648 1828 2722 1888 bröt
2740 1828 2763 1888 in
2798 1828 2861 1888 med
2891 1828 2925 1888 de
2949 1828 3058 1888 nyktra
3087 1828 3139 1888 och
3174 1826 3254 1886 klart

1771 1831 1826 1891 sitt
1848 1830 2071 1890 vänskapliga,
2093 1833 2137 1893 ja,
2154 1829 2310 1889 innerliga
2338 1827 2532 1887 förhällande

973 1855 1073 1915 mäste
1108 1855 1165 1915 ner
1194 1855 1208 1915 i
1232 1855 1290 1915 den
1329 1852 1434 1912 mörka
1473 1852 1675 1912 avgrunden.

174 1859 230 1919 ser
254 1859 286 1919 en
315 1858 380 1918 vind
408 1858 474 1918 från
502 1857 703 1917 Kahlenberg
732 1855 782 1915 och
812 1855 937 1915 Wiener

2562 1879 2909 1939 »självförsörjandes»
2976 1876 3116 1936 alltmera
3184 1876 3261 1936 växi

1771 1882 1821 1942 till
1848 1879 2037 1939 svärsonen.

1012 1904 1089 1964 Förr
1127 1903 1268 1963 brukade
1305 1903 1364 1963 han
1401 1902 1469 1962 ofta
1506 1902 1565 1962 tala
1603 1900 1639 1960 om
1689 1900 1748 1960 hui

174 1909 276 1969 wald,
296 1911 351 1971 den
380 1909 497 1969 sveper
525 1907 632 1967 mellan
666 1906 797 1966 villorna
830 1906 839 1966 i
863 1905 928 1965 Döb

1811 1932 1874 1992 Det
1903 1930 1966 1990 har
1996 1930 2024 1990 sà
2059 1930 2128 1990 ofta
2158 1928 2255 1988 sagts
2285 1927 2336 1987 att
2366 1927 2533 1987 författare
2563 1928 2678 1988 skara.
2714 1927 2851 1987 Numera
2881 1927 3031 1987 existerar
3055 1927 3112 1987 hon
3136 1927 3199 1987 inte
3222 1925 3245 1985 lä

970 1955 1035 2015 han
1066 1953 1167 2013 kände
1197 1954 1262 2014 sig,
1283 1952 1394 2012 nämna
1425 1950 1662 2010 smäkrämpor,
1683 1950 1733 2010 lite

171 1960 236 2020 ling
267 1959 276 2019 —
328 1959 403 2019 ända
430 1959 464 2019 ut
485 1958 530 2018 till
552 1956 779 2016 Schönbrunns
805 1955 936 2015 trädgår

2622 1976 2704 2036 eller
2727 1977 2809 2037 blott
2832 1977 2881 2037 som
2926 1977 2958 2037 en
2986 1974 3207 2034 anakronism.

1769 1980 1876 2040 skapa
1916 1977 2056 2037 livsöden
2095 1977 2148 2037 som
2203 1977 2241 2037 de
2279 1977 2393 2037 senare
2432 1975 2534 2035 själve

968 2004 1338 2064 hjärtbesvärligheter,
1359 2001 1432 2061 eller
1462 2001 1556 2061 klaga
1586 1998 1660 2058 över
1690 1998 1743 2058 der

171 2011 253 2071 dar.

2602 2028 2673 2088 Inom
2721 2028 2761 2088 sin
2792 2028 2827 2088 tid
2863 2026 2915 2086 var
2940 2025 3117 2085 Schnitzler
3147 2025 3176 2085 en
3206 2025 3259 2085 rac

1770 2028 1870 2088 mâste
1899 2028 2052 2088 uppleva.
2072 2026 2086 2086 —
2139 2027 2196 2087 'Jag
2231 2028 2297 2088 törs
2326 2025 2422 2085 aldrig
2456 2025 2537 2085 mere

211 2061 403 2121 Schnitzlers
438 2058 491 2118 hem
536 2060 644 2120 ligger
674 2059 757 2119 högt
787 2060 865 2120 uppe
900 2054 934 2114 på
974 2054 1161 2114 tilltagande
1196 2053 1348 2113 dövheten
1383 2051 1431 2111 som
1481 2049 1604 2109 mycket
1629 2048 1746 2108 pinade

2567 2079 2777 2139 föregängare
2805 2076 2821 2136 —
2877 2076 2943 2136 men
2977 2076 3137 2136 språnget
3165 2075 3237 2135 över

1770 2079 1876 2139 skriva
1905 2079 2074 2139 romaner',
2093 2078 2214 2138 yttrade
2243 2077 2368 2137 nyligen
2398 2076 2430 2136 en
2458 2076 2537 2136 känd

174 2109 510 2169 Sternwartestrasse.
552 2106 794 2166 Därnedanför,
814 2106 869 2166 som
907 2105 939 2165 en
977 2103 1112 2163 honom.
1150 2103 1215 2163 Den
1248 2103 1322 2163 sista
1351 2103 1430 2163 tiden
1463 2100 1579 2160 undvek
1612 2097 1668 2157 han
1701 2099 1752 2159 allt

2562 2132 2619 2192 get
2649 2127 2695 2187 till
2725 2127 2753 2187 en
2788 2127 2858 2187 helt
2882 2125 2922 2185 ny
2951 2126 2992 2186 tid
3027 2127 3143 2187 orkade
3178 2124 3235 2184 han

1771 2128 1941 2188 författare
1968 2127 1977 2187 i
1999 2127 2096 2187 Wien,
2122 2129 2179 2189 allt
2201 2127 2257 2187 det
2273 2127 2324 2187 jag
2351 2127 2464 2187 skrivit
2480 2127 2515 2187 om

178 2159 373 2219 jättematta,
393 2157 538 2217 utbreder
559 2156 604 2216 sig
629 2156 694 2216 hela
720 2156 800 2216 Wien
825 2155 840 2215 i
855 2153 950 2213 dunst
977 2153 1127 2213 liknande
1152 2153 1192 2213 på
1223 2153 1267 2213 ett
1293 2151 1358 2211 sätt
1378 2150 1433 2210 som
1474 2150 1528 2210 var
1554 2148 1734 2208 påfallande

1771 2179 1830 2239 har
1856 2177 2031 2237 sedermera
2062 2177 2162 2237 slagit
2182 2177 2207 2237 in
2238 2176 2252 2236 —
2303 2175 2448 2235 antingen
2479 2174 2538 2234 hos
2569 2177 2659 2237 taga.
2699 2176 2764 2236 Det
2785 2176 2834 2236 som
2875 2175 2915 2235 pâ
2940 2174 3020 2234 hans
3046 2174 3085 2234 tid
3116 2176 3171 2236 var
3197 2175 3246 2235 rad

976 2204 1104 2264 Kanske
1139 2201 1182 2261 att
1212 2201 1271 2261 han
1306 2201 1384 2261 känt
1414 2200 1512 2260 något
1542 2198 1674 2258 förebud

178 2210 232 2270 och
267 2210 340 2270 rök,
365 2207 398 2267 ur
429 2207 526 2267 vilken
561 2207 777 2267 Floridsdorfs
807 2204 948 2264 skorste¬

1772 2230 1834 2290 mig
1863 2228 1935 2288 själv
1964 2228 2031 2288 eller
2055 2228 2065 2288 i
2083 2228 2139 2288 min
2163 2225 2343 2285 familj'...
2377 2225 2450 2285 Man
2479 2225 2535 2285 kan
2570 2226 2603 2286 ür
2637 2225 2761 2285 numera
2796 2224 2971 2284 bestäende
2999 2225 3241 2285 vardaglighet.

979 2252 1021 2312 ett
1046 2252 1175 2312 särskilt
1200 2252 1305 2312 tecken
1335 2252 1406 2312 vars
1431 2250 1570 2310 budskap
1599 2249 1657 2309 han
1686 2249 1733 2309 son

175 2261 255 2321 nar,
285 2258 553 2318 Stefansdomens
587 2258 750 2318 kyrkspira
784 2255 841 2315 och
875 2255 932 2315 Pra

2605 2276 2792 2336 Betydelsen
2841 2276 2896 2336 och
2945 2276 3145 2336 livslängden
3188 2273 3218 2333 av

1771 2282 1807 2342 ej
1823 2279 1931 2339 hjälpa
1957 2277 2003 2337 att
2024 2278 2086 2338 man
2117 2276 2328 2336 ovillkorligen
2360 2276 2442 2336 inför
2469 2275 2520 2335 den

977 2303 1088 2363 läkare
1114 2303 1221 2363 kunde
1247 2302 1338 2362 tyda.

177 2309 263 2369 terns
287 2307 498 2367 »Riesenrad»
528 2306 700 2366 framträda
730 2306 777 2366 som
821 2303 931 2363 blånan

1022 2353 1092 2413 Men
1117 2353 1131 2413 à
1156 2353 1249 2413 andra
1266 2351 1352 2411 sidan
1384 2350 1430 2410 var
1455 2350 1509 2410 han
1534 2347 1659 2407 absolut
1675 2345 1753 2405 livs-
1778 2337 1816 2397 na
1849 2328 1989 2388 tragiska
2022 2327 2164 2387 händelse
2196 2327 2337 2387 kommer
2369 2325 2415 2385 att
2440 2325 2541 2385 tänka
2574 2326 2801 2386 författarskap
2834 2324 2888 2384 fär
2920 2324 2974 2384 väl
2999 2324 3037 2384 en
3070 2324 3171 2384 annan
3211 2321 3250 2381 tio

170 2359 208 2419 de
238 2358 387 2418 konturer
417 2356 470 2416 och
504 2356 562 2416 där
591 2356 702 2416 Donau
732 2356 872 2416 slingrar
901 2356 944 2416 sig

2565 2376 2626 2436 vår
2645 2376 2731 2436 mäta
2757 2374 2800 2434 ut.
2837 2374 2904 2434 För
2924 2374 2954 2434 ej
2980 2374 3010 2434 sä
3036 2374 3128 2434 länge
3154 2373 3245 2433 sedan

1774 2383 1812 2443 på
1845 2377 2040 2437 Schnitzlers
2074 2376 2221 2436 ’Fräulein
2254 2374 2357 2434 Else’.

175 2409 238 2469 som
288 2407 336 2467 ett
366 2407 468 2467 smalt
499 2406 699 2466 silverband.
748 2405 817 2465 Det
851 2403 905 2463 var
940 2402 954 2462 i
984 2403 1179 2463 bejakande.
1219 2404 1282 2464 ’Jag
1307 2402 1360 2462 vill
1380 2402 1409 2462 så
1440 2402 1532 2462 gärna
1557 2398 1620 2458 leva
1650 2398 1738 2458 länge

1813 2428 1939 2488 Kanske
1974 2425 2027 2485 var
2056 2425 2107 2485 det
2137 2425 2218 2485 detta
2248 2425 2305 2485 som
2352 2425 2462 2485 gjorde
2497 2423 2542 2483 att
2572 2424 2647 2484 rade
2677 2424 2850 2484 Schnitzler
2880 2424 2920 2484 vid
2955 2425 3041 2485 Hugo
3071 2424 3111 2484 v.
3129 2422 3256 2482 Hoffma

977 2454 1072 2514 länge
1108 2452 1177 2512 än',
1203 2452 1349 2512 brukade
1385 2452 1445 2512 han
1486 2449 1631 2509 plötsligt
1662 2447 1732 2507 utro

175 2459 295 2519 parken
329 2458 464 2518 utanför
493 2456 570 2516 hans
604 2455 656 2515 hem
706 2450 720 2510 —
773 2454 830 2514 den
865 2455 951 2515 stora

1773 2478 1830 2538 han
1865 2476 1899 2536 sa
1934 2478 2095 2538 energiskt
2119 2476 2269 2536 avvärjde
2304 2475 2436 2535 epitetet
2466 2471 2540 2531 'dik-
2570 2476 2656 2536 thals
2685 2476 2777 2536 grav:
2801 2475 2863 2535 »Vi
2888 2473 2939 2533 äro
2969 2475 3003 2535 ej
3026 2473 3078 2533 här
3107 2473 3152 2533 för
3182 2472 3227 2532 att

978 2507 1037 2567 pa,
1064 2503 1139 2563 'man
1173 2503 1210 2563 är
1238 2503 1270 2563 ju
1297 2501 1335 2561 sä
1368 2500 1492 2560 nyfiken
1525 2500 1563 2560 pä
1596 2500 1655 2560 allt
1683 2500 1736 2560 son

177 2507 611 2567 »Türkenschantzparken»
640 2503 653 2563 —
710 2504 845 2564 varifrån
883 2503 948 2563 mar

1769 2528 1870 2588 tare'.
1882 2526 1899 2586 —
1950 2526 2012 2586 'Jag
2041 2527 2074 2587 är
2097 2524 2181 2584 ingen
2210 2524 2362 2584 diktare',
2380 2524 2537 2584 utropade
2572 2526 2628 2586 dôd
2657 2524 2713 2584 och
2747 2524 2905 2584 förintelse
2934 2522 2950 2582 —
3002 2523 3035 2583 vi
3058 2524 3108 2584 äro
3143 2524 3255 2584 vittnen

979 2552 1063 2612 skall
1089 2551 1192 2611 hända
1223 2550 1232 2610 i
1257 2550 1410 2610 världen!

181 2556 230 2616 vid
260 2557 328 2617 klar
348 2557 451 2617 dager
472 2559 500 2619 t.
516 2557 549 2617 o.
570 2556 614 2616 m.
634 2554 688 2614 kan
713 2553 826 2613 skönja
856 2553 939 2613 alper

1776 2577 1852 2637 han.
1900 2578 1958 2638 Jag
1994 2576 2029 2636 är
2053 2574 2105 2634 för
2130 2574 2182 2634 det
2206 2574 2330 2634 första,
2354 2574 2448 2634 andra
2478 2573 2536 2633 och
2572 2574 2713 2634 födelsen
2749 2574 2784 2634 av
2820 2574 2849 2634 en
2891 2571 3102 2631 odödlighet.»
3138 2571 3149 2631 —
3209 2571 3267 2631 Kar

1017 2601 1079 2661 an
1114 2601 1195 2661 hade
1230 2603 1398 2663 förmâgan
1433 2601 1481 2661 att
1505 2600 1592 2660 njuta
1626 2598 1664 2658 av
1694 2598 1742 2658 all

178 2609 217 2669 na
253 2608 263 2668 i
294 2607 339 2667 ett
370 2607 516 2667 avlägset
547 2604 801 2664 genomskinligt
832 2604 947 2664 fjärrar

248 2658 303 2718 som
353 2657 534 2717 Schnitzler
563 2655 618 2715 tog
654 2655 703 2715 sin
739 2655 815 2715 sista
851 2654 941 2714 lánga
984 2654 1033 2714 det
1062 2652 1167 2712 sköna
1195 2652 1251 2712 och
1294 2651 1377 2711 goda
1406 2649 1461 2709 som
1504 2648 1580 2708 livet
1609 2646 1672 2706 har
1701 2642 1750 2702 att
1779 2633 1876 2693 tredje
1905 2625 1939 2685 en
1968 2625 2093 2685 läkare.
2129 2625 2185 2685 Jag
2221 2625 2339 2685 känner
2368 2624 2423 2684 mig
2459 2622 2543 2682 myc-
2565 2624 2676 2684 kunde
2698 2625 2768 2685 man
2797 2625 2859 2685 med
2888 2625 2992 2685 större
3014 2624 3062 2684 fog
3091 2622 3168 2682 säga
3196 2620 3266 2680 det¬

1776 2678 1831 2738 ket
1853 2676 1935 2736 mera
1964 2676 2013 2736 som
2053 2676 2173 2736 läkare.
2213 2673 2301 2733 Mina
2329 2673 2456 2733 arbeten
2484 2673 2539 2733 äro
2573 2676 2622 2736 ma
2650 2675 2694 2735 vid
2722 2673 2772 2733 den
2806 2673 2893 2733 enkla
2921 2673 2998 2733 kista
3027 2673 3059 2733 av
3088 2672 3236 2732 ohyvlade

977 2703 1097 2763 bjuda.
1148 2700 1239 2760 Stort
1270 2701 1324 2761 som
1376 2700 1491 2760 smätt.
1537 2697 1608 2757 Han
1649 2697 1754 2757 tyckte

182 2706 529 2766 morgonpromenad.

2564 2727 2623 2787 der
2647 2727 2658 2787 i
2677 2724 2795 2784 vilken,
2813 2724 2907 2784 enligt
2932 2724 3032 2784 judisk
3062 2723 3156 2783 ritual
3175 2720 3221 2780 och

1777 2728 1844 2788 idel
1868 2727 2090 2787 diagnoserl'»

972 2753 1011 2813 om
1056 2753 1150 2813 glada
1185 2751 1308 2811 färger,
1334 2750 1408 2810 gott
1433 2748 1497 2808 vin,
1518 2747 1631 2807 vackra
1666 2747 1754 2807 män¬

2568 2778 2644 2838 egen
2688 2774 2829 2834 önskan,
2866 2774 2985 2834 Arthur
3022 2772 3191 2832 Schnitzler
3227 2770 3255 2830 vi

977 2801 1110 2861 niskor,
1140 2801 1199 2861 god
1240 2801 1323 2861 mat.
1378 2798 1442 2858 Allt
1477 2798 1546 2858 utan
1591 2795 1758 2855 överdrift.

2564 2825 2624 2885 till
2649 2824 2704 2884 den
2735 2822 2814 2882 sista
2846 2822 2949 2882 vilan.

979 2852 1045 2912 Och
1079 2852 1136 2912 han
1170 2852 1227 2912 var
1256 2849 1409 2909 godheten
1443 2849 1495 2909 och
1529 2846 1749 2906 försyntheten

228 2867 307 2927 »Ett
330 2865 398 2925 stick
427 2866 438 2926 1
462 2864 598 2924 hjärtat,
615 2861 955 2921 tredjeklass-begrav-

2765 2872 2838 2932 Elsa
2873 2873 3256 2933 Björkman-Ooldschmie

983 2904 1064 2964 själv
1094 2898 1107 2958 —
1170 2898 1223 2958 det
1252 2902 1372 2962 önskar
1406 2900 1458 2960 jag
1493 2897 1540 2957 att
1574 2897 1631 2957 alla
1666 2897 1752 2957 män-

1822 2905 1997 2965 Schnitzler
2032 2903 2085 2963 som
2140 2903 2274 2963 wienare
2315 2902 2463 2962 tillhörde
2498 2900 2544 2960 ett

182 2919 281 2979 ning,
302 2920 371 2980 inga
406 2915 560 2975 kransar,
581 2915 655 2975 inga
685 2912 898 2972 sorgkläder»

982 2950 1094 3010 niskor
1128 2950 1216 3010 skola
1259 2950 1286 3010 få
1325 2948 1413 3008 veta.
1465 2947 1638 3007 Tomheten
1681 2944 1741 3004 efte

1778 2953 1863 3013 Wien
1894 2953 1943 3013 som
1984 2953 2064 3013 gâtt.
2105 2953 2191 3013 Hans
2217 2950 2373 3010 gestalter
2393 2950 2428 3010 ha
2459 2950 2544 3010 inget

184 2968 275 3028 dessa
317 2965 504 3025 uttryckliga
546 2962 788 3022 bestämmelser
820 2960 957 3020 angåen¬

1773 3005 1827 3065 att
1848 3004 1928 3064 göra
1960 3004 2025 3064 med
2056 3004 2110 3064 den
2146 3002 2202 3062 nya
2233 3001 2454 3061 sakligheten,
2475 3000 2545 3060 fun¬

182 3018 219 3078 de
246 3016 324 3076 hans
346 3016 420 3076 sista
447 3015 515 3075 färd
542 3014 610 3074 fann
643 3013 706 3073 man
733 3013 743 3073 i
765 3012 955 3072 Schnitzlers
988 3001 1093 3061 honom
1146 2998 1183 3058 är
1221 2998 1442 3058 obeskrivlig.

1012 3049 1192 3109 Schnitzler
1240 3049 1401 3109 arbetade
1449 3046 1533 3106 alltid
1586 3046 1737 3106 samtidig

1778 3053 1841 3113 kis,
1867 3053 1954 3113 radio
1989 3052 2038 3112 och
2078 3052 2475 3112 flygkommunikationer.
2495 3049 2544 3109 De

186 3064 418 3124 efterlämnade
448 3066 569 3126 papper

979 3102 1049 3162 med
1103 3099 1178 3159 flera
1233 3099 1404 3159 arbeten»,
1448 3094 1588 3154 berättar
1638 3094 1745 3154 fröken
1783 3100 1836 3160 äro
1864 3102 1923 3162 alla
1956 3101 2085 3161 wienare
2113 3100 2252 3160 omkring
2285 3100 2484 3160 sekelskiftet

225 3115 315 3175 »Det
335 3115 370 3175 är
397 3115 426 3175 så
457 3114 512 3174 likt
533 3112 709 3172 doktorn»,
730 3112 825 3172 säger
851 3110 951 3170 fröker

981 3150 1094 3210 Pollak
1123 3149 1248 3209 vidare.
1288 3147 1372 3207 »Han
1401 3146 1543 3206 brukade
1572 3144 1633 3204 läsa
1662 3144 1759 3204 minst
1788 3152 1861 3212 även
1890 3153 1923 3213 de
1952 3153 2003 3213 som
2043 3151 2167 3211 skrivits
2196 3150 2355 3210 betydligt
2378 3150 2485 3210 senare

178 3165 316 3225 Pollak,
336 3165 390 3225 som
435 3163 449 3223 i
469 3162 548 3222 över
578 3162 612 3222 20
642 3161 676 3221 år
706 3162 789 3222 varit
820 3161 942 3221 Schnitz

983 3201 1025 3261 tre
1055 3198 1175 3258 böcker
1199 3198 1237 3258 på
1266 3198 1300 3258 en
1329 3198 1434 3258 gång.
1474 3195 1516 3255 På
1545 3195 1665 3255 samma
1695 3195 1747 3255 sät

1778 3203 1832 3263 och
1862 3202 1895 3262 de
1921 3201 2048 3261 problem
2088 3201 2141 3261 han
2166 3200 2342 3260 behandlar
2367 3198 2436 3258 röra
2466 3198 2548 3258 mest

187 3215 251 3275 lers
282 3216 392 3276 trogna
428 3213 710 3273 medarbeterska,
735 3213 805 3273 »jag
841 3210 936 3270 känne

178 3265 341 3325 knappast
376 3267 477 3327 någon
518 3262 682 3322 människa
716 3261 772 3321 som
824 3261 880 3321 var
915 3258 948 3318 så
977 3250 1061 3310 hade
1090 3249 1147 3309 han
1181 3249 1209 3309 en
1244 3248 1385 3308 underlig
1419 3246 1560 3306 förmága
1595 3244 1640 3304 att
1663 3245 1680 3305 i
1697 3247 1748 3307 sig
1782 3250 1833 3310 det
1862 3252 1946 3312 forna
1981 3251 2184 3311 österrikiska
2213 3249 2467 3309 sällskapslivèt,
2491 3247 2541 3307 äro

1773 3303 1812 3363 ej
1837 3302 1950 3362 frågor
1980 3300 2035 3360 som
2079 3300 2173 3360 skaka
2208 3299 2395 3359 samhällets
2430 3298 2548 3358 grund-

182 3316 366 3376 personligt
388 3313 594 3373 anspräkslos
616 3312 669 3372 som
706 3312 785 3372 han.
823 3311 881 3371 För
902 3311 960 3371 sitt
987 3301 1130 3361 upptaga
1162 3300 1219 3360 det
1246 3298 1447 3358 förgångna,
1474 3296 1526 3356 det
1559 3294 1754 3354 närvarande

980 3347 1038 3407 och
1075 3348 1127 3408 det
1160 3347 1365 3407 kommande.
1407 3344 1502 3404 Detta
1539 3344 1591 3404 kan
1629 3344 1749 3404 kanske
1782 3351 1887 3411 valar.
1930 3350 2019 3410 Hans
2057 3349 2288 3409 författarskap
2331 3348 2388 3408 var
2420 3347 2451 3407 en
2484 3346 2546 3406 tre¬

185 3365 296 3425 arbete
326 3363 465 3423 önskade
494 3362 549 3422 han
578 3362 746 3422 framgång
775 3360 831 3420 och
864 3359 957 3419 kände

987 3403 1021 3463 pä
1056 3401 1159 3461 nägot
1184 3398 1252 3458 sätt
1277 3397 1365 3457 tjäna
1400 3395 1454 3455 som
1498 3395 1670 3455 förklaring
1705 3395 1753 3455 föi

1779 3401 1897 3461 klang:
1923 3399 1995 3459 lek,
2022 3398 2124 3458 kärlek
2162 3398 2212 3458 och
2254 3398 2336 3458 död.
2383 3398 2445 3458 »Vi
2476 3398 2543 3458 leka

186 3416 247 3476 nog
281 3415 310 3475 en
339 3415 410 3475 djup
444 3412 592 3472 bitterhet
616 3410 688 3470 över
717 3413 764 3473 att
784 3410 860 3470 hans
889 3410 956 3470 verl

984 3449 1042 3509 det
1069 3449 1290 3509 egendomliga
1328 3446 1523 3506 förhâllande
1555 3445 1607 3505 som
1655 3443 1755 3503 rådde
1787 3451 1845 3511 alla
1872 3449 1887 3509 —
1940 3448 1993 3508 den
2025 3448 2077 3508 som
2120 3448 2172 3508 vet
2199 3446 2252 3506 det
2279 3446 2310 3506 är
2342 3447 2442 3507 klok.»

181 3472 219 3532 pà
258 3464 378 3524 sistone
417 3464 446 3524 ej
480 3461 552 3521 togs
586 3462 677 3522 emot
707 3461 740 3521 så
779 3461 832 3521 som
885 3461 947 3521 förr

984 3500 1099 3560 mellan
1130 3497 1310 3557 Schnitzler
1336 3497 1392 3557 och
1422 3497 1502 3557 hans
1528 3496 1558 3556 f.
1579 3494 1613 3554 d.
1634 3494 1744 3554 hustru

1812 3500 1881 3560 Pen
1912 3499 1921 3559 i
1942 3498 2036 3558 dessa
2061 3500 2126 3560 små
2151 3497 2280 3557 problem
2326 3497 2380 3557 var
2406 3497 2549 3557 Schnitz¬

185 3515 255 3575 Men
289 3515 491 3575 personligen
524 3512 581 3572 var
605 3512 665 3572 han
699 3511 948 3571 anspräkslöshe

1018 3557 1105 3617 Efter
1147 3556 1199 3616 ett
1235 3556 1312 3616 nära
1360 3556 1540 3616 tjuguärigt
1572 3553 1742 3613 äktenskap
1779 3549 1820 3609 ler
1851 3547 2063 3607 obönhörligt
2090 3546 2280 3606 sannigskär
2317 3544 2368 3604 och
2405 3547 2462 3607 han
2504 3543 2550 3603 vi¬

191 3565 240 3625 ten
276 3565 371 3625 själv.
417 3562 482 3622 Han
518 3562 588 3622 gick
624 3562 724 3622 aldrig
755 3563 795 3623 på
826 3560 946 3620 premiä

185 3613 241 3673 rer
261 3613 289 3673 t.
309 3612 360 3672 ex.
375 3612 389 3672 —
437 3611 503 3671 ville
533 3612 613 3672 helst
633 3610 694 3670 inte
718 3610 818 3670 synas
843 3610 852 3670 —
905 3610 957 3670 var
986 3607 1133 3667 lämnade
1157 3607 1204 3667 fru
1233 3607 1309 3667 Olga
1338 3607 1514 3667 Schnitzler
1539 3604 1586 3664 för
1610 3602 1753 3662 omkring
1782 3600 1857 3660 sade
1891 3598 1982 3658 också
2016 3595 2063 3655 att
2087 3595 2144 3655 han
2178 3596 2296 3656 vågade
2330 3595 2373 3655 stå
2406 3595 2458 3655 för
2487 3595 2539 3655 vad

987 3658 1024 3718 tio
1054 3658 1091 3718 ár
1116 3657 1211 3717 sedan
1240 3656 1282 3716 sin
1312 3655 1402 3715 man,
1421 3655 1488 3715 sina
1517 3655 1564 3715 två
1593 3652 1665 3712 barn
1699 3651 1751 3711 och
1785 3649 1841 3709 han
1871 3649 1966 3709 sade.
2000 3648 2186 3708 Nuförtiden
2215 3645 2334 3705 skratta
2363 3645 2396 3705 vi
2416 3646 2449 3706 ât
2468 3646 2544 3706 hans

189 3664 357 3724 förtvivlad
385 3664 463 3724 över
486 3663 535 3723 att
559 3662 623 3722 man
655 3661 888 3721 föranstaltade
916 3657 952 3717 fir

190 3714 263 3774 ning
293 3714 322 3774 av
347 3712 425 3772 hans
450 3712 537 3772 snart
557 3712 748 3772 inträffande
773 3711 964 3771 70-Arsdag.
984 3709 1042 3769 sitt
1067 3707 1125 3767 hem
1170 3706 1219 3766 för
1249 3706 1297 3766 att
1322 3706 1414 3766 börja
1449 3706 1493 3766 ett
1518 3704 1591 3764 nytt
1611 3702 1654 3762 liv
1684 3702 1752 3762 med
1783 3699 1890 3759 novell
1915 3697 2091 3757 »Leutnant
2116 3697 2223 3757 Gustl»
2248 3696 2262 3756 —
2317 3695 2375 3755 där
2400 3694 2458 3754 han
2488 3691 2532 3751 löj

191 3764 257 3824 Och
291 3763 348 3823 det
377 3763 433 3823 var
462 3761 533 3821 äkta
567 3759 581 3819 —
639 3761 700 3821 inte
734 3762 833 3822 någon
872 3759 967 3819 pose.
987 3758 1024 3818 en
1054 3757 1115 3817 ung
1144 3756 1301 3816 musiker.
1339 3753 1434 3813 Detta
1463 3751 1658 3811 förhållande
1687 3751 1758 3811 blev
1787 3749 1892 3809 liggör
1921 3745 2139 3805 duellerandet
2168 3743 2177 3803 —
2240 3742 2273 3802 vi
2302 3744 2387 3804 tycka
2426 3744 2463 3804 på
2497 3744 2539 3804 sin

1779 3799 1854 3859 höjd
1880 3796 1925 3856 att
1951 3795 2001 3855 det
2022 3795 2052 3855 är
2077 3795 2108 3855 en
2133 3795 2239 3855 fyndig
2270 3795 2361 3855 satir,
2382 3794 2421 3854 ett
2442 3792 2553 3852 lyckat

185 3810 251 3870 Det
271 3815 323 3875 vet
348 3815 395 3875 jag
429 3813 544 3873 kanske
574 3810 674 3870 bättre
708 3813 741 3873 än
771 3811 871 3871 någon
905 3807 1159 3867 an-emellertid
1198 3807 1236 3867 av
1275 3805 1347 3865 kort
1381 3804 1587 3864 varaktighet
1616 3801 1668 3861 och
1712 3799 1745 3859 de

984 3857 1047 3917 har
1067 3856 1130 3916 ofta
1160 3855 1248 3915 sagts
1273 3855 1322 3915 att
1342 3855 1395 3915 hon
1430 3852 1523 3912 gärna
1548 3852 1645 3912 skulle
1676 3851 1758 3911 velat
1783 3848 1905 3908 skämt.
1945 3844 2013 3904 Men
2044 3844 2077 3904 på
2107 3844 2161 3904 den
2191 3845 2268 3905 tiden
2303 3843 2381 3903 hade
2411 3843 2464 3903 den
2494 3839 2552 3899 all¬

187 3864 277 3924 nan.

1779 3897 1900 3957 varliga
1931 3895 2062 3955 följder.
2098 3894 2274 3954 Schnitzler
2301 3894 2478 3954 inkallades
2503 3891 2548 3951 in-

990 3906 1184 3966 àterkomma
1215 3904 1263 3964 till
1282 3903 1458 3963 Schnitzler
1485 3903 1582 3963 under
1605 3900 1662 3960 alla
1693 3899 1759 3959 des¬

228 3912 506 3972 »Dödsaningar?
552 3911 603 3971 Ja,
624 3909 674 3969 det
700 3909 776 3969 hade
807 3909 862 3969 han
893 3910 948 3970 nog

1780 3944 1830 4004 för
1860 3944 1890 4004 en
1926 3944 2184 4004 militärdomstol
2210 3937 2225 3997 —
2281 3941 2336 4001 hon
2372 3941 2427 4001 var
2458 3943 2528 4003 rege

195 3959 254 4019 l'ör
280 3960 309 4020 en
335 3959 370 4019 tid
395 3959 490 4019 sedan
516 3960 581 4020 gick
607 3959 661 4019 han
687 3959 787 4019 genom
822 3953 1023 4013 Wiener-sa
1064 3956 1113 4016 àr.
1159 3952 1339 4012 Schnitzler
1376 3950 1510 4010 träffade
1546 3950 1646 4010 henne
1682 3950 1746 4010 ofta

988 4004 1025 4064 de
1051 4002 1251 4062 tillbringade
1278 4001 1304 4061 t.
1320 4001 1356 4061 o.
1373 4001 1419 4061 m.
1436 4001 1599 4061 somrarna
1626 3998 1757 4058 tillsam-
1784 3994 1994 4054 mentsläkare
2021 3989 2037 4049 —
2085 3991 2142 4051 och
2174 3992 2216 4052 ett
2243 3992 2274 4052 s.
2296 3992 2326 4052 k.
2348 3990 2542 4050 »Ehrenrat»

190 4010 273 4070 wald
303 4010 366 4070 med
396 4010 430 4070 en
460 4010 514 4070 god
544 4008 622 4068 vän.
662 4007 814 4067 Plötsligt
834 4006 947 4066 stanna

1779 4043 1982 4103 uppmanade
2011 4043 2112 4103 honom
2152 4040 2203 4100 att
2227 4040 2271 4100 stà
2306 4040 2356 4100 till
2374 4040 2469 4100 svars
2498 4040 2543 4100 för

988 4053 1076 4113 mans
1166 4052 1230 4112 med
1260 4051 1378 4111 barnen
1468 4049 1521 4109 och
1552 4048 1680 4108 numera
1705 4046 1739 4106 ha

197 4063 235 4123 de
263 4061 341 4121 han,
364 4059 475 4119 avbröt
503 4061 547 4121 ett
570 4060 653 4120 glatt
676 4058 798 4118 samtal
821 4058 871 4118 och
905 4055 948 4115 frå

194 4112 301 4172 gade:
324 4110 442 4170 ’Skulle
470 4109 504 4169 du
538 4109 684 4169 fortsätta
718 4109 763 4169 att
792 4108 825 4168 gå
859 4107 892 4167 på
927 4106 954 4166 så
995 4103 1062 4163 man
1091 4103 1152 4163 fått
1175 4103 1248 4163 höra
1277 4102 1321 4162 att
1344 4100 1400 4160 han
1429 4100 1530 4160 insatt
1547 4097 1648 4157 henne
1677 4096 1761 4156 sam-
1785 4094 1835 4154 att
1858 4093 1908 4153 han
1937 4091 2054 4151 skadat
2078 4091 2128 4151 den
2156 4091 2285 4151 kaiserl.
2309 4091 2336 4151 u.
2359 4091 2477 4151 königl.
2500 4086 2544 4146 ar¬

1784 4144 1870 4204 méns
1913 4144 2070 4204 prestige.
2113 4138 2292 4198 Schnitzler
2325 4138 2465 4198 vägrade
2503 4135 2546 4195 att

195 4159 254 4219 här
280 4159 420 4219 muntert
446 4159 481 4219 om
521 4159 561 4219 du
592 4158 656 4218 med
692 4156 843 4216 säkerhet
868 4154 963 4214 visste
995 4153 1089 4213 tidigt
1115 4153 1180 4213 med
1210 4150 1306 4210 sonen
1337 4150 1346 4210 i
1367 4150 1426 4210 sitt
1447 4147 1648 4207 testamente.
1689 4145 1753 4205 Mer

988 4203 1203 4263 äterupptaga
1254 4198 1489 4258 gemenskapen
1540 4196 1604 4256 med
1645 4194 1765 4254 henne,
1786 4192 1921 4252 förklara
1952 4193 2021 4253 sig,
2042 4192 2187 4252 likaledes
2213 4192 2262 4252 att
2288 4191 2353 4251 med
2383 4190 2418 4250 en
2448 4189 2548 4249 duell¬

186 4210 249 4270 it
271 4210 303 4270 du
335 4210 376 4270 vid
409 4207 509 4267 denna
536 4207 658 4267 vägens
679 4205 748 4265 slut
770 4207 865 4267 skulle
892 4206 949 4266 upp
