3392 4256
382 372 968 432 Schnitzler's
1038 377 1267 437 Death

196 1218 260 1278 jen,
288 1222 363 1282 eine
408 1223 499 1283 Welt
532 1225 597 1285 der
631 1229 891 1289 Genießenden
935 1233 999 1293 und

198 1271 431 1331 gungsfrohen
463 1274 527 1334 und
559 1278 830 1338 Arbeitenden.
852 1282 926 1342 Und
958 1282 1010 1342 als

196 1317 288 1377 tzler
315 1320 423 1380 neben
456 1323 526 1383 ihr,
543 1326 661 1386 lenkte
689 1327 742 1387 die
770 1329 932 1389 Drähte.
949 1332 997 1392 Da

198 1368 212 1428 s
243 1371 504 1431 beschränkten
540 1374 650 1434 Leute
681 1376 745 1436 und
781 1379 836 1439 ihr
867 1380 1002 1440 kleines

193 1419 262 1479 ck,
298 1421 363 1481 und
405 1423 505 1483 jene,
546 1425 601 1485 die
637 1425 722 1485 dort
763 1430 1009 1490 einbrachen:

198 1465 249 1525 sch
280 1468 342 1528 und
379 1471 622 1531 verführend:
643 1476 875 1536 Parazelsus,
892 1479 1005 1539 Casa¬

193 1517 314 1577 pefahr
341 1517 351 1577 —
399 1520 633 1580 „Sicherheit
654 1523 696 1583 ist
723 1527 909 1587 nirgends.
930 1529 1004 1589 Wir

193 1565 219 1625 t
242 1565 371 1625 klug“.
393 1568 463 1628 Für
496 1571 587 1631 diese
626 1576 891 1636 Verstörungen
929 1579 994 1639 und

193 1614 271 1674 ucht
299 1616 362 1676 aus
400 1618 463 1678 dem
511 1622 728 1682 Gleichmaß
772 1627 835 1687 und
878 1628 999 1688 Alltag

191 1664 319 1724 Farben
358 1666 422 1726 wie
457 1670 530 1730 kein
565 1673 742 1733 anderer;
772 1676 835 1736 und
875 1679 998 1739 immer

196 1714 231 1774 h,
263 1714 444 1774 unruhig,
476 1720 734 1780 Lebenszweck
782 1725 812 1785 im
870 1727 1009 1787 Genußt

196 1767 220 1827 I,
246 1764 438 1824 duelliert,
464 1768 650 1828 ermordet
681 1774 792 1834 wird,
823 1775 888 1835 mit
919 1777 984 1837 dem

193 1810 235 1870 bt.
251 1813 404 1873 Anatol,
421 1816 484 1876 der
511 1819 611 1879 nicht
633 1821 670 1881 an
702 1826 1004 1886 Bürgerlichkeit

239 1860 339 1920 Volke
384 1864 489 1924 keine
540 1869 696 1929 anderen
737 1876 988 1936 Beziehungen

195 1908 251 1968 der
283 1910 354 1970 eine
386 1914 478 1974 Frau
509 1915 581 1975 sich
617 1920 679 1980 aus
710 1922 771 1982 dem
818 1925 998 1985 dunklen,

180 1959 224 2019 jen
260 1961 376 2021 Tiefen
412 1965 548 2025 einmal
569 1968 690 2028 sucht.
710 1970 806 2030 Doch
837 1973 923 2033 auch
953 1974 993 2034 da

189 2008 357 2068 lschaft“
395 2013 525 2073 bleibt.
553 2018 590 2078 Im
645 2020 987 2080 Unterbewußtsein

186 2061 250 2121 cht
275 2061 465 2121 ausnützt,
486 2066 632 2126 erotisch
667 2070 853 2130 überreizt
878 2075 937 2135 ist,
957 2073 986 2133 in

219 2108 376 2168 edelsten
417 2114 544 2174 Genuß
584 2117 766 2177 verkennt
796 2121 865 2181 und
900 2123 983 2183 eben

182 2157 244 2217 ch,
271 2161 424 2221 Familie
462 2164 625 2224 dadurch
668 2169 815 2229 ersetzt,
842 2174 926 2234 daßt
953 2173 989 2233 er

185 2207 260 2267 UUnd
304 2209 347 2269 am
401 2213 503 2273 Ende
542 2216 665 2276 einsam
726 2220 909 2280 verdirbt.
942 2222 984 2282 So

188 2258 287 2318 liche
321 2261 615 2321 Gerechtigkeit.

192 2305 220 2365 in
267 2308 364 2368 Werk
406 2311 475 2371 sich
516 2314 689 2374 gemüht,
719 2318 817 2378 jedem
875 2321 985 2381 Motiv

186 2356 287 2416 chen
324 2362 631 2422 Schlupfwinkel
661 2369 894 2429 verfolgend,
916 2371 981 2431 und

214 2407 371 2467 sprach,
396 2410 430 2470 so
465 2413 602 2473 konnte
637 2413 671 2473 es
701 2416 775 2476 sich
814 2420 991 2480 begeben,

185 2455 340 2515 forteilte
371 2458 436 2518 und
471 2461 501 2521 in
537 2460 597 2520 der
633 2466 808 2526 zahllosen
844 2470 984 2530 Schub¬

230 2505 480 2565 herausholte,
519 2511 596 2571 was
640 2512 678 2572 er
722 2517 881 2577 darüber
930 2518 987 2578 ge¬

222 2554 361 2614 notiert
387 2559 506 2619 hatte.
527 2562 604 2622 Und
640 2564 717 2624 man
755 2565 852 2625 hatte
883 2569 976 2629 dann

201 2604 296 2664 eines
322 2607 454 2667 großen
485 2610 596 2670 Herrn
632 2613 692 2673 der
718 2616 986 2676 Wissenschaft

195 2652 258 2712 der
290 2658 475 2718 Gefühle,
497 2661 554 2721 die
592 2664 707 2724 Ironie
745 2664 771 2724 in
814 2667 876 2727 den
914 2667 977 2727 Be¬

174 2699 305 2759 Frau
333 2704 342 2764 —
391 2706 469 2766 aufs
491 2711 612 2771 tiefste
639 2713 702 2773 und
729 2716 887 2776 zugleich
919 2717 982 2777 an¬

172 2753 344 2813 gestaltet
365 2753 379 2813 —
429 2759 542 2819 waren
572 2762 784 2822 Domänen,
805 2765 833 2825 in
863 2768 972 2828 denen

179 2804 334 2864 Sätzen,
360 2807 416 2867 die
454 2808 665 2868 gewichtlos
702 2813 743 2873 zu
780 2816 971 2876 schweben

168 2852 219 2912 gen
271 2855 337 2915 und
379 2858 657 2918 Erkenntnisse,
694 2863 750 2923 die
797 2863 869 2923 nur
910 2866 972 2926 der

169 2902 282 2962 ihlte.
299 2902 428 2962 Dieses
455 2908 719 2968 aufmerkende
747 2913 973 2973 Schnitzler¬

169 2953 223 3013 n,
239 2953 335 3013 hatte
361 2955 447 3015 auch
478 2956 533 3016 die
559 2959 619 3019 aus
645 2962 862 3022 politischen
894 2965 979 3025 oder

173 3001 378 3061 strebenden
431 3006 461 3066 in
498 3010 703 3070 Österreich
756 3013 967 3073 allmählich

187 3052 287 3112 ihren
313 3053 483 3113 Dichter,
499 3059 701 3119 erkannten
732 3060 782 3120 die
812 3063 973 3123 Wesens¬

173 3156 216 3216 hn
254 3156 318 3216 den
357 3159 508 3219 Dichter
547 3162 606 3222 der
639 3168 964 3228 österreichischen

169 3205 215 3265 In,
236 3207 271 3267 da
303 3207 338 3267 er
365 3209 447 3269 doch
478 3213 633 3273 Dichter
659 3215 751 3275 war,
772 3219 973 3279 Gestalter,

171 3251 203 3311 e,
220 3255 279 3315 fiel
302 3256 350 3316 die
378 3260 660 3320 Beschränkung
687 3263 752 3323 auf
775 3266 833 3326 den
867 3266 969 3326 Kreis

169 3302 208 3362 b,
234 3305 300 3365 und
341 3305 411 3365 was
442 3309 497 3369 ihm
549 3311 588 3371 an
630 3312 740 3372 Weite
772 3317 973 3377 mangelte,

168 3353 192 3413 te
228 3353 273 3413 ist
304 3355 328 3415 in
364 3357 595 3417 Österreichs
631 3365 852 3425 Verarmung
888 3368 953 3428 sein

162 3404 213 3464 bch
249 3404 322 3464 sein
358 3407 513 3467 Dichter
555 3410 616 3470 ist,
648 3415 756 3475 indem
814 3416 849 3476 er
891 3416 968 3476 ent¬

157 3454 342 3514 Ausdruck
374 3457 466 3517 einer
493 3463 740 3523 vergangenen
777 3464 885 3524 Welt.
901 3466 962 3526 Als

169 3505 318 3565 chöpfer
344 3506 400 3566 der
422 3511 746 3571 österreichischen
778 3517 968 3577 Moderne,

1476 380 1608 440 box
1688 385 1922 445 43/16

1333 1235 1435 1295 heute
1467 1237 1543 1297 mag
1575 1237 1606 1297 er
1637 1238 1699 1298 den
1735 1243 1833 1303 einen
1869 1243 1921 1303 als
1947 1246 2168 1306 unmodern,
2195 1249 2246 1309 len
2283 1250 2436 1310 anderen
2474 1253 2525 1313 als
2551 1253 2741 1313 Klassiker

1335 1286 1469 1346 gelten,
1495 1287 1525 1347 so
1560 1287 1655 1347 rasch
1697 1290 1776 1350 ging
1817 1291 1882 1351 und
1922 1294 2063 1354 verging
2104 1297 2193 1357 diese
2229 1300 2395 1360 Epoche.
2421 1302 2465 1362 Er
2496 1303 2581 1363 aber
2616 1303 2736 1363 wurde

1332 1332 1459 1392 immer
1484 1332 1581 1392 mehr
1607 1335 1635 1395 in
1665 1338 1738 1398 ihr,
1758 1338 1826 1398 was
1856 1339 1890 1399 er
1910 1341 1998 1401 stets
2023 1343 2115 1403 war:
2136 1344 2194 1404 der
2219 1347 2390 1407 Dichter.
2405 1349 2517 1409 Schon
2547 1350 2728 1410 äußterlich

1327 1383 1417 1443 trotz
1456 1383 1570 1443 seiner
1609 1385 1747 1445 kleinen
1786 1389 2044 1449 gedrungenen
2082 1392 2230 1452 Gestalt
2259 1396 2325 1456 mit
2359 1398 2473 1458 seinem
2531 1401 2731 1461 mächtigen

1326 1431 1481 1491 schönen
1517 1434 1638 1494 Kopf,
1669 1437 1734 1497 den
1770 1439 2093 1499 geistfunkelnden
2129 1443 2230 1503 ernst
2265 1446 2482 1506 lächelnden
2519 1449 2639 1509 Augen
2690 1450 2740 1510 als

1327 1482 1483 1542 Dichter
1513 1485 1743 1545 legitimiert.
1768 1488 2086 1548 Unerschrocken,
2126 1491 2174 1551 wo
2209 1493 2243 1553 es
2277 1494 2370 1554 galt,
2405 1497 2458 1557 die
2493 1497 2625 1557 Rechte
2674 1497 2732 1557 der

1325 1529 1634 1589 Menschlichkeit
1655 1535 1718 1595 und
1748 1534 1807 1594 des
1832 1535 1969 1595 Geistes
1994 1537 2028 1597 zu
2058 1541 2225 1601 wahren:
2240 1541 2294 1601 er,
2310 1541 2368 1601 der
2393 1545 2741 1605 Liebelei-Dichter,

1324 1580 1484 1640 schreibt
1510 1581 1626 1641 seinen
1661 1583 1868 1643 „Professor
1894 1588 2141 1648 Bernhardi“",
2162 1589 2221 1649 das
2247 1592 2353 1652 Stück
2389 1594 2479 1654 ohne
2505 1595 2666 1655 Frauen,
2686 1595 2736 1655 als

1328 1630 1467 1690 Kampf
1493 1629 1548 1689 der
1574 1631 1684 1691 freien
1710 1635 2022 1695 Menschlichkeit
2037 1637 2143 1697 gegen
2173 1640 2414 1700 dogmatische
2440 1645 2741 1705 Beschränkung.

1318 1679 1352 1739 In
1387 1679 1505 1739 seiner
1530 1679 1657 1739 letzten
1692 1683 1913 1743 Geschichte
1943 1685 1997 1745 die
2027 1688 2175 1748 Gebiete
2210 1686 2268 1746 des
2298 1691 2519 1751 Wahnsinns
2549 1694 2613 1754 mit
2638 1694 2736 1754 einer

1326 1728 1446 1788 Kunst
1462 1729 1658 1789 streifend,
1674 1732 1729 1792 die
1755 1732 1789 1792 an
1820 1732 2072 1792 Dostojewski
2088 1735 2218 1795 reicht.
2234 1738 2309 1798 Man
2340 1740 2405 1800 hat
2421 1741 2562 1801 gesagt,
2578 1743 2612 1803 er
2633 1741 2733 1801 ahme

1323 1774 1381 1834 die
1411 1777 1612 1837 Franzosen
1651 1780 1758 1840 nach,
1783 1781 1974 1841 verwende
2009 1785 2067 1845 den
2107 1786 2351 1846 Raisonneur;
2376 1789 2463 1849 aber
2493 1791 2547 1851 all
2572 1792 2644 1852 dies
2674 1792 2737 1852 fiel

1323 1828 1448 1888 längst
1468 1826 1529 1886 von
1559 1828 1614 1888 ihm
1655 1830 1720 1890 ab,
1741 1831 1800 1891 und
1831 1833 1962 1893 immer
1988 1834 2082 1894 mehr
2108 1837 2219 1897 drang
2249 1837 2279 1897 er
2305 1837 2335 1897 in
2366 1838 2425 1898 das
2451 1840 2587 1900 „Weite
2612 1841 2732 1901 Land'

1328 1873 1389 1933 der
1415 1876 1533 1936 Seele,
1549 1879 1625 1939 ging
1662 1879 1692 1939 er
1719 1882 1831 1942 leicht
1858 1883 2119 1943 erschaudernd
2156 1887 2212 1947 den
2248 1888 2448 1948 „einsamen
2485 1893 2608 1953 Weg“:
2634 1891 2726 1951 „Den

1329 1923 1405 1983 Weg
1433 1926 1532 1986 hinab
1560 1926 1670 1986 gehen
1698 1926 1758 1986 wir
1781 1930 1847 1990 alle
1869 1932 2012 1992 allein.“
2035 1932 2150 1992 Neben
2179 1935 2244 1995 sich
2272 1935 2332 1995 den
2361 1938 2448 1998 Tod,
2466 1940 2735 2000 Weggefahrte,

1323 1974 1390 2034 den
1424 1974 1458 2034 er
1487 1976 1636 2036 niemals
1666 1977 1820 2037 vergaß.

1386 2025 1463 2085 Sein
1491 2025 1618 2085 letzter
1641 2025 1723 2085 Satz
1746 2029 1784 2089 an
1818 2031 1933 2091 mich:
1956 2034 2083 2094 „Wann
2117 2033 2233 2093 werde
2261 2036 2310 2096 ich
2338 2037 2476 2097 endlich
2510 2037 2565 2097 die
2587 2037 2725 2097 Freude

1320 2072 1453 2132 haben,
1475 2073 1531 2133 Sie
1562 2077 1897 2137 wiederzuschen?“
1929 2082 2150 2142 Erinnerung
2186 2085 2222 2145 an
2259 2085 2340 2145 viele
2372 2085 2454 2145 gute
2480 2088 2665 2148 Stunden,
2687 2090 2722 2150 da

1319 2120 1383 2180 das
1414 2121 1600 2181 Gespräch
1641 2123 1705 2183 wie
1741 2127 1816 2187 eine
1852 2129 1937 2189 hohe
1973 2132 2134 2192 Flamme
2169 2132 2234 2192 sich
2275 2135 2516 2195 entzündete.
2542 2137 2616 2197 Und
2652 2135 2722 2195 nun

1318 2169 1386 2229 mit
1416 2171 1479 2231 der
1509 2174 1740 2234 brennenden
1784 2178 1922 2238 Wunde
1957 2180 2005 2240 ist
2030 2180 2064 2240 es
2099 2180 2202 2240 nicht
2227 2183 2314 2243 eben
2349 2184 2482 2244 leicht,
2507 2186 2570 2246 mit
2600 2186 2722 2246 nassen

1319 2219 1440 2279 Augen
1472 2222 1714 2282 abzuwägen,
1730 2225 1851 2285 Urteil
1873 2228 1935 2288 und
1962 2231 2099 2291 Spruch
2131 2232 2436 2292 bereitzuhalten.
2452 2234 2525 2294 Und
2558 2234 2620 2294 mir
2647 2233 2731 2293 fällt

1319 2270 1392 2330 ein,
1422 2270 1485 2330 wie
1520 2270 1554 2330 er
1583 2273 1651 2333 mir
1686 2274 1823 2334 einmal
1848 2279 1970 2339 sagte,
1995 2279 2043 2339 als
2073 2279 2126 2339 ich
2161 2279 2249 2339 über
2283 2280 2332 2340 ein
2367 2281 2479 2341 neues
2509 2284 2728 2344 Schauspiel

1318 2315 1381 2375 von
1416 2320 1469 2380 ihm
1514 2321 1744 2381 geschrieben
1778 2326 1900 2386 hatte:
1925 2328 1998 2388 „Sie
2028 2328 2140 2388 haben
2175 2329 2263 2389 mich
2297 2329 2429 2389 wieder
2459 2332 2595 2392 einmal
2621 2331 2728 2391 über¬

1315 2368 1494 2428 schätzt!“
1526 2369 1628 2429 Ohne
1666 2374 1984 2434 Bescheidenheit,
2005 2377 2165 2437 sachlich
2202 2377 2268 2437 und
2305 2380 2593 2440 unerschüttert.
2619 2383 2716 2443 Denn

1318 2414 1371 2474 er,
1397 2419 1455 2479 der
1485 2419 1538 2479 die
1573 2422 1720 2482 Illusion
1754 2422 1818 2482 der
1848 2425 1950 2485 Liebe
1980 2425 2068 2485 stets
2098 2425 2161 2485 neu
2196 2428 2421 2488 wiedergab,
2447 2431 2569 2491 wurde
2599 2431 2726 2491 immer

1320 2467 1417 2527 mehr
1454 2469 1752 2529 desillusioniert,
1778 2473 1871 2533 kühl
1902 2473 1989 2533 auch
2026 2475 2128 2535 gegen
2170 2475 2236 2535 sich
2273 2478 2401 2538 selbst.
2428 2478 2504 2538 Nun
2541 2478 2612 2538 soll
2639 2481 2715 2541 kein

1315 2516 1448 2576 Pathos
1475 2518 1526 2578 ihn
1558 2519 1779 2579 belästigen,
1801 2520 1862 2580 das
1889 2522 1919 2582 er
1945 2523 2111 2583 maliziös
2137 2525 2348 2585 abgewehrt
2370 2527 2488 2587 hätte.
2510 2529 2581 2589 Wir
2608 2529 2720 2589 haben

1314 2565 1382 2625 nur
1407 2566 1441 2626 zu
1476 2568 1677 2628 erkennen:
1702 2568 1765 2628 der
1790 2572 1942 2632 Dichter
1967 2573 2065 2633 einer
2090 2574 2291 2634 überreifen
2326 2576 2399 2636 Zeit
2429 2577 2492 2637 und
2527 2580 2620 2640 einer
2650 2577 2723 2637 ver-

1313 2616 1498 2676 sunkenen
1540 2618 1787 2678 Gesellschaft
1819 2621 1937 2681 starb.
1963 2622 2087 2682 Einer,
2113 2625 2174 2685 der
2206 2625 2293 2685 ganz
2330 2625 2366 2685 er
2397 2627 2510 2687 selbst
2542 2629 2634 2689 war.
2660 2628 2716 2688 Ein

1320 2666 1501 2726 Feinster.
1518 2667 1552 2727 In
1585 2668 1684 2728 jedem
1729 2669 1862 2729 Sinne:
1885 2669 1945 2729 Ein
1978 2672 2227 2732 Vollendeter.

1313 2808 1452 2868 OSKAR
1488 2808 1663 2868 MAURUS
1693 2811 1897 2871 FONTANA

2310 2822 2401 2882 DAS
2435 2823 2705 2883 BEGRÄBNIS

1379 2872 1430 2932 An
1466 2872 1564 2932 einem
1611 2875 1806 2935 sonnigen,
1832 2875 1950 2935 kalten
1987 2878 2316 2938 Herbstvormittag
2353 2881 2465 2941 haben
2502 2883 2548 2943 sie
2579 2881 2718 2941 Arthur

1308 2923 1514 2983 Schnitzler
1535 2923 1731 2983 begraben.
1747 2924 1788 2984 Er
1809 2926 1907 2986 hatte
1933 2928 1958 2988 in
1985 2927 2098 2987 seinem
2140 2929 2346 2989 Testament
2367 2932 2403 2992 um
2445 2932 2496 2992 ein
2522 2932 2718 2992 Begräbnis

1310 2971 1439 3031 letzter
1465 2973 1586 3033 Klasse
1611 2974 1782 3034 gebeten,
1803 2977 1867 3037 und
1898 2977 1963 3037 daß
1994 2977 2069 3037 man
2100 2978 2140 3038 an
2165 2977 2280 3037 seinem
2327 2980 2411 3040 Sarg
2442 2980 2542 3040 keine
2568 2980 2713 3040 Blumen

1306 3022 1531 3082 niederlege.
1557 3021 1728 3081 Dennoch
1767 3025 1885 3085 waren
1920 3027 2066 3087 Blumen
2101 3028 2336 3088 gekommen.
2361 3028 2434 3088 Aus
2469 3031 2709 3091 Kopenhagen

1312 3073 1399 3133 „von
1425 3071 1512 3131 alten
1543 3071 1775 3131 Freunden“.
1791 3075 1862 3135 Das
1884 3075 2027 3135 gehörte
2054 3076 2089 3136 zu
2115 3075 2203 3135 ihm.
2219 3075 2316 3135 Auch
2342 3077 2393 3137 ein
2419 3076 2548 3136 großer
2569 3078 2718 3138 schöner

1312 3119 1431 3179 Kranz
1462 3120 1527 3180 mit
1553 3120 1643 3180 roten
1679 3120 1789 3180 Rosen
1825 3123 1900 3183 war
1925 3123 2126 3183 abgegeben
2162 3126 2323 3186 worden.
2349 3126 2458 3186 Keine
2489 3129 2645 3189 Schleife
2676 3127 2715 3187 an

1312 3168 1396 3228 ihm.
1422 3168 1497 3228 Wer
1522 3171 1612 3231 diese
1643 3171 1763 3231 letzten
1799 3172 1919 3232 Grüße
1945 3174 2090 3234 sandte,
2111 3174 2181 3234 war
2206 3174 2306 3234 nicht
2327 3177 2593 3237 festzustellen.
2613 3177 2708 3237 Auch

1310 3218 1425 3278 dieses
1452 3219 1657 3279 Schweigen
1695 3219 1758 3279 der
1785 3222 1890 3282 Liebe
1927 3222 1990 3282 und
2027 3225 2285 3285 Dankbarkeit
2312 3225 2454 3285 gehörte
2487 3227 2523 3287 zu
2560 3228 2649 3288 ihm.
2671 3226 2718 3286 Er

1310 3267 1404 3327 hätte
1431 3269 1520 3329 ohne
1547 3269 1637 3329 diese
1669 3270 1838 3330 Blumen,
1854 3272 1907 3332 die
1934 3272 1997 3332 aus
2024 3272 2081 3332 dem
2124 3272 2277 3332 Dunkel
2299 3273 2388 3333 ihm,
2409 3275 2467 3335 der
2494 3276 2547 3336 ins
2568 3275 2721 3335 Dunkel

1302 3319 1409 3379 ging,
1425 3318 1537 3378 stumm
1582 3317 1743 3377 gereicht
1768 3320 1934 3380 wurden,
1954 3322 2052 3382 nicht
2077 3321 2248 3381 begraben
2283 3323 2420 3383 werden
2454 3326 2616 3386 können.

1380 3366 1446 3426 Vor
1472 3368 1528 3428 der
1555 3368 1888 3428 Zeremonienhalle
1915 3371 1976 3431 des
2002 3371 2187 3431 jüdischen
2218 3371 2428 3431 Friedhofes
2460 3374 2629 3434 warteten
2660 3376 2711 3436 die

1303 3416 1572 3476 Schriftsteller
1604 3418 1725 3478 Wiens
1752 3419 1820 3479 und
1858 3419 1911 3479 die
1943 3419 2201 3479 Schauspieler
2233 3421 2349 3481 Wiens
2382 3422 2449 3482 und
2487 3422 2571 3482 viele
2609 3424 2714 3484 Ärzte

1302 3466 1365 3526 auf
1391 3466 1449 3526 den
1479 3468 1581 3528 Sarg.
1597 3469 1823 3529 Schnitzlers
1848 3468 2029 3528 Gestalten
2059 3469 2171 3529 waren
2201 3471 2285 3531 noch
2315 3472 2451 3532 einmal
2472 3474 2717 3534 versammelt.

1299 3517 1381 3577 Man
1423 3517 1520 3577 hörte
1557 3517 1644 3577 viele
1681 3519 1892 3579 tiefsinnige
1929 3520 2151 3580 literarische
2187 3522 2399 3582 Gespräche
2436 3523 2523 3583 über
2560 3523 2704 3583 Sterben

2644 3672 2711 3732 1707
