3436 4384
1467 378 1603 438 box
1671 378 1913 438 43/26

376 388 956 448 Schnitzler's
1024 384 1250 444 Deatl

176 390 301 450 12.

238 680 276 740 de
308 701 698 761 INTRANSIGEANT,

981 709 1052 769 25

202 748 233 808 e
253 760 359 820 100,
386 766 461 826 Rue
500 771 690 831 Réaumur

908 772 1093 832 OCTOERE

492 829 629 889 PARIS
665 834 719 894 2.

959 832 1068 892 1931

240 942 320 1002 LES
370 942 544 1002 TAEIEE

245 1032 302 1092 XX
328 1036 558 1096 Lohement
578 1035 725 1095 d'Arthur
751 1038 943 1098 Schnitzler.

245 1074 482 1134 An
514 1076 602 1136 vient
627 1076 765 1136 d'ouvrir
791 1078 816 1138 le
841 1079 940 1139 testa¬

217 1109 301 1169 ment
322 1109 475 1169 Mtéraire
500 1110 531 1170 du
560 1112 653 1172 grand
678 1113 815 1173 écrivain
844 1115 940 1175 autri¬

211 1142 297 1202 chien
333 1142 452 1202 Arthur
484 1147 677 1207 Schnitzler.
701 1148 728 1208 Il
756 1149 898 1209 contient
926 1153 938 1213 :

216 1178 272 1238 une
296 1178 436 1238 nouvelle
459 1179 576 1239 version
603 1181 633 1241 de
657 1181 687 1241 sa
710 1181 793 1241 pièce
816 1184 827 1244 :
847 1184 941 1244 L'Ap¬

213 1212 264 1272 pel
284 1211 320 1271 de
344 1211 371 1271 la
403 1213 467 1273 V'ie,
487 1215 637 1275 quelques
662 1217 839 1277 fragments
868 1217 935 1277 d'un

213 1245 354 1305 nouveau
382 1247 483 1307 roman
519 1250 605 1310 (sans
633 1250 726 1310 titre)
750 1252 836 1312 ainsi
856 1253 942 1313 qu'u¬

212 1279 244 1339 ne
269 1281 354 1341 pièce
379 1282 411 1342 de
436 1282 558 1342 théâtre
584 1282 595 1342 :
616 1282 652 1342 Le
677 1282 771 1342 Train
796 1285 853 1345 des
874 1284 938 1344 Om¬

213 1315 300 1375 bres.
322 1315 359 1375 La
389 1315 490 1375 partie
524 1315 544 1375 la
579 1315 646 1375 plus
676 1318 835 1378 précleuse
865 1318 940 1378 c'est

217 1348 249 1408 un
282 1350 350 1410 plan
383 1351 676 1411 d’autobiographie
709 1351 737 1411 et
774 1354 831 1414 une
868 1354 936 1414 idée

217 1382 279 1442 très
301 1384 396 1444 vague
418 1384 480 1444 d'un
505 1386 643 1446 scenario
669 1384 702 1444 de
723 1387 810 1447 film,
823 1387 877 1447 tiré
903 1389 936 1449 de

221 1422 246 1482 sa
267 1420 384 1480 célèbre
404 1420 489 1480 plèce
509 1423 528 1483 :
549 1423 587 1483 Le
601 1423 692 1483 jeune
719 1423 882 1483 Medardus

572 1663 628 1723 Dr
638 1659 723 1719 Tes,
734 1653 819 1713 WieE

581 1778 600 1838 2
632 1775 683 1835 5.
706 1778 828 1838 OKT.
851 1770 942 1830 1031

1331 1801 2046 1861 OBSERVER

1417 1850 1443 1910 I.
1457 1853 1577 1913 österr.
1587 1857 1738 1917 behördl.
1748 1862 2051 1922 konzessioniertes

268 1903 522 1963 Ungespielte
553 1898 746 1958 Einakter
785 1895 823 1955 im
878 1892 1047 1952 Nachlaß

1369 1895 1606 1955 Unternehmen
1634 1898 1679 1958 für
1707 1904 2094 1964 Zeltungs-Ausschnitte

1424 1957 1572 2017 WIEN,
1601 1958 1648 2018 I.,
1676 1963 1961 2023 WOLLZEILE
2003 1969 2049 2029 11

540 1963 799 2023 Schnitzlers.

1519 2009 1738 2069 TELEPHON
1770 2014 1947 2074 R-23-0-43

263 2017 279 2077 *
314 2025 370 2085 Die
399 2026 466 2086 erste
495 2026 664 2086 Eröffnung
694 2021 744 2081 von
779 2020 891 2080 Arthur
920 2017 1089 2077 Schnitzlers

235 2077 426 2137 literarischem
462 2074 587 2134 Nachlaß
613 2072 663 2132 hat
689 2071 789 2131 zwei
805 2068 1012 2128 Einakter
1037 2065 1082 2125 zum

232 2126 381 2186 Vorschein
412 2124 556 2184 gebracht.
572 2121 633 2181 Der
660 2119 716 2179 eine
742 2117 778 2177 ist
799 2116 824 2176 in
846 2116 943 2176 Versen
969 2114 1098 2174 geschrie¬

1317 2147 1538 2207 Ausschnitt
1561 2152 1655 2212 aus:

227 2174 281 2234 ben
317 2174 372 2234 und
413 2172 498 2232 spielt
539 2170 563 2230 im
609 2166 871 2226 Dreißigjährigen
907 2163 1012 2223 Krieg,
1048 2160 1093 2220 der

1593 2191 1745 2251 FAAGER
1776 2197 1990 2257 TAGELATT

235 2223 328 2283 zweite
383 2220 520 2280 Einakter
584 2217 667 2277 trägt
722 2214 770 2274 den
835 2212 918 2272 Titel
962 2211 1095 2271 „Haus

238 2268 468 2328 Delorme",
489 2268 571 2328 spielt
601 2266 625 2326 in
660 2264 738 2324 einer
768 2262 1008 2322 Theaterfamilie
1038 2259 1091 2319 und

236 2320 285 2380 hat
316 2319 376 2379 eine
402 2316 542 2376 bekannte
573 2312 809 2372 Schauspielerin
845 2310 945 2370 (Adele
966 2307 1101 2367 Sand¬

233 2367 327 2427 rock)
349 2368 396 2428 zur
418 2365 539 2425 Heldin.
555 2363 618 2423 Das
645 2361 751 2421 Stück,
767 2358 819 2418 vor
841 2358 951 2418 dreißig
978 2357 1088 2417 Jahren

1314 2372 1425 2432 vom:

233 2415 423 2475 geschrieben,
450 2413 529 2473 sollte
560 2410 676 2470 damals
712 2408 736 2468 in
772 2406 872 2466 Berlin
914 2405 963 2465 zur
989 2402 1104 2462 Urauf¬

1463 2411 1490 2471 2
1521 2414 1568 2474 5.
1588 2420 1712 2480 0KT.
1732 2423 1828 2483 1937

238 2465 361 2525 führung
391 2462 534 2522 kommen,
559 2459 711 2519 Schnitzler
742 2457 786 2517 zog
816 2455 840 2515 es
870 2453 948 2513 indes
979 2453 1003 2513 im
1043 2452 1096 2512 letz

233 2512 277 2572 ten
313 2510 490 2570 Augenblick
516 2508 611 2568 zurück
637 2507 692 2567 und
723 2506 773 2566 hat
799 2504 828 2564 es
859 2504 904 2564 bis
935 2503 960 2563 zu
996 2501 1086 2561 seinem

237 2559 314 2619 Tode
344 2558 509 2618 verwahrt.

1273 2608 1318 2668 Im
1356 2602 1543 2662 literarischen
1567 2596 1694 2656 Nachlaß
1718 2596 1890 2656 Schnitzlers
1913 2590 2033 2650 wurden
2064 2588 2153 2648 außer

276 2607 376 2667 Außer
402 2606 452 2666 den
483 2603 640 2663 Einaktern
676 2600 710 2660 ist
736 2601 802 2661 auch
827 2599 877 2659 der
904 2596 1050 2656 Entwurf
1070 2599 1095 2659 zu

1231 2644 1280 2704 den
1315 2644 1387 2704 schon
1422 2638 1593 2698 gemeldeten
1628 2632 1741 2692 Stücken
1786 2632 1854 2692 auch
1893 2630 1966 2690 zwei
2001 2626 2157 2686 Einakter:

238 2656 317 2716 einer
353 2653 555 2713 Komödie
600 2650 741 2710 gefunden
792 2649 928 2709 worden,
969 2647 1014 2707 die
1060 2644 1089 2704 im

1233 2685 1311 2745 einer
1343 2681 1364 2741 in
1400 2678 1501 2738 Versen
1541 2674 1597 2734 aus
1637 2672 1685 2732 dem
1743 2666 2064 2726 Landknechtsmilten,
2099 2662 2152 2722 der

237 2705 369 2765 Peter
398 2701 808 2761 Altenberg=Kreis
837 2698 941 2758 spielen
981 2692 1069 2752 sollte.

1237 2723 1338 2783 zweite
1365 2718 1404 2778 ein
1436 2710 1815 2770 Schauspielerinnenstück,
1833 2707 1921 2767 sowie
1943 2706 1991 2766 der
2018 2701 2159 2761 Entwurf

1232 2762 1315 2822 einer
1342 2757 1483 2817 Komödie
1506 2752 1554 2812 aus
1581 2752 1629 2812 dem
1669 2748 1775 2808 Milieu
1806 2746 1850 2806 der
1877 2743 1995 2803 Wiener
2022 2743 2163 2803 Boheme,

1233 2802 1382 2862 angeblich
1410 2797 1450 2857 ein
1478 2788 1840 2848 Peter=Altenberg=Stoff
1859 2782 1999 2842 gefunden

1261 2891 1322 2951 a

512 2895 1138 2955 DOBSERVE

601 2952 627 3012 I.
641 2953 760 3013 österr.
774 2952 920 3012 behördl.
934 2949 1236 3009 konzessioniertes

556 2994 792 3054 Unternehmen
819 2991 869 3051 für
897 2991 1278 3051 Zeitungs-Ausschnitte

607 3051 755 3111 WIEN,
783 3056 830 3116 I.,
858 3053 1141 3113 WOLLZEILE
1190 3051 1229 3111 11

708 3104 926 3164 TELEPHON
959 3103 1134 3163 R-23-0-43

495 3248 722 3308 Ausschnitt
751 3248 839 3308 aus:

465 3339 586 3399 Wien
634 3337 681 3397 em
735 3332 988 3392 Sonntag,
1036 3325 1215 3385 bend¬

607 3390 866 3450 ausgabe,

701 3448 1052 3508 25.10.19.1

509 3474 619 3534 vom:

574 3651 735 3711 Der
793 3642 1126 3702 Nachlaß

449 3750 741 3810 Arthur
787 3737 1259 3797 Schnitzlers

394 3832 517 3892 Gleich
555 3827 641 3887 nach
679 3824 744 3884 dem
787 3818 889 3878 Tode
922 3813 1057 3873 Arthur
1074 3806 1294 3866 Schnitzlers
1327 3801 1451 3861 wurde

274 3887 331 3947 die
379 3882 585 3942 Nachricht
622 3872 864 3932 kolportiert,
903 3865 970 3925 daß
1008 3863 1076 3923 Dr.
1098 3857 1245 3917 Horch
1288 3852 1351 3912 von
1388 3851 1451 3911 den

279 3933 632 3993 Reinhardtbühnen
670 3922 732 3982 den
759 3917 901 3977 Auftrag
934 3911 1075 3971 erhielt,
1102 3906 1165 3966 den
1203 3901 1450 3961 literarischen

275 3985 440 4045 Nachlaß
479 3977 545 4037 des
573 3973 750 4033 Dichters
778 3967 816 4027 zu
861 3963 1026 4023 sichten.
1077 3957 1154 4017 Wie
1188 3952 1248 4012 wir
1281 3950 1463 4010 erfahren,

280 4033 485 4093 entspricht
534 4027 609 4087 dies
658 4021 761 4081 nicht
805 4016 869 4076 den
908 4010 1135 4070 Tatsachen,
1163 4004 1248 4064 denn
1287 3999 1454 4059 niemand

279 4083 439 4143 anderer
467 4078 516 4138 als
550 4074 704 4134 Richard
744 4063 1108 4123 Beer-Hofmann
1153 4055 1241 4115 wird
1285 4050 1362 4110 dies
1396 4048 1462 4108 be¬

277 4131 441 4191 sorgen.

2287 208 2411 268 irt.

2377 246 2593 306 TELEPHON
2623 221 2796 281 R-23-0-4.

2196 402 2416 462 Ausschnitt
2441 384 2535 444 aus:

2700 518 2789 578 5.
2808 519 2931 579 0KT.
2950 513 3039 573 1937

2232 659 2437 719 Arthur
2472 652 2799 712 Schnitzlers

2332 740 2703 800 literarischer
2743 730 3006 790 Nachlass

2611 805 2740 865 Wien,
2766 804 2817 864 23.
2839 799 2983 859 Oktober

2260 864 2377 924 Arthur
2410 860 2587 920 Schnitzler
2615 857 2674 917 hat
2702 852 2724 912 in
2766 849 2865 909 seinem
2916 846 3029 906 Testa¬

2227 915 2315 975 ment
2342 912 2444 972 seinen
2480 909 2560 969 Sohn
2596 905 2738 965 Heinrich
2769 900 2826 960 zum
2871 896 3035 956 alleinigen

2244 955 2659 1015 Testamentsvollstrecker
2735 949 2792 1009 und
2854 944 3030 1004 Verwalter

2237 1011 2342 1071 seines
2379 1006 2595 1066 literarischen
2640 1001 2830 1061 Nachlasses
2866 994 3042 1054 bestimmt.

2227 1064 2281 1124 Als
2311 1058 2449 1118 Berater
2484 1056 2558 1116 wird
2593 1053 2642 1113 ihm
2687 1050 2795 1110 dabei,
2825 1046 2909 1106 einem
2959 1041 3037 1101 letz¬

2233 1111 2360 1171 willigen
2393 1105 2548 1165 Wunsche
2576 1103 2630 1163 des
2654 1100 2736 1160 toten
2768 1096 2914 1156 Dichters
2943 1091 3043 1151 zufol¬

2232 1164 2287 1224 ge,
2316 1159 2446 1219 Richard
2484 1151 2749 1211 Beer-Hoffmann
2824 1145 2880 1205 zur
2950 1142 3034 1202 Seite

2236 1210 2361 1270 stehen.
2395 1207 2465 1267 Eine
2507 1202 2750 1262 oberflächliche
2783 1195 2932 1255 Sichtung
2980 1190 3035 1250 des

2237 1259 2459 1319 vorhandenen
2491 1252 2654 1312 Materials
2677 1249 2790 1309 ergab,
2809 1246 2863 1306 daß
2896 1244 2958 1304 eine
2991 1241 3044 1301 un¬

2237 1311 2372 1371 geheure
2409 1306 2531 1366 Anzahl
2563 1300 2617 1360 von
2654 1294 2925 1354 Aufzeichnungen
3003 1291 3025 1351 im

2240 1357 2453 1417 Schreibtisch
2485 1353 2539 1413 des
2571 1350 2716 1410 Dichters
2744 1344 2948 1404 aufbewahrt
2971 1339 3052 1399 war.

2302 2331 2345 2391 Es
2373 2331 2487 2391 fanden
2520 2328 2579 2388 sich
2618 2322 2840 2382 verschiedene
2906 2313 3080 2373 Novellen¬

2268 2382 2460 2442 fragmente,
2480 2375 2630 2435 darunter
2660 2372 2722 2432 eine
2752 2369 2934 2429 halbfertige
2964 2363 3084 2423 Novel¬

2278 2433 2317 2493 le,
2343 2432 2388 2492 für
2419 2429 2534 2489 welche
2570 2423 2625 2483 der
2656 2421 2782 2481 Dichter
2812 2417 2857 2477 als
2888 2414 2973 2474 Titel
3004 2411 3084 2471 »Der

2276 2481 2480 2541 Sekundante
2509 2474 2653 2534 gewählt
2681 2471 2780 2531 hatte.
2809 2467 2886 2527 Auch
2926 2464 3008 2524 Teile
3042 2462 3085 2522 ei¬

2274 2532 2332 2592 nes
2363 2529 2475 2589 großen
2510 2525 2648 2585 Romans
2717 2519 2776 2579 und
2850 2516 2913 2576 eine
2988 2511 3086 2571 große

2279 2581 2459 2641 Sammlung
2500 2576 2555 2636 von
2596 2570 2798 2630 Aphorismen
2838 2564 2939 2624 waren
2975 2561 3090 2621 darun¬

2285 2631 2346 2691 ter.
2367 2628 2465 2688 Unter
2496 2625 2553 2685 den
2590 2619 2904 2679 unveröffentlichten
2941 2611 3090 2671 dramati¬

2279 2680 2373 2740 schen
2406 2676 2601 2736 Dichtungen
2639 2671 2745 2731 wurde
2777 2668 2824 2728 ein
2893 2662 3094 2722 Schauspiel,

2286 2728 2412 2788 betitelt
2440 2727 2517 2787 »Zug
2557 2722 2606 2782 der
2640 2719 2828 2779 Schatten-,
2851 2712 3100 2772 sichergestellt,

2290 2780 2342 2840 das
2371 2776 2491 2836 bereits
2520 2773 2610 2833 fertig
2639 2770 2682 2830 ist
2707 2767 2763 2827 und
2831 2764 2931 2824 sogar
2994 2760 3089 2820 schon

2286 2829 2428 2889 mehrere
2463 2824 2541 2884 Male
2572 2818 2802 2878 umgearbeitet
2832 2811 2955 2871 wurde.
3010 2807 3093 2867 Aber

2293 2880 2391 2940 selbst
2417 2876 2441 2936 in
2476 2874 2530 2934 der
2555 2871 2668 2931 letzten
2703 2866 2840 2926 Fassung
2870 2861 2954 2921 hatte
2984 2857 3013 2917 es
3048 2856 3097 2916 der

2289 2928 2418 2988 Dichter
2448 2924 2521 2984 noch
2549 2921 2634 2981 nicht
2658 2917 2702 2977 für
2725 2916 2770 2976 die
2800 2913 2901 2973 Bühne
2930 2907 3105 2967 bestimmt.

2291 2977 2438 3037 Daneben
2478 2972 2541 3032 sind
2577 2970 2650 3030 noch
2689 2964 2816 3024 weitere
2886 2958 3097 3018 dramatische

2288 3026 2479 3086 Fragmente
2511 3021 2713 3081 vorhanden,
2740 3015 2827 3075 deren
2859 3012 3009 3072 Ordnung
3041 3006 3107 3066 viel

2296 3078 2367 3138 Zeit
2393 3076 2411 3136 in
2445 3074 2605 3134 Anspruch
2639 3068 2764 3128 nehmen
2803 3062 2894 3122 wird.

2336 3127 2403 3187 Der
2434 3122 2568 3182 Nachlaß
2606 3119 2660 3179 des
2692 3116 2838 3176 Dichters
2876 3110 2998 3170 enthält
3029 3105 3096 3165 auch

2307 3179 2369 3239 eine
2405 3173 2502 3233 große
2537 3170 2618 3230 Zahl
2647 3169 2698 3229 von
2739 3161 2981 3221 Tagebüchern,
3011 3158 3102 3218 deren

2305 3224 2537 3284 Gesamtinhalt
2570 3219 2635 3279 eine
2711 3212 2976 3272 Autobiographie
3052 3206 3111 3266 des

2305 3275 2450 3335 Dichters
2481 3269 2642 3329 darstellt.
2668 3265 2844 3325 Allerdings
2875 3259 2915 3319 ist
2945 3257 3000 3317 mit
3031 3253 3116 3313 einer

2316 3322 2604 3382 Veröffentlichung
2682 3315 2790 3375 dieser
2842 3307 3109 3367 Autobiographie

2312 3374 2459 3434 vorläufig
2494 3369 2582 3429 nicht
2612 3367 2646 3427 zu
2681 3361 2828 3421 rechnen,
2854 3358 2932 3418 denn
2967 3355 3025 3415 das
3060 3355 3119 3415 Te¬

2307 3424 2446 3484 stament
2479 3418 2637 3478 verbietet
2666 3415 2707 3475 die
2745 3409 2949 3469 Verwertung
2987 3406 3043 3466 des
3071 3402 3117 3462 in¬

2313 3471 2559 3531 teressantesten
2595 3466 2757 3526 Materials
2792 3460 2850 3520 vor
2881 3457 2998 3517 Ablauf
3063 3454 3122 3514 der

2315 3523 2463 3583 nächsten
2500 3519 2634 3579 dreißig,
2660 3517 2685 3577 ja
2717 3515 2742 3575 in
2779 3511 2897 3571 einigen
2934 3507 3036 3567 Fällen
3068 3504 3119 3564 so¬

2324 3579 2383 3639 gar
2405 3573 2514 3633 vierzig
2546 3570 2656 3630 Jahre.

2337 3660 2369 3720 Im
2410 3662 2543 3722 Nachlaß
2577 3665 2763 3725 Schnitzlers
2791 3669 2897 3729 wurde
2931 3672 3004 3732 auch
3031 3675 3091 3735 fol¬

2278 3707 2376 3767 gende
2405 3708 2588 3768 letzwillige
2617 3714 2791 3774 Verfügung
2824 3716 2998 3776 gefunden:

2287 3757 2575 3817 »Bestimmungen,
2595 3761 2638 3821 die
2667 3763 2710 3823 ich
2739 3764 2811 3824 nach
2845 3767 2960 3827 meinem
3004 3770 3095 3830 Able¬

2289 3803 2335 3863 ben
2364 3803 2397 3863 zu
2425 3807 2548 3867 erfüllen
2572 3809 2666 3869 bitte:

2338 3853 2520 3913 Herzstich.

2333 3901 2428 3961 Keine
2461 3903 2609 3963 Kränze!

2335 3948 2423 4008 Keine
2452 3951 2573 4011 Parte!
2590 3952 2667 4012 Auch
2701 3954 2724 4014 in
2752 3955 2807 4015 der
2830 3958 2957 4018 Zeitung
2985 3961 3084 4021 nicht!

2334 3997 2509 4057 Begräbnis
2535 4000 2644 4060 letzter
2675 4002 2798 4062 Klasse.
2820 4006 2876 4066 Das
2903 4007 2995 4067 durch
3021 4009 3083 4069 Be¬

2273 4045 2394 4105 folgung
2427 4046 2532 4106 dieser
2564 4050 2776 4110 Bestimmung
2808 4056 2966 4116 erübrigte
3004 4057 3077 4117 Geld

2270 4095 2314 4155 ist
2339 4096 2605 4156 Spitalszwecken
2635 4100 2862 4160 zuzuwenden.

2327 4142 2424 4202 Keine
2450 4143 2578 4203 Reden!

2331 4188 2532 4248 Vermeidung
2563 4194 2639 4254 allen
2695 4197 2831 4257 rituellen

2893 4200 3084 4260 Beiwerks.

2285 4239 2508 4299 (Insbesondcre
2543 4243 2783 4303 Leichenwächt
