3344 4352
233 173 296 233 er
629 183 726 243 ana
783 185 839 245 nt
864 189 887 249 zu
913 189 952 249 de
977 189 1073 249 r.

213 213 294 273 rische
320 220 628 280 Morgendämmerung
650 227 692 287 des
719 230 988 290 „Naturalismus“.
1002 231 1070 291 Eine

211 258 292 318 Fülle
323 259 409 319 neuer
448 263 564 323 Talente
595 268 702 328 tauchte
733 270 897 330 namentlich
936 274 996 334 auch
1026 276 1078 336 auf

212 297 253 357 dem
291 300 411 360 Theater
437 304 499 364 auf.
537 309 607 369 Aber
632 311 678 371 von
704 313 741 373 all
758 315 803 375 den
833 318 928 378 jungen
958 318 1074 378 Leuten,

213 339 253 399 die
286 344 394 404 damals
431 347 455 407 im
504 349 617 409 Gefolge
654 355 856 415 Hauptmanns
893 359 953 419 eine
990 359 1075 419 neue,

204 386 290 446 große
317 386 382 446 Zeit
408 390 622 450 anzukündigen
653 398 770 458 schienen
805 401 848 461 für
875 401 922 461 das
953 401 1075 461 deutsche

208 428 328 488 Drama.
351 431 398 491 hat
429 434 571 494 eigentlich
606 439 662 499 nur
693 440 770 500 einer
801 443 861 503 eine
887 446 1069 506 selbständige

208 470 257 530 und
287 472 471 532 interessante
492 479 680 539 Entwicklung
714 487 822 547 gehabt,
844 488 894 548 hat
919 488 956 548 ein
986 488 1069 548 Men¬

204 515 350 575 schenalter
376 517 428 577 und
458 520 557 580 länger
588 526 739 586 ernsthafte
765 530 847 590 Köpfe
873 530 993 590 ernstlich
1024 531 1067 591 be¬

207 559 343 619 schäöftigen
379 564 498 624 können,
521 566 569 626 und
600 568 649 628 das
680 571 737 631 war
764 571 874 631 Arthur
902 574 1069 634 Schnitzler.

290 626 367 686 War
399 629 430 689 er
463 634 636 694 cigentlich
673 637 718 697 ein
759 640 973 700 Naturalist?

204 688 239 748 Er
270 688 309 748 kam
354 690 460 750 freilich
491 693 513 753 im
553 697 663 757 Zeichen
695 698 783 758 dieser
810 703 986 763 Bewegung,
1009 703 1057 763 und

201 730 229 790 er
251 733 325 793 hatte
347 733 430 793 etwas
456 736 506 796 von
531 737 576 797 der
598 741 799 801 scharfäugigen
824 744 874 804 und
899 745 1066 805 schonungs¬

201 774 265 834 losen
304 776 498 836 Psychologie,
520 780 575 840 mit
602 780 648 840 der
679 783 739 843 man
774 786 885 846 damals
916 789 941 849 im
985 788 1062 848 Zeit¬

192 814 261 874 alter
292 819 413 879 Ibsens,
435 820 561 880 Tolstois
587 822 639 882 und
674 826 756 886 Zolas
783 825 826 885 die
857 829 943 889 matt,
966 830 1065 890 unter¬

199 859 328 919 haltend,
344 861 422 921 flach,
438 862 524 922 leblos
544 866 712 926 gewordene
732 870 877 930 Literatur
901 873 1065 933 erneuerte.

201 903 271 963 Aber
293 903 376 963 dieser
401 906 593 966 norddeutsche
615 909 836 969 Naturalismus
857 915 927 975 eines
953 916 1061 976 Haupt¬

198 942 270 1002 mann
307 945 393 1005 stellte
421 947 462 1007 die
490 949 631 1009 Menschen
664 952 714 1012 fest
737 953 787 1013 und
820 957 910 1017 trotzig
943 959 993 1019 auf
1016 960 1057 1020 die

193 982 283 1042 Erde,
314 986 365 1046 und
400 989 430 1049 da
465 992 628 1052 entstanden
667 996 736 1056 dann
784 999 882 1059 Werke
917 1001 972 1061 wie
1016 1004 1059 1064 die

199 1028 330 1088 „Weber“
358 1031 421 1091 oder
454 1034 508 1094 wie
531 1036 581 1096 der
613 1040 795 1100 „Biberpelz“
823 1046 876 1106 mit
900 1046 949 1106 der
977 1048 1063 1108 glück¬

193 1072 270 1132 lichen
306 1073 406 1133 Diebin
438 1076 488 1136 der
520 1081 633 1141 Mutter
665 1085 792 1145 Wolfen,
815 1088 878 1148 oder
911 1090 974 1150 auch
1001 1094 1055 1154 wie

190 1115 230 1175 der
257 1118 403 1178 großartig
430 1123 647 1183 melancholische
674 1130 802 1190 „Florian
834 1133 958 1193 Geyer“.
976 1135 1051 1195 Aber

191 1159 266 1219 wenn
297 1161 345 1221 der
368 1162 486 1222 Wiener
513 1168 663 1228 Schnitzler
686 1171 822 1231 Gestalten
853 1175 941 1235 seiner
968 1177 1051 1237 Seele

191 1202 344 1262 aufstellte,
359 1207 382 1267 so
410 1207 540 1267 entdeckte
569 1211 596 1271 er
620 1213 755 1273 plötzlich,
775 1217 821 1277 daß
849 1219 881 1279 sie
905 1219 956 1279 gar
985 1222 1054 1282 nicht

188 1246 236 1306 fest
259 1246 311 1306 und
343 1249 484 1309 eigentlich
516 1255 586 1315 nicht
613 1255 670 1315 sehr
693 1258 741 1318 auf
764 1258 812 1318 der
835 1261 905 1321 Erde
928 1266 1060 1326 standen,

190 1289 243 1349 und
271 1291 320 1351 daß
348 1292 384 1352 sie
407 1295 479 1355 nicht
502 1297 561 1357 sehr
588 1300 724 1360 erbittert
747 1303 787 1363 dem
819 1307 946 1367 Schicksal
973 1309 1050 1369 trotz¬

191 1333 251 1393 ten,
268 1336 383 1396 sondern
414 1338 469 1398 mit
491 1341 568 1401 einem
607 1343 696 1403 klugen
731 1346 833 1406 Lächeln
868 1350 962 1410 wichen
993 1353 1044 1413 und

188 1376 360 1436 vergingen.
402 1380 456 1440 Die
484 1383 551 1443 erste
579 1386 629 1446 und
661 1390 925 1450 charakteristischste
953 1395 1056 1455 Figur,

186 1416 230 1476 die
258 1419 303 1479 der
331 1425 430 1485 junge,
453 1427 576 1487 elegante
603 1430 716 1490 Wiener
744 1433 816 1493 Arzt
839 1434 889 1494 von
921 1438 961 1498 sich
994 1439 1052 1499 Us¬

186 1463 265 1523 löste,
283 1465 322 1525 als
350 1467 380 1527 er
403 1468 557 1528 literarisch
584 1473 610 1533 zu
642 1475 760 1535 arbeiten
792 1479 915 1539 begann,
938 1482 995 1542 war
1022 1483 1044 1543 ja

188 1507 328 1567 „Anatol“
351 1512 487 1572 gewesen,
506 1515 591 1575 dieser
614 1519 823 1579 tragikomische
841 1524 954 1584 Wiener
973 1524 1049 1584 Lebe¬

182 1550 281 1610 mann,
305 1553 355 1613 der
383 1554 424 1614 sich
456 1556 538 1616 selbst
562 1558 639 1618 einen
676 1562 895 1622 „leichtsinnigen
933 1568 1051 1628 Melan¬

182 1592 312 1652 choliker“
340 1596 444 1656 nennt,
467 1599 517 1659 und
549 1601 589 1661 dem
636 1604 775 1664 eigentlich
803 1607 903 1667 nichts,
926 1613 984 1673 auch
1017 1615 1039 1675 in

186 1635 231 1695 der
263 1638 358 1698 Liebe,
381 1643 467 1703 nichts
499 1643 621 1703 gelingt,
644 1646 712 1706 weil
735 1649 766 1709 er
798 1651 825 1711 zu
857 1654 966 1714 wissend
998 1656 1043 1716 für

182 1677 227 1737 den
264 1684 432 1744 Leichtsinn,
455 1688 482 1748 zu
514 1691 682 1751 leichtsinnig
715 1691 755 1751 für
783 1694 941 1754 planvolles
970 1697 1046 1757 Han¬

182 1722 239 1782 deln
273 1725 321 1785 ist,
341 1727 407 1787 weil
427 1730 456 1790 er
485 1733 581 1793 spielt,
601 1731 610 1791 —
658 1735 739 1795 spielt
769 1736 817 1796 und
846 1739 966 1799 verliert
990 1742 1043 1802 und

190 1765 229 1825 sich
254 1768 278 1828 am
313 1770 430 1830 Verlust
446 1773 523 1833 freut
543 1774 553 1834 —
597 1777 661 1837 weil
676 1777 705 1837 er
730 1780 867 1840 eigentlich
892 1785 1039 1845 Krankheil

181 1810 381 1870 interessanter
410 1814 461 1874 und
489 1818 596 1878 schöner
620 1822 713 1882 findet
737 1822 779 1882 als
807 1827 989 1887 Gesundheit.

228 1864 363 1924 Freilich,
388 1869 538 1929 Schnitzler
568 1870 601 1930 ist
626 1871 698 1931 dann
733 1875 863 1935 berühmt
888 1880 1033 1940 geworden

180 1906 259 1966 durch
287 1906 333 1966 das
367 1912 474 1972 Drama
507 1915 675 1975 „Liebelei",
694 1918 717 1978 in
750 1918 792 1978 dem
834 1920 876 1980 ein
904 1924 1039 1984 gesundes

186 1946 280 2006 Mädel
299 1950 348 2010 aus
376 1952 416 2012 dem
458 1955 576 2015 Wiener
599 1956 666 2016 Volk
690 1961 866 2021 verzweifelt
890 1965 1043 2025 aufschreit,

180 1992 246 2052 weil
264 1994 285 2054 es
312 1995 352 2055 sich
374 1998 400 2058 in
423 1998 510 2058 seinem
546 2001 638 2061 reinen
665 2004 718 2064 und
740 2004 837 2064 starken
864 2010 1030 2070 Empfinden

180 2034 254 2094 durch
284 2037 323 2097 die
348 2037 407 2097 bloß
437 2043 605 2103 spielerische
630 2048 758 2108 Neigung
788 2050 847 2110 solch
877 2052 951 2112 eines
976 2055 1039 2115 jun¬

173 2081 218 2141 gen
251 2082 346 2142 Herrn
383 2083 492 2143 Anatol
520 2088 656 2148 beleidigt
689 2091 738 2151 und
771 2092 898 2152 verraten
935 2099 1039 2159 findet.

182 2121 249 2181 Aber
276 2124 298 2184 im
344 2127 461 2187 Grunde
489 2130 551 2190 war
579 2133 605 2193 es

248 2191 335 2251 nicht
367 2192 418 2252 der
449 2200 682 2260 Kampfschrei
708 2204 801 2264 einer
828 2205 946 2265 starken

498 2248 710 2308 Volksseele,

173 2307 219 2367 der
247 2312 298 2372 aus
327 2315 476 2375 Schnitzler
500 2318 593 2378 brach.
636 2321 724 2381 Wenn
753 2324 780 2384 er
809 2324 902 2384 später
926 2329 1033 2389 einmal

171 2350 209 2410 ein
243 2356 465 2416 warmherziges
499 2362 701 2422 Tendenzstück
731 2365 827 2425 schrieb
861 2368 913 2428 wie
943 2371 1034 2431 „Pro¬

171 2395 249 2455 fessor
278 2400 479 2460 Bernhardi",
498 2404 563 2464 oder
592 2406 671 2466 einen
704 2410 835 2470 kritischen
868 2413 1026 2473 Zeitroman

175 2440 219 2500 wie
250 2443 325 2503 „Der
346 2444 411 2504 Weg
442 2446 487 2506 ins
513 2449 634 2509 Freie",
649 2452 674 2512 so
700 2452 790 2512 mischt
816 2455 861 2515 sich
886 2458 946 2518 doch
977 2461 1032 2521 viel

171 2485 315 2545 lähmende
348 2488 535 2548 Betrachtung
592 2492 619 2552 in
657 2494 703 2554 den
746 2498 923 2558 Ausschwung
980 2502 1026 2562 des

171 2527 301 2587 Willens.
335 2532 503 2592 Schnitzlers
533 2535 711 2595 Künstlertum
750 2540 880 2600 entfaltet
904 2542 943 2602 sich
967 2544 1024 2604 rein

173 2566 222 2626 und
246 2571 317 2631 stark
341 2574 417 2634 dort,
440 2574 481 2634 wo
509 2575 535 2635 er
563 2580 781 2640 melancholische
804 2583 867 2643 oder
894 2589 1025 2649 ironische

174 2610 356 2670 Variationen
394 2617 478 2677 seines
511 2622 623 2682 Anatol
647 2623 722 2683 gibt,
741 2625 787 2685 des
816 2628 1022 2688 leichtsinnigen

174 2658 421 2718 Melancholikers,
435 2663 476 2723 des
505 2667 654 2727 Spielers,
673 2670 715 2730 dem
757 2670 803 2730 das
827 2673 911 2733 Leben
940 2676 1023 2736 unter

168 2700 210 2760 den
238 2703 351 2763 Händen
379 2706 529 2766 zerrinnt.

227 2750 264 2810 So
292 2755 343 2815 hat
367 2757 395 2817 er
424 2759 484 2819 voll
508 2762 625 2822 bitterem
668 2765 827 2825 Zynismus
856 2767 898 2827 die
926 2771 1024 2831 tödlich

168 2795 270 2855 witzige
294 2801 480 2861 Szenenreihe
504 2804 644 2864 „Reigen"
668 2810 854 2870 geschrieben,
868 2811 891 2871 in
915 2813 961 2873 der
985 2816 1026 2876 die

168 2840 276 2900 billigen
306 2844 468 2904 Illusionen
503 2848 547 2908 der
577 2850 705 2910 sexuellen
740 2855 887 2915 Erregung
917 2856 941 2916 so
966 2859 1030 2919 böse

168 2885 309 2945 aufgelöst
331 2887 454 2947 werden.
485 2891 525 2951 So
552 2891 600 2951 den
631 2896 776 2956 großartig
803 2900 1018 2960 konzentrierten

167 2927 295 2987 Einakter
321 2929 368 2989 vom
407 2932 539 2992 „Grünen
570 2936 715 2996 Kakadu",
733 2938 779 2998 der
806 2940 835 3000 am
874 2944 1019 3004 Vorabend

165 2969 214 3029 der
246 2973 442 3033 französischen
483 2979 651 3039 Revolution
693 2981 737 3041 den
774 2986 1024 3046 Zusammenbruch

169 3013 245 3073 einer
269 3016 442 3076 Gesellschaft
461 3022 552 3082 zeigt,
567 3022 590 3082 in
619 3023 667 3083 der
691 3025 734 3085 sich
758 3027 844 3087 Spiel
864 3028 916 3088 und
941 3030 1026 3090 Ernst

165 3058 190 3118 zu
225 3058 297 3118 einem
337 3061 409 3121 nicht
435 3063 512 3123 mehr
543 3067 723 3127 auflösbaren
754 3070 864 3130 Knäuel
891 3074 1028 3134 verwirrt

169 3103 263 3163 haben.
300 3103 341 3163 So
373 3105 422 3165 hat
450 3106 481 3166 er
509 3108 559 3168 das
596 3112 813 3172 melancholische
841 3117 931 3177 Spiel
959 3120 1009 3180 vom

168 3146 326 3206 „Einsamen
359 3148 443 3208 Weg“
471 3153 658 3213 geschrieben,
677 3153 700 3213 in
733 3155 780 3215 dem
822 3159 868 3219 der
892 3162 1022 3222 alternde

165 3189 272 3249 Anatol
300 3192 398 3252 bergab
426 3193 491 3253 geht
519 3195 570 3255 und
608 3197 658 3257 mit
682 3198 742 3258 sehr
771 3203 1007 3263 melancholischem

166 3234 271 3294 Lächeln
301 3237 372 3297 seine
396 3237 502 3297 schönen
531 3240 632 3300 Spiele
656 3242 781 3302 aufgibt.
806 3243 872 3303 Hier
897 3248 978 3308 heißt
998 3250 1021 3310 er

160 3274 232 3334 Herr
264 3278 309 3338 von
341 3279 413 3339 Sala
450 3282 504 3342 und
532 3282 604 3342 wird
632 3284 699 3344 allen
731 3288 926 3348 unvergeßlich
953 3291 1025 3351 blei¬

161 3321 224 3381 ben,
243 3321 293 3381 auf
311 3323 352 3383 die
370 3324 439 3384 seine
462 3326 553 3386 adlige
576 3328 698 3388 Anmut,
717 3330 785 3390 seine
804 3333 1022 3393 melancholische

163 3365 265 3425 Ironie
293 3368 400 3428 einmal
428 3370 452 3430 in
490 3371 536 3431 der
569 3373 750 3433 Darstellung
784 3374 881 3434 Albert
909 3378 1021 3438 Basser¬

162 3407 259 3467 manns
286 3410 401 3470 gewirkt
424 3410 486 3470 hat.
499 3411 512 3471 —
557 3410 597 3470 So
624 3415 703 3475 aber,
721 3416 743 3476 in
770 3419 845 3479 einer
867 3422 1018 3482 Variation

163 3450 205 3510 des
229 3452 490 3512 Anatol=Themas,
505 3458 551 3518 hat
570 3460 630 3520 auch
654 3459 701 3519 der
720 3462 850 3522 Erzähler
870 3465 1019 3525 Schnitzler

161 3494 212 3554 sein
236 3497 422 3557 Meisterstück
442 3503 606 3563 geschaffen,
620 3504 666 3564 den
690 3506 788 3566 großen
817 3508 952 3568 Monolog
976 3509 1017 3569 des

158 3538 255 3598 kleinen
302 3541 461 3601 „Leutnant
490 3544 610 3604 Gustl",
634 3547 685 3607 der
718 3548 779 3608 eine
812 3550 896 3610 ganze
934 3552 1022 3612 Nacht

157 3583 352 3643 durchwährt.
384 3586 425 3646 Am
466 3588 557 3648 Abend
589 3590 665 3650 denkt
694 3592 739 3652 er,
757 3592 784 3652 er
812 3592 875 3652 muß
908 3595 948 3655 sich
980 3595 1025 3655 er¬

158 3625 293 3685 schießen,
313 3628 383 3688 weil
407 3629 443 3689 ein
477 3631 561 3691 dicker
589 3634 800 3694 Bäckermeister
829 3636 870 3696 ihn
904 3637 927 3697 im
970 3638 1025 3698 Ge¬

157 3670 265 3730 dränge
288 3673 315 3733 an
343 3673 388 3733 der
411 3674 579 3734 Garderobe
603 3679 757 3739 geohrfeigt
775 3679 838 3739 hat.
862 3681 898 3741 Am
935 3682 1020 3742 Mor¬

156 3714 200 3774 gen
231 3715 292 3775 muß
324 3718 350 3778 er
372 3716 442 3776 dann
474 3720 557 3780 nicht,
571 3720 641 3780 weil
660 3720 703 3780 den
735 3722 946 3782 Bäckermeister
968 3726 1016 3786 der

157 3756 256 3816 Schlag
289 3756 419 3816 getroffen
456 3759 519 3819 hat.
552 3762 623 3822 Aber
656 3762 814 3822 dazwischen
846 3768 927 3828 liegt,
950 3768 1000 3828 vom

153 3798 254 3858 Fieber
281 3801 329 3861 des
361 3801 577 3861 Todgeweihten
612 3806 824 3866 vorbeigejagt,
847 3808 899 3868 das
931 3812 1018 3872 ganze

155 3842 239 3902 Leben
275 3843 358 3903 dieses
394 3847 517 3907 kleinen,
544 3849 755 3909 gedankenlosen
791 3852 941 3912 Spielers,
968 3855 1016 3915 der

157 3887 238 3947 nichts
270 3888 310 3948 als
339 3888 374 3948 ein
407 3890 538 3950 Geschöpf
566 3891 651 3951 seiner
675 3894 765 3954 Klasse
789 3894 833 3954 ist.
862 3897 952 3957 Durch
980 3898 1020 3958 all

153 3928 238 3988 diese,
271 3929 325 3989 mit
357 3932 444 3992 hoher
481 3935 662 3995 sprachlicher
708 3935 794 3995 Kunst
840 3938 1013 3998 vollendeten

153 3970 252 4030 Werke
275 3973 338 4033 geht
361 3974 469 4034 lachend
497 3977 551 4037 und
579 3979 719 4039 drohend,
737 3980 855 4040 tröstend
887 3981 936 4041 und
964 3983 1018 4043 tief

153 4016 270 4076 traurig
296 4016 339 4076 die
364 4019 506 4079 Melodie,
527 4020 565 4080 die
591 4021 659 4081 schon
689 4024 743 4084 mit
768 4025 909 4085 „Anatol"
935 4028 1017 4088 ange¬

156 4061 270 4121 schlagen
304 4063 381 4123 war,
401 4064 453 4124 und
482 4064 524 4124 die
554 4066 577 4126 in
612 4067 683 4127 einem
726 4070 850 4130 späteren
880 4073 1008 4133 Einakter

154 4106 326 4166 Schnitzlers
351 4106 394 4166 der
419 4106 562 4166 Zauberer
587 4112 750 4172 Paracelsus
775 4114 947 4174 ausspricht:

196 4147 274 4207 „Wir
296 4151 386 4211 wissen
413 4153 497 4213 nichts
519 4153 566 4213 von
593 4156 715 4216 andern,
731 4159 815 4219 nichts
837 4159 884 4219 von
911 4159 979 4219 uns.

1198 165 1474 225 e
1523 171 1619 231 ere

1172 207 1318 267 Grenzen
1358 213 1504 273 zwischen
1543 215 1663 275 Traum
1716 218 1780 278 und
1815 219 1948 279 Wachen

1391 255 1575 315 einstürzen
1610 260 1728 320 macht.

1132 309 1292 369 Tatsächlich
1320 312 1351 372 ist
1375 315 1526 375 Schnitzler
1554 318 1627 378 schon
1660 319 1705 379 der
1733 321 1839 381 nächste
1862 321 1990 381 Nachbar

1131 350 1170 410 des
1202 353 1334 413 Wieners
1367 356 1615 416 Hofmannsthal,
1638 358 1681 418 der
1726 362 1855 422 fünfzehn
1895 362 1988 422 Jahre

1137 392 1237 452 jünger
1262 395 1303 455 als
1329 396 1374 456 er,
1396 398 1437 458 ihm
1480 398 1538 458 doch
1567 401 1588 461 im

1722 406 1987 466 vorausgegangen

1132 434 1177 494 ist;
1203 437 1252 497 und
1287 440 1516 500 Hofmannsthal
1537 443 1600 503 war
1626 443 1650 503 ja
1676 446 1721 506 der
1751 447 1922 507 Begründer
1944 446 1989 506 der

1135 479 1388 539 „Neuromantik“,
1406 483 1444 543 die
1466 485 1504 545 sich
1535 485 1555 545 im
1590 486 1809 546 phantastischen
1835 491 1921 551 Spiel
1938 491 1985 551 der

1133 521 1224 581 Stoffe
1253 521 1307 581 und
1341 523 1387 583 der
1416 527 1536 587 Formen
1571 527 1674 587 wieder
1704 531 1779 591 ganz
1804 533 1854 593 vom
1900 533 1991 593 Natu¬

1135 562 1272 622 ralismus
1294 565 1456 625 abwandle.
1495 568 1563 628 Auch
1589 571 1739 631 Schnitzler
1765 574 1812 634 hat
1834 574 1855 634 in
1885 574 1987 634 jambi¬

1127 604 1191 664 schen
1226 607 1457 667 Kostümdramen
1497 610 1548 670 und
1583 612 1608 672 in
1643 616 1858 676 phantastischen
1893 616 1991 676 Spus¬

1127 649 1281 709 geschichten
1312 649 1401 709 später
1427 652 1508 712 mehr
1535 652 1577 712 als
1603 655 1714 715 einmal
1736 658 1775 718 die
1801 661 1985 721 künstlerische

1125 691 1222 751 Flucht
1249 691 1297 751 aus
1324 691 1372 751 der
1399 694 1584 754 Wirklichkeit
1607 697 1743 757 versucht.
1770 700 1809 760 Er
1832 700 1893 760 war
1920 702 1986 762 frei¬

1127 734 1169 794 lich
1202 736 1262 796 doch
1295 736 1323 796 zu
1365 738 1430 798 sehr
1468 739 1500 799 an
1542 741 1589 801 den
1627 742 1869 802 Gesellschaftsstil
1897 748 1980 808 seiner

1123 777 1226 837 älteren
1252 777 1427 837 Generation
1449 782 1612 842 gebunden,
1625 783 1655 843 um
1690 784 1766 844 darin
1797 786 1878 846 völlig
1900 788 1985 848 glück¬

1124 824 1151 884 zu
1179 819 1247 879 sein.
1284 820 1324 880 Es
1352 822 1411 882 gibt
1430 824 1511 884 neben
1544 825 1634 885 seinen
1662 828 1722 888 sehr
1749 830 1899 890 geglückten
1932 829 1986 889 Ar¬

1128 861 1226 921 beiten,
1244 864 1295 924 von
1321 864 1402 924 denen
1432 866 1462 926 ich
1488 867 1548 927 eben
1574 867 1617 927 die
1643 870 1801 930 wichtigsten
1831 873 1985 933 erwähnte,

1126 906 1288 966 überhaupt
1313 906 1373 966 eine
1406 909 1522 969 ziemlich
1556 912 1644 972 große
1677 916 1793 976 Anzahl
1822 915 1882 975 halb
1911 918 1985 978 miß¬

1128 945 1236 1005 ratener
1261 948 1398 1008 Predukte
1424 950 1443 1010 in
1472 952 1638 1012 Schnitzlers
1663 955 1760 1015 Werk,
1776 956 1828 1016 und
1854 957 1986 1017 nament¬

1121 986 1161 1046 lich
1189 986 1211 1046 in
1239 989 1285 1049 den
1317 991 1403 1051 letzten
1432 992 1500 1052 zwei
1518 995 1715 1055 Jahrzehnten
1748 998 1797 1058 hat
1816 998 1843 1058 er
1871 1000 1912 1060 sich
1940 1001 1980 1061 als

1123 1030 1307 1090 Dramatiker
1333 1031 1384 1091 wie
1411 1034 1453 1094 als
1479 1036 1616 1096 Erzähler
1642 1037 1754 1097 vielfach
1784 1040 1839 1100 nur
1866 1043 1981 1103 wieder¬

1119 1073 1197 1133 holt.
1240 1073 1300 1133 Urd
1338 1078 1557 1138 Wiederholung
1595 1080 1720 1140 bedeutet
1749 1085 1986 1145 Abschwächung,

1122 1116 1171 1176 und
1199 1117 1234 1177 ist
1257 1118 1279 1178 im
1316 1119 1437 1179 Grunde
1464 1121 1517 1181 nur
1545 1125 1729 1185 überflüssig.
1765 1127 1895 1187 Dennoch
1923 1127 1994 1187 wer¬

2077 201 2132 261 nh
2173 201 2220 261 nat
2261 203 2324 263 Krln
2390 207 2534 267 Schsfer
2559 208 2590 268 un
2632 211 2807 271 Rebelsenlan
2848 216 2895 276 did

2053 243 2161 303 Wiener
2192 245 2408 305 Bürgertums,
2430 249 2482 309 das
2517 250 2620 310 bereits
2652 253 2759 313 fühlte,
2782 258 2833 318 daß
2864 258 2907 318 die

2050 286 2108 346 Zeit
2135 285 2224 345 seiner
2251 289 2442 349 spielerischen
2479 293 2634 353 Schönheit
2661 295 2759 355 vorbei
2782 299 2831 359 ist,
2858 300 2902 360 daß

2051 327 2090 387 die
2112 329 2299 389 Katastrophe
2321 333 2408 393 nahe.
2444 334 2513 394 Eben

2212 395 2438 455 leichtsinnige
2463 398 2746 458 Melancholiker!

2057 447 2120 507 Aber
2148 452 2212 512 weil
2230 452 2262 512 er
2286 452 2354 512 diese
2377 456 2629 516 Schickfalsstunde
2652 461 2674 521 in
2703 462 2748 522 der
2776 465 2835 525 Zeit
2858 464 2908 524 mit

2049 488 2091 548 dem
2135 494 2238 554 wachen
2282 498 2467 558 menschlichen
2507 501 2593 561 Ernst
2632 503 2705 563 eines
2749 508 2899 568 wirklichen

2053 536 2173 596 Dichters
2200 538 2285 598 erlebt
2312 540 2363 600 und
2394 542 2510 602 oftmals
2537 544 2588 604 mit
2614 545 2657 605 der
2683 548 2786 608 großen
2817 551 2902 611 Kunst

2043 577 2118 637 eines
2149 579 2206 639 sehr
2238 580 2415 640 kultivierten
2451 586 2667 646 Schriftstellers
2703 590 2902 650 aufgezeichnet

2048 620 2110 680 hat,
2127 621 2214 681 darum
2252 622 2322 682 wird
2348 624 2393 684 der
2418 625 2488 685 Kern
2522 628 2605 688 seines
2630 630 2742 690 Werkes
2768 634 2900 694 überzeit¬

2047 661 2089 721 lich
2111 664 2201 724 leben,
2219 664 2287 724 wird
2313 665 2386 725 nicht
2404 670 2575 730 vergänglich
2602 673 2675 733 sein.
2709 674 2786 734 Denn
2813 676 2894 736 etwas

2044 706 2093 766 von
2127 706 2168 766 dem
2215 707 2365 767 fragenden
2399 712 2532 772 Zweifel,
2553 712 2598 772 der
2628 713 2695 773 diese
2724 718 2895 778 Generation

2049 745 2173 805 zerfraß,
2199 748 2269 808 wird
2303 750 2391 810 (wenn
2433 752 2495 812 auch
2529 753 2662 813 vielleicht
2692 756 2741 816 von
2775 759 2896 819 anderen

2051 789 2158 849 Kräften
2188 790 2338 850 gebändigt
2360 793 2411 853 und
2437 795 2557 855 gelenkt)
2575 798 2600 858 in
2627 798 2699 858 jeder
2721 801 2892 861 Generation

2043 829 2088 889 des
2116 833 2423 893 Menschengeschlechts
2451 837 2546 897 leben,
2569 839 2609 899 die
2637 839 2709 899 nicht
2737 843 2809 903 ganz
2836 845 2899 905 ver¬

2044 873 2172 933 stumpfen
2212 875 2263 935 und
2298 878 2448 938 verflachen
2483 878 2555 938 will.
2599 881 2684 941 Wermn
2723 885 2783 945 auch
2814 887 2895 947 dieses

2043 915 2145 975 Heute,
2165 918 2230 978 diese
2254 919 2365 979 jüngste
2390 921 2450 981 Zeit
2474 923 2712 983 Vergangenheit
2736 927 2787 987 sein
2821 929 2904 989 wird,

2044 959 2093 1019 und
2117 959 2184 1019 viele
2203 961 2279 1021 ihrer
2298 962 2366 1022 heut
2380 962 2434 1022 nur
2452 962 2498 1022 dem
2534 963 2606 1023 Tage
2625 966 2756 1026 wichtigen
2784 971 2888 1031 Größen

2048 1002 2114 1062 ganz
2141 1004 2278 1064 vergessen
2314 1003 2388 1063 sind,
2411 1004 2481 1064 wird
2517 1005 2574 1065 noch
2605 1008 2729 1068 manches
2760 1013 2822 1073 Ohr
2849 1013 2897 1073 auf

2042 1040 2082 1100 den
2110 1046 2484 1106 ironisch=melancholischen
2517 1048 2571 1108 Ton
2599 1051 2740 1111 lauschen,
2759 1055 2804 1115 der
2832 1057 2895 1117 einst

2042 1085 2102 1145 über
2131 1087 2168 1147 die
2192 1090 2295 1150 Lippen
2324 1091 2436 1151 Arthur
2465 1091 2628 1151 Schnitzlers
2657 1094 2732 1154 kam.

2653 1139 2754 1199 daline
2774 1144 2826 1204 Bab
