3392 4320
1369 327 1496 387 box
1576 328 1813 388 43/15

269 339 860 399 Schnitzler's
930 336 1152 396 Deatl

1856 1204 2095 1264 SCHONERE

780 1223 869 1283 Seite
900 1221 954 1281 128

783 1313 1034 1373 volverschuß,
1053 1313 1118 1373 mit
1146 1310 1309 1370 Veronal,
1333 1311 1393 1371 mit
1417 1309 1477 1369 dem
1525 1307 1617 1367 Gang
1650 1304 1701 1364 ins
1730 1300 1869 1360 Wasser
1903 1300 1948 1360 ein
1982 1299 2069 1359 Ende

787 1366 968 1426 machend.
992 1363 1062 1423 Wie
1091 1362 1160 1422 man
1189 1358 1314 1418 gesagt
1333 1360 1408 1420 hat,
1427 1359 1488 1419 daß
1521 1357 1590 1417 erst
1610 1356 1661 1416 die
1689 1351 1885 1411 Berûhrung
1918 1350 1978 1410 mit
1997 1348 2058 1408 dem

778 1411 877 1471 Sacré
905 1411 1010 1471 Cour
1033 1410 1092 1470 des
1111 1407 1265 1467 Erlôsers
1289 1405 1338 1465 die
1366 1404 1640 1464 Menschenliebe
1668 1401 1758 1461 rein,
1777 1399 1854 1459 groß
1887 1397 1945 1457 und
1978 1398 2064 1458 stark

786 1461 927 1521 mache,
949 1461 980 1521 so
1011 1461 1094 1521 kann
1130 1458 1200 1518 man
1236 1458 1315 1518 auch
1346 1454 1470 1514 sagen,
1488 1454 1553 1514 daß
1589 1452 1659 1512 erst
1686 1449 1734 1509 die
1770 1446 1986 1506 Verbindung
2021 1445 2078 1505 mit

785 1514 849 1574 der
878 1509 1069 1569 Uberwelt,
1088 1509 1148 1569 der
1177 1506 1334 1566 Ausbliek
1368 1505 1442 1565 aufs
1470 1503 1624 1563 Jenseits
1648 1499 1698 1559 die
1732 1497 1909 1557 Menschen
1947 1494 2072 1554 tüchtig

788 1560 852 1620 und
881 1561 982 1621 mutig
1006 1559 1057 1619 fûr
1081 1559 1126 1619 die
1155 1556 1294 1616 Kämpfe
1318 1554 1373 1614 auf
1392 1551 1503 1611 dieser
1527 1551 1610 1611 Erde
1634 1550 1763 1610 macht.
1782 1545 1842 1605 Wo
1866 1544 1921 1604 der
1945 1542 2079 1602 Gottes-

791 1612 944 1672 gedanke
973 1609 1028 1669 und
1061 1605 1307 1665 Gottesglaube
1336 1605 1438 1665 fehlt,
1453 1604 1541 1664 fehlt
1565 1600 1643 1660 auch
1672 1598 1732 1658 das
1755 1595 1848 1655 echte
1876 1593 2081 1653 Menschen-

788 1661 874 1721 tum.
897 1661 1092 1721 Schnitzler
1111 1655 1156 1715 ist
1174 1653 1365 1713 unberûlut
1383 1652 1442 1712 von
1465 1652 1519 1712 den
1547 1649 1673 1709 großen
1701 1645 1828 1705 Fragen
1856 1643 1914 1703 und
1938 1640 2078 1700 Schiek-

787 1709 879 1769 salen
913 1708 972 1768 des
1001 1705 1145 1765 Volkes,
1164 1702 1224 1762 von
1262 1703 1471 1763 Weltkrieg,
1490 1700 1634 1760 sozialer
1667 1694 1862 1754 Revolution
1900 1692 1960 1752 und
1993 1691 2081 1751 Neu-

794 1760 1054 1820 bauaufgaben,
1072 1754 1177 1814 genau
1208 1752 1239 1812 so
1271 1749 1332 1809 wie
1363 1750 1393 1810 er
1420 1748 1610 1808 anberûhrt
1632 1747 1681 1807 ist
1703 1745 1764 1805 von
1791 1744 1853 1804 der
1875 1739 2078 1799 Geschichte

793 1810 851 1870 und
883 1808 942 1868 den
974 1803 1228 1863 Kulturwerten
1260 1800 1368 1860 seines
1396 1799 1668 1859 Ceburtslandes
1696 1792 1909 1852 Osterreich.
1932 1790 2086 1850 Tûrken-

790 1855 929 1915 kriege,
953 1854 1218 1914 Barockkultur,
1242 1850 1517 1910 Stephansdom,
1536 1846 1717 1906 Hlabsburg
1751 1842 1857 1902 waren
1890 1840 1941 1900 ihm
1988 1838 2086 1898 letzt-

796 1906 856 1966 lich
890 1905 1191 1965 unverständliche
1215 1898 1342 1958 Dinge.

886 1954 1044 2014 Bedenkt
1067 1954 1135 2014 man
1163 1951 1212 2011 all
1231 1951 1308 2011 das,
1327 1951 1412 2011 dann
1440 1948 1526 2008 kaun
1558 1947 1626 2007 man
1658 1943 1753 2003 nicht
1772 1941 1876 2001 genug
1904 1937 2089 1997 protestie-

798 2005 851 2065 ren
884 2003 987 2063 gegen
1020 2005 1074 2065 die
1106 2004 1169 2064 Art
1192 2001 1250 2061 und
1292 1998 1427 2058 Weise,
1451 1996 1509 2056 wie
1541 1996 1600 2056 von
1632 1995 1690 2055 der
1718 1990 1971 2050 herrschenden
2004 1986 2089 2046 jûdi-

795 2054 892 2114 schen
941 2050 1064 2110 Presse
1113 2048 1374 2108 Mitteleuropas
1419 2045 1481 2105 und
1535 2045 1649 2105 zumal
1689 2038 1906 2098 Osterreichs
1955 2035 2083 2095 Arthur

800 2104 987 2164 Schnitzler
1015 2102 1183 2162 anlaßlich
1217 2097 1333 2157 seines
1362 2095 1469 2155 Todes
1502 2094 1652 2154 gefeiert
1675 2089 1778 2149 wird.
1807 2089 1848 2149 Er
1877 2086 1956 2146 wird
1994 2082 2087 2142 nicht

794 2151 850 2211 nur
876 2151 927 2211 als
954 2149 1325 2209 Jahrhundertgestalt
1352 2144 1572 2204 hingestellt,
1590 2141 1737 2201 sondern
1772 2138 1849 2198 auch
1879 2136 1927 2196 als
1953 2135 2013 2195 der
2035 2132 2086 2192 fûr

795 2200 1003 2260 Jahrzehnte
1034 2196 1309 2256 repräsentative
1345 2192 1508 2252 Kûnstler
1540 2189 1601 2249 von
1633 2185 1849 2245 Osterreich.
1881 2182 1991 2242 Hôren
2027 2183 2084 2243 wir

799 2249 920 2309 (lliche
944 2246 1055 2306 dieser
1074 2245 1312 2305 Superlative:
1326 2241 1447 2301 Nicht
1466 2240 1578 2300 Kunst
1597 2240 1657 2300 und
1681 2234 1853 2294 Literatur
1872 2231 1993 2291 allein,
2008 2231 2091 2291 gan-

803 2297 992 2357 Osterreich
1021 2294 1152 2354 trauert
1175 2294 1211 2354 um
1253 2294 1379 2354 Arthur
1402 2291 1651 2351 Schitzler...
1671 2285 1774 2345 Wenn
1802 2282 1838 2342 es
1861 2282 1952 2342 einem
1993 2279 2097 2339 Dich-

796 2345 849 2405 ter
877 2346 1050 2406 vergônnt
1073 2345 1159 2405 war,
1182 2343 1400 2403 Inkarnation
1432 2339 1469 2399 zu
1501 2339 1569 2399 sein
1601 2338 1692 2398 cines
1720 2331 1919 2391 Zeitalters,
1943 2327 2069 2387 güllige

803 2396 1060 2456 Repräsentant
1088 2393 1178 2453 einer
1206 2393 1364 2453 Epoche,
1383 2390 1469 2450 dann
1505 2389 1573 2449 war
1605 2385 1641 2445 es
1669 2384 1800 2444 Arthur
1823 2381 2013 2441 Schnitzler
2036 2376 2090 2436 fûr

796 2446 863 2506 das
886 2446 976 2506 Ende
999 2441 1058 2501 des
1086 2442 1321 2502 vergangenen
1348 2439 1601 2499 Jahrhunderts
1629 2434 1688 2494 und
1715 2433 1769 2493 fûr
1792 2430 1851 2490 den
1883 2428 2005 2488 Beginn
2032 2427 2086 2487 des

800 2494 904 2554 neuen
941 2494 1195 2554 Osterreich...
1214 2491 1427 2551 Schnitzlers
1460 2487 1563 2547 Wort
1596 2485 1673 2545 wird
1710 2482 1736 2542 in
1778 2480 1836 2540 uns
1868 2479 2086 2539 widerhallen

803 2540 864 2600 wie
900 2544 948 2604 ein
984 2542 1106 2602 Urlaut
1133 2541 1274 2601 unseres
1305 2538 1459 2598 Landes,
1481 2535 1573 2595 seine
1609 2531 1855 2591 Erkenntnisse
1890 2527 2022 2587 werden
2062 2528 2084 2588 in

808 2592 988 2652 besseren,
1010 2590 1163 2650 reineren
1195 2590 1304 2650 Zeiten
1340 2588 1463 2648 wieder
1494 2582 1731 2642 aufleuchten,
1749 2580 1810 2640 der
1837 2578 2087 2638 unermeßliche

803 2642 921 2702 Schatz
958 2641 1076 2701 seines
1104 2637 1263 2697 Wissens
1291 2636 1368 2696 wird
1414 2634 1570 2694 gehoben
1611 2632 1780 2692 werden.“
1821 2630 1949 2690 (Neue
1995 2626 2090 2686 Freie

803 2690 951 2750 Presse"
976 2690 1028 2750 vom
1072 2688 1124 2748 22.
1139 2685 1225 2745 Okt.
1236 2685 1307 2745 31.)
1322 2686 1422 2746 „Eine
1447 2682 1547 2742 cisige
1577 2682 1667 2742 lland
1697 2680 1759 2740 hat
1779 2679 1836 2739 uns
1860 2677 1918 2737 alle
1947 2676 2105 2736 berûhrt;

808 2741 871 2801 mit
899 2742 1111 2802 Schnitzlers
1144 2736 1288 2796 schônem
1343 2736 1401 2796 und
1438 2733 1543 2793 liebem
1593 2732 1715 2792 Antlitz
1752 2727 2005 2787 verschwindet
2037 2725 2096 2785 der

804 2791 907 2851 letzte
930 2792 1048 2852 Schein
1076 2787 1212 2847 unserer
1235 2786 1476 2846 verstorbenen
1508 2784 1661 2844 Ileimat,
1676 2780 1735 2840 der
1758 2780 1907 2840 Abglanz
1931 2775 1984 2835 des
2008 2775 2089 2835 alten

817 2840 1003 2900 sterreich
1037 2838 1061 2898 in
1099 2836 1195 2896 liefer
1229 2838 1401 2898 Nacht...
1421 2836 1477 2896 Ein
1506 2833 1635 2893 großes
1665 2827 1827 2887 Zeitalter
1856 2824 1966 2884 dieser
2000 2825 2100 2885 Stadt

812 2889 902 2949 sinkt
921 2889 984 2949 mit
1002 2888 1130 2948 Arthur
1148 2885 1339 2945 Schnitzler
1362 2883 1411 2943 ins
1435 2882 1544 2942 Grab.
1563 2880 1598 2940 um
1635 2879 1662 2939 in
1690 2879 1803 2939 seinem
1840 2876 2090 2936 unsterblichen

819 2937 939 2997 Verke
972 2936 1256 2996 weiterzuleben;
1275 2934 1335 2994 wir
1363 2932 1446 2992 aber
1470 2932 1544 2992 sind
1577 2930 1767 2990 verwaist.“
1810 2926 1925 2986 (Franz
1959 2921 2102 2981 Werfel.

806 2988 1006 3048 ebendort.)
1034 2985 1155 3045 Solche
1189 2982 1408 3042 Werturteile
1436 2983 1506 3043 sind
1539 2982 1562 3042 in
1595 2978 1683 3038 ibrer
1712 2975 2015 3035 Cbertriebenheit
2034 2972 2094 3032 und

816 3036 1172 3096 Verallgemeinerung
1209 3032 1257 3092 ein
1292 3032 1424 3092 l'ufug.
1456 3031 1512 3091 Ein
1548 3027 1711 3087 gewisses
1747 3023 1981 3083 wurzelloses,
2003 3021 2104 3081 ahas-

807 3084 980 3144 verisches
1003 3085 1167 3145 Judentum
1209 3081 1281 3141 mag
1309 3079 1368 3139 den
1391 3079 1496 3139 Juden
1524 3079 1715 3139 Schnitzler
1738 3074 1788 3134 fûr
1811 3073 1875 3133 sich
1903 3073 1957 3133 zum
1998 3070 2103 3130 Halb-

810 3137 894 3197 golt
916 3134 1083 3194 erkûren,
1101 3133 1185 3193 aber
1212 3131 1273 3191 mit
1296 3130 1357 3190 dem
1406 3129 1525 3189 echten
1556 3124 1746 3184 Osterreich
1781 3123 1843 3183 und
1874 3121 1936 3181 dem
1980 3120 2094 3180 echten

812 3181 1107 3241 Osterreichertum
1156 3182 1213 3242 hat
1240 3181 1377 3241 solcher
1408 3178 1492 3238 Kult
1514 3177 1629 3237 nichts
1656 3175 1810 3235 gemein.
1841 3172 1881 3232 So
1912 3170 1996 3230 lasse
2027 3169 2093 3229 man

815 3232 907 3292 diese
947 3232 1056 3292 Werte
1092 3231 1153 3291 aus
1175 3232 1236 3292 dem
1281 3229 1390 3289 Spiel.
1417 3227 1474 3287 W'o
1510 3229 1584 3289 man
1615 3226 1676 3286 aus
1703 3223 1764 3283 der
1791 3223 1962 3283 Kenntnis
1985 3217 2103 3277 echter

816 3281 1124 3341 ôsterreichischer
1155 3278 1278 3338 Kultur
1305 3277 1433 3337 heraus
1460 3277 1495 3337 um
1539 3275 1592 3335 die
1627 3271 1759 3331 Mission
1791 3270 1896 3330 weiß,
1914 3269 1967 3329 die
1998 3267 2086 3327 einem

812 3332 984 3392 begabten
1013 3329 1264 3389 Schriftsteller
1283 3327 1423 3387 gesetzt
1442 3326 1502 3386 ist.
1522 3323 1601 3383 wird
1629 3322 1820 3382 Schnitzler
1844 3318 1937 3378 nicht
1957 3317 2007 3377 als
2031 3316 2110 3376 Hel-

814 3381 862 3441 fer
889 3381 951 3441 und
982 3379 1128 3439 Fûhrer,
1146 3378 1292 3438 sondern
1328 3377 1376 3437 als
1403 3375 1585 3435 Zersetzer
1612 3372 1669 3432 und
1705 3369 1882 3429 Zerstôrer
1909 3366 2112 3426 abgelehnt.

825 3432 927 3492 Wenn
965 3430 1031 3490 der
1069 3426 1463 3486 Burgtheaterdirektor
1496 3423 1678 3483 Wildgans
1712 3420 1880 3480 anlâßlich
1914 3415 1975 3475 des
2003 3413 2110 3473 Todes

820 3479 877 3539 von
909 3482 1103 3542 Schnitzler
1125 3478 1178 3538 die
1205 3476 1377 3536 schwarze
1409 3473 1523 3533 Fahne
1554 3471 1612 3531 auf
1634 3472 1691 3532 dem
1740 3464 1970 3524 Burgtheater
1997 3464 2107 3524 hissen

818 3530 908 3590 ließ.
930 3530 964 3590 so
994 3529 1054 3589 hat
1080 3527 1118 3587 er
1145 3527 1256 3587 damit
1287 3523 1436 3583 weniger
1463 3520 1523 3580 der
1553 3521 1686 3581 Trauer
1712 3517 1772 3577 des
1803 3513 2107 3573 ôsterreichischen

829 3580 950 3640 Volkes
978 3579 1014 3639 um
1051 3578 1109 3638 den
1141 3575 1281 3635 Verlu-t
1300 3573 1395 3633 ciner
1418 3572 1640 3632 angeblichen
1672 3564 1903 3624 Kulturgrôfe
1931 3563 2102 3623 Ausdruck

817 3627 989 3687 gegeben,
1007 3629 1060 3689 als
1083 3626 1193 3686 seiner
1220 3623 1459 3683 persônlichen
1495 3619 1730 3679 Versklavung
1761 3617 1796 3677 an
1832 3614 1978 3674 seichten
2014 3611 2115 3671 Libe-

818 3679 982 3739 ralismus
1014 3677 1071 3737 und
1102 3673 1222 3733 dessen
1253 3673 1470 3733 anmatende
1507 3670 1746 3730 Wortfûhrer.

827 3766 912 3826 Dr.
925 3764 1079 3824 Eugen
1117 3760 1172 3820 M.
1185 3758 1345 3818 Kogon
1376 3756 1579 3816 (Wien):
1598 3750 2097 3810 Katholisch-soziale

911 3819 1402 3879 Schulungstagung
1440 3813 1471 3873 in
1516 3811 1679 3871 Wien.

920 3870 982 3930 Vom
1030 3870 1082 3930 20.
1107 3869 1154 3929 bis
1183 3869 1235 3929 22.
1260 3868 1412 3928 Oktober
1442 3865 1518 3925 fand
1556 3865 1585 3925 in
1619 3861 1714 3921 Wien
1748 3859 1819 3919 eine
1848 3856 1972 3916 soziale
2006 3853 2116 3913 Schu-

825 3921 1056 3981 lungstagung
1084 3917 1138 3977 fûr
1161 3915 1361 3975 Katholiken
1393 3914 1493 3974 statt.
1525 3908 1574 3968 Sie
1602 3908 1702 3968 sollte
1725 3906 1784 3966 der
1807 3904 1957 3964 Aufgabe
1984 3903 2125 3963 dienen.

824 3972 846 4032 in
886 3971 948 4031 das
984 3966 1173 4026 pâp-tliche
1205 3964 1488 4024 Rundschreiben
1528 3959 1820 4019 .Quadragesimo
1860 3952 1966 4012 anno"
2006 3951 2116 4011 einzu-

825 4018 938 4078 fûbren
971 4019 1029 4079 und
1057 4015 1271 4075 Grundlagen
1303 4014 1353 4074 fûr
1376 4013 1425 4073 die
1449 4010 1648 4070 praktische
1672 4006 1899 4066 Sozialreform
1936 4004 1967 4064 zu
1995 4002 2122 4062 bieten.

829 4070 896 4130 Der
919 4067 1045 4127 lesuch
1077 4065 1145 4125 war
1163 4065 1240 4125 gut;
1254 4064 1317 4124 aus
1335 4062 1421 4122 allen
1453 4059 1728 4119 lundesländern
1756 4053 1973 4113 Osterreichs
1996 4051 2108 4111 kamen

832 4118 917 4178 etwa
946 4115 998 4175 130
1032 4115 1262 4175 Teilnchmer.
1286 4112 1381 4172 Weit
1401 4110 1482 4170 ûber
1506 4109 1563 4169 die
1588 4106 1697 4166 llalfte
1726 4102 1883 4162 gehôrten
1918 4100 1975 4160 dem
2018 4100 2123 4160 geisi-

825 4166 936 4226 lichen
960 4166 1086 4226 Stande
1110 4163 1170 4223 an.
1194 4163 1240 4223 l'm
1278 4161 1338 4221 den
1367 4157 1750 4217 Schulungscharakter
1769 4153 1830 4213 der
1854 4151 2115 4211 Veranstallung

929 4209 1049 4269 ahren,
1064 4211 1193 4271 wurden
1222 4211 1249 4271 im
1287 4209 1459 4269 An-chluf
1487 4211 1524 4271 an
1552 4210 1603 4270 die
1627 4205 1794 4265 Vortrâge
1818 4199 1897 4259 freie
1920 4198 2096 4258 Frôrterun
