3392 4320
269 267 411 327 12.

449 284 934 344 Schnitzler
1005 283 1033 343 s
1104 279 1331 339 Death

1560 285 1685 345 box
1765 288 1953 348 42/7

246 1064 715 1124 SERVER

242 1126 401 1186 behördl.
411 1124 712 1184 konzessioniertes

245 1163 267 1223 en
300 1166 350 1226 für
378 1166 768 1226 Zeitungs-Ausschnitte

340 1225 632 1285 WOLLZEILE
680 1228 721 1288 11

245 1277 404 1337 LEPHON
440 1276 616 1336 R-23-0-43

238 1421 321 1481 hus:

235 1539 400 1599 SLATYP
425 1529 603 1589 NEUKSIY
635 1511 886 1571 ARRIOHTE

479 1634 576 1694 22.
599 1625 728 1685 0K1.
752 1606 847 1666 1937

975 1745 1112 1805 gleichsam
1155 1748 1202 1808 von
1229 1750 1318 1810 innen
1350 1751 1397 1811 her
1419 1755 1482 1815 ihre
1509 1757 1752 1817 Physiognomie
1774 1762 1889 1822 erfaßte
1911 1763 1968 1823 und

232 1766 310 1826 hur
351 1772 657 1832 Schnitzler

969 1790 1097 1850 formte,
1132 1792 1236 1852 wurde
1280 1793 1336 1853 sein
1370 1796 1461 1856 Werk
1499 1800 1556 1860 zum
1609 1802 1723 1862 echten,
1762 1805 1962 1865 ungetrübten

971 1831 1101 1891 Spiegel
1122 1834 1171 1894 der
1192 1837 1272 1897 Zeit.
1293 1837 1377 1897 Nicht
1398 1840 1458 1900 nur
1474 1841 1518 1901 die
1539 1845 1674 1905 Figuren
1700 1848 1795 1908 seiner
1816 1849 1971 1909 Dramen¬

240 1838 316 1898 ten
356 1845 512 1905 gemeldet
544 1849 643 1909 wird,
676 1849 714 1909 ist
746 1855 916 1915 Arthur

968 1876 1061 1936 welt:
1082 1879 1249 1939 Schnitzler
1279 1881 1378 1941 selber
1403 1885 1471 1945 war
1501 1889 1738 1949 Repräsentant
1763 1892 1846 1952 jenes
1882 1892 1965 1952 Wien

234 1886 379 1946 gestrigen
410 1889 566 1949 Mittwoch
593 1894 683 1954 abend
709 1896 743 1956 um
784 1899 834 1959 ¼7
855 1900 920 1960 Uhr

970 1920 1019 1980 der
1044 1923 1206 1983 neunziger
1231 1925 1329 1985 Jahre
1354 1927 1413 1987 und
1438 1929 1487 1989 der
1512 1933 1861 1993 Jahrhundertwende.
1887 1939 1965 1999 Sein

230 1930 253 1990 ll
272 1932 408 1992 erlegen.
432 1935 479 1995 Im
515 1939 710 1999 kommenden
741 1941 818 2001 Mai
836 1945 918 2005 wäre

970 1966 1092 2026 nobler,
1122 1970 1279 2030 graziöser
1318 1971 1382 2031 und
1421 1974 1524 2034 kluger
1569 1978 1770 2038 literarischer
1809 1981 1970 2041 Ausdruck

230 1975 392 2035 eworden.

961 2011 1091 2071 täuschte
1122 2013 1203 2073 nicht
1229 2014 1364 2074 darüber
1395 2019 1536 2079 hinweg,
1567 2022 1597 2082 ja
1643 2022 1754 2082 machte
1795 2024 1855 2084 erst
1891 2028 1966 2088 recht

227 2039 313 2099 tzler,
331 2040 416 2100 Sohn
446 2044 526 2104 eines
555 2047 757 2107 bedeutenden
792 2052 913 2112 Wiener

957 2055 1103 2115 deutlich,
1124 2056 1179 2116 mit
1205 2057 1261 2117 wie
1286 2061 1388 2121 wenig
1414 2064 1581 2124 wirklicher
1607 2067 1876 2127 Lebenssubstanz
1902 2072 1967 2132 eine

223 2085 539 2145 ersitätsprofessors,
560 2093 595 2153 ist
616 2091 716 2151 selber
742 2094 892 2154 ursprüng

965 2099 1151 2159 Generation
1185 2101 1329 2161 auskam,
1353 2106 1434 2166 deren
1473 2108 1669 2168 Wirklichkeit
1698 2110 1741 2170 die
1770 2115 1966 2175 Ornamente

221 2130 249 2190 si,
273 2128 333 2188 und
371 2131 417 2191 oft
446 2133 497 2193 hat
530 2135 596 2195 man
634 2137 699 2197 auch
737 2137 764 2197 in
802 2142 896 2202 seinem

961 2145 1079 2205 waren.
1114 2142 1193 2202 Eine
1218 2146 1287 2206 stets
1322 2151 1500 2211 angeregte,
1520 2153 1589 2213 doch
1619 2155 1648 2215 zu
1683 2156 1777 2216 nichts
1812 2158 1969 2218 verpflich¬

228 2173 306 2233 den
341 2175 415 2235 kühl
440 2178 607 2238 prüfenden
647 2183 705 2243 und
740 2187 902 2247 messenden

959 2186 1062 2246 tende,
1082 2188 1107 2248 im
1152 2189 1235 2249 baren
1270 2192 1374 2252 Nichts
1399 2196 1626 2256 spekulierende
1657 2200 1947 2260 „Nachdenklichkeit

219 2217 307 2277 logen
345 2222 490 2282 erkennen
528 2222 659 2282 wollen.
707 2228 814 2288 Direkt
857 2230 917 2290 mit

960 2231 1087 2291 verhalf
1113 2231 1166 2291 dem
1211 2233 1309 2293 Spiel
1339 2236 1368 2296 zu
1408 2240 1506 2300 seinen
1541 2240 1663 2300 tieferen
1704 2243 1865 2303 Aspekten.
1900 2249 1963 2309 Der

225 2261 271 2321 des
302 2264 462 2324 ärztlichen
494 2267 628 2327 Berufes
665 2270 716 2330 hat
743 2272 773 2332 er
800 2273 846 2333 sich
877 2273 902 2333 in

959 2274 1035 2334 Reiz
1059 2276 1155 2336 dieser
1184 2279 1433 2339 schwankenden,
1453 2283 1500 2343 sich
1530 2284 1606 2344 aus-
1630 2286 1693 2346 und
1722 2291 1951 2351 angleichenden

222 2306 317 2366 nenen
363 2311 549 2371 Schauspiel
585 2315 766 2375 „Professor
807 2315 907 2375 Bern¬

960 2321 1293 2381 Daseinsphilosophie
1314 2324 1348 2384 ist
1364 2325 1419 2385 uns
1445 2327 1530 2387 heute
1551 2327 1662 2387 bereits
1688 2329 1708 2389 in
1733 2331 1778 2391 die
1794 2336 1960 2396 historische

222 2351 371 2411 ergesetzt,
387 2354 438 2414 das
464 2354 490 2414 in
521 2356 619 2416 seiner
640 2360 794 2420 lebhaften
826 2362 908 2422 Zeit¬

956 2366 1085 2426 Distanz
1099 2367 1243 2427 entrückt.
1253 2369 1406 2429 Kräftiger
1426 2371 1478 2431 und
1497 2375 1736 2435 unmittelbarer
1751 2378 1842 2438 rührt
1857 2381 1880 2441 es
1900 2382 1952 2442 uns

212 2393 241 2453 n
271 2399 521 2459 meistgespielten
556 2402 683 2462 Stücken
713 2405 900 2465 Schnitzlers

958 2408 1012 2468 an,
1028 2408 1068 2468 wo
1093 2408 1123 2468 es
1149 2410 1173 2470 in
1200 2411 1360 2471 Wahrheit
1380 2413 1415 2473 um
1451 2417 1546 2477 nichts
1572 2420 1652 2480 mehr
1673 2420 1718 2480 als
1744 2422 1778 2482 um
1819 2426 1959 2486 „Spiel“,

221 2437 273 2497 nen
312 2442 513 2502 dichterischen
552 2445 639 2505 Ruhm
687 2449 797 2509 machte
831 2451 908 2511 nicht

953 2451 997 2511 als
1033 2451 1068 2511 um
1109 2453 1154 2513 die
1185 2455 1321 2515 farbigen
1352 2460 1488 2520 Kulissen
1519 2461 1604 2521 einer
1630 2463 1660 2523 an
1696 2466 1812 2526 leichten
1848 2469 1948 2529 Fäden

221 2482 318 2542 etwas
347 2488 594 2548 unentschiedene
618 2491 758 2551 Ausflug
787 2494 809 2554 in
838 2496 903 2556 eine

951 2497 1102 2557 bewegten
1138 2500 1354 2560 Puppenwelt
1380 2503 1466 2563 geht.
1497 2507 1536 2567 Zu
1573 2506 1678 2566 denken
1719 2510 1789 2570 etwa
1825 2512 1860 2572 an
1896 2512 1946 2572 den

216 2525 319 2585 Fronie
360 2532 551 2592 überzogene
592 2535 769 2595 Aktualität
815 2539 907 2599 öster¬

952 2542 1074 2602 virtuos
1134 2545 1326 2605 gesteigerten
1381 2550 1636 2610 Theaterzauber
1696 2553 1750 2613 des
1799 2554 1947 2614 „Grünen

229 2574 329 2634 seinen
360 2577 561 2637 dichterischen
592 2580 682 2640 Ruhm
723 2584 834 2644 machte
854 2585 899 2645 die

947 2585 1110 2645 Kakadu",
1148 2591 1180 2651 zu
1227 2590 1334 2650 denken
1386 2590 1455 2650 auch
1503 2593 1535 2653 an
1587 2596 1638 2656 den
1689 2599 1945 2659 vielverlästerten

213 2617 238 2677 r
259 2619 451 2679 eigentlichen
483 2623 804 2683 Gesellschaftsstücke.
825 2629 902 2689 Hier

952 2629 1124 2689 „Reigen",
1158 2631 1210 2691 der
1244 2632 1297 2692 die
1331 2635 1431 2695 ewige
1471 2639 1609 2699 erotische
1648 2642 1864 2702 Problematik
1903 2644 1955 2704 der

216 2656 260 2716 ol"
301 2658 351 2718 bis
392 2664 447 2724 zum
498 2667 633 2727 „Weiten
679 2670 804 2730 Land",
835 2673 890 2733 von

952 2676 1197 2736 Schnitzlerwelt
1223 2676 1281 2736 nun
1316 2680 1443 2740 wirklich
1478 2681 1527 2741 bei
1552 2683 1601 2743 der
1631 2687 1758 2747 Wurzel
1783 2691 1861 2751 packt
1891 2691 1945 2751 und

207 2703 227 2763 n
259 2706 444 2766 „Einsamen
476 2709 568 2769 Weg"
600 2712 666 2772 eine
693 2715 899 2775 Atmosphäre

952 2718 996 2778 als
1027 2720 1173 2780 zynisches
1203 2722 1465 2782 Lebenskarussell
1486 2727 1727 2787 vorüberdreht.

239 2745 289 2805 die
329 2750 358 2810 im
414 2754 644 2814 Dämmerlicht
694 2757 794 2817 feiner
834 2760 893 2820 und

1018 2766 1118 2826 Neben
1152 2766 1201 2826 den
1235 2771 1369 2831 Dramen
1404 2775 1475 2835 steht
1500 2777 1543 2837 ein
1577 2779 1683 2839 reiches
1717 2783 1943 2843 erzählerisches

231 2793 388 2853 Konflikte
429 2798 502 2858 oder
547 2799 576 2859 in
621 2802 674 2862 der
715 2805 887 2865 herzhaften

952 2812 1045 2872 Werk,
1061 2813 1114 2873 dos
1139 2814 1163 2874 in
1194 2814 1242 2874 der
1263 2817 1395 2877 knappen
1425 2820 1671 2880 psychologischen
1701 2825 1823 2885 Skizze,
1839 2829 1863 2889 in
1893 2829 1941 2889 der

212 2837 266 2897 sing
296 2837 350 2897 des
385 2841 542 2901 erotischen
578 2846 889 2906 Gesellschaftsspiels

947 2853 1023 2913 intim
1081 2858 1273 2918 gedämpften
1322 2860 1451 2920 Novelle
1495 2864 1542 2924 sich
1586 2867 1840 2927 eigentümlicher
1884 2873 1941 2933 und

201 2879 220 2939 t
241 2881 299 2941 und
324 2882 387 2942 ihre
413 2887 564 2947 Menschen
594 2888 638 2948 als
663 2891 825 2951 Ausdruck
845 2893 893 2953 der

947 2900 1104 2960 fesselnder
1133 2903 1306 2963 ausprägte
1330 2903 1377 2963 als
1406 2906 1435 2966 in
1469 2908 1516 2968 den
1550 2911 1660 2971 großen
1694 2914 1875 2974 Romanen,
1895 2918 1942 2978 die

205 2925 268 2985 kine
300 2928 490 2988 genußfrohe
522 2933 639 2993 Stadt,
661 2936 803 2996 umhüllt
830 2938 882 2998 von

941 2943 998 3003 alle
1017 2943 1060 3003 ein
1084 2945 1199 3005 bißchen
1228 2947 1251 3007 zu
1281 2948 1385 3008 schwer
1405 2949 1438 3009 an
1463 2952 1543 3012 ihrem
1582 2956 1807 3016 Seelenballast
1826 2960 1946 3020 tragen,

211 2971 343 3031 erreifer
386 2974 444 3034 und
488 2975 566 3035 schon
604 2978 731 3038 langsam
780 2981 896 3041 hinab¬

941 2987 988 3047 die
1008 2989 1065 3049 alle
1085 2990 1127 3050 sich
1156 2992 1247 3052 etwas
1271 2993 1395 3053 mühsam
1434 2996 1515 3056 durch
1539 2997 1587 3057 die
1606 2999 1716 3059 Unter=
1736 3002 1793 3062 und
1817 3003 1941 3063 Hinter¬

290 3017 354 3077 und
389 3020 571 3080 Menschen,
596 3020 645 3080 die
675 3023 798 3083 sowohl
833 3027 882 3087 den

939 3035 1057 3095 gründe
1082 3033 1130 3093 der
1156 3037 1406 3097 pfychologischen
1441 3043 1646 3103 Verwicklung
1677 3046 1941 3106 dahinschleppen.

242 3056 321 3116 Reiz
351 3061 434 3121 eines
469 3064 582 3124 leisen,
607 3067 878 3127 unaufhaltsamen

939 3076 1022 3136 Aber
1052 3076 1115 3136 noch
1146 3078 1214 3138 1924
1244 3080 1327 3140 hatte
1352 3082 1405 3142 der
1431 3086 1583 3146 Erzähler
1608 3088 1779 3148 Schnitzler
1805 3093 1863 3153 mit
1888 3094 1937 3154 der

207 3101 303 3161 seichen
337 3106 504 3166 ironischen
538 3109 743 3169 Bewußtheit
773 3115 892 3175 auszu¬

941 3121 1162 3181 meisterhaften
1197 3126 1314 3186 Studie
1344 3130 1510 3190 „Fräulein
1550 3131 1638 3191 Else"
1668 3135 1751 3195 einen
1791 3139 1933 3199 geradezu

259 3151 317 3211 Die
361 3152 583 3212 Problematik
623 3154 724 3214 dieser
764 3160 889 3220 sorglos

939 3166 1165 3226 sensationellen
1197 3168 1326 3228 Erfolg,
1342 3174 1434 3234 dessen
1466 3177 1512 3237 sich
1539 3178 1709 3238 inzwischen
1740 3181 1766 3241 ja
1797 3183 1858 3243 auch
1890 3184 1936 3244 der

196 3193 453 3253 Psychologischen
478 3199 630 3259 Komfort
645 3203 877 3263 ausgestatteten

944 3213 1012 3273 Film
1045 3214 1225 3274 bemächtigt
1247 3214 1310 3274 hat.

204 3238 275 3298 sticht
302 3241 415 3301 immer
442 3243 508 3303 sehr
535 3245 606 3305 tief.
638 3246 699 3306 Die
726 3247 880 3307 Konflikte

1010 3259 1076 3319 Das
1113 3264 1289 3324 kommende
1321 3267 1403 3327 Jahr
1440 3269 1507 3329 1932
1538 3273 1621 3333 sollte
1663 3276 1746 3336 nicht
1782 3277 1844 3337 nur
1886 3277 1927 3337 ein

205 3283 298 3343 ßchen
324 3284 357 3344 an
383 3285 432 3345 der
452 3285 629 3345 Oberfläche
649 3289 733 3349 jenes
758 3293 881 3353 Wiener

941 3305 1069 3365 Goethe=
1089 3304 1148 3364 und
1173 3306 1316 3366 Gerhart
1331 3314 1656 3374 Hauptmann=Jahr,
1681 3318 1710 3378 es
1750 3319 1833 3379 sollte
1863 3323 1932 3383 auch

204 3327 309 3387 eniger
329 3330 390 3390 eine
411 3332 549 3392 Haltung
574 3333 617 3393 als
641 3334 723 3394 einen
752 3337 886 3397 Mangel

935 3345 977 3405 ein
1011 3351 1278 3411 Schnitzler=Jahr
1307 3357 1441 3417 werden.
1484 3360 1551 3420 Nun
1589 3362 1660 3422 wird
1694 3363 1737 3423 die
1766 3364 1847 3424 Welt
1876 3368 1923 3428 den

198 3369 273 3429 sickte
293 3372 353 3432 und
379 3375 464 3435 dessen
495 3378 721 3438 Kraftlosigkeit
742 3381 797 3441 erst
812 3381 882 3441 lite¬

935 3393 1102 3453 siebzigsten
1136 3397 1332 3457 Geburtstag
1361 3402 1548 3462 Schnitzlers
1582 3406 1658 3466 nicht
1687 3407 1768 3467 mehr
1802 3411 1926 3471 begehen

201 3412 276 3472 inen
306 3419 518 3479 Ratlosigkeit,
540 3423 589 3483 zur
615 3425 872 3485 melancholischen

934 3438 1064 3498 können.
1102 3438 1148 3498 Um
1187 3441 1214 3501 so
1243 3443 1363 3503 nötiger
1392 3445 1429 3505 ist
1453 3447 1499 3507 es,
1518 3450 1564 3510 sich
1597 3450 1681 3510 heute
1710 3452 1742 3512 zu
1770 3456 1933 3516 erinnern,

201 3461 373 3521 Daseins
404 3465 595 3525 umstilisiert
616 3467 733 3527 werden
768 3471 866 3531 mußte

928 3478 1033 3538 wolche
1063 3481 1149 3541 Fülle
1174 3481 1231 3541 von
1265 3486 1351 3546 Zeit=
1376 3488 1434 3548 und
1468 3493 1723 3553 Lebensaspekten
1757 3495 1786 3555 im
1829 3497 1930 3557 Werke

210 3506 273 3566 daß
300 3507 464 3567 Schnitzler
486 3512 527 3572 sich
555 3512 581 3572 zu
608 3512 655 3572 der
677 3515 883 3575 Gesellschaft,

930 3525 1107 3585 Schnitzlers
1156 3529 1358 3589 ausbewahrt
1397 3533 1512 3593 bleibt.
1556 3536 1637 3596 Eine
1681 3542 1935 3602 abgeschlossene,

192 3556 250 3616 scht
264 3554 373 3614 kritisch
400 3560 608 3620 distanzierte,
621 3562 686 3622 eben
720 3563 804 3623 indem
843 3570 999 3630 ereine
1032 3572 1201 3632 historische
1235 3579 1364 3639 Epoche.
1410 3581 1501 3641 Aber
1535 3583 1579 3643 ihr
1613 3585 1690 3645 Bild
1730 3588 1768 3648 ist
1795 3590 1827 3650 in
1873 3593 1924 3653 der

2027 1769 2171 1829 spezifisch
2202 1769 2419 1829 Wienerischen
2450 1769 2599 1829 Färbung
2631 1771 2687 1831 von
2724 1772 2817 1832 keinem
2864 1775 3013 1835 deutlicher

2023 1813 2150 1873 geprägt
2173 1813 2294 1873 worden
2323 1812 2366 1872 als
2395 1811 2444 1871 von
2472 1812 2594 1872 Arthur
2617 1813 2799 1873 Schnitzler.
2866 1819 2987 1879 p.r—2.
