3392 4256
179 233 216 293 2

334 240 926 300 Schnitzler's
996 243 1218 303 Death

1433 243 1563 303 box
1638 248 1826 308 42/9

2100 1574 2286 1634 Interessen
2333 1574 2378 1634 als
2418 1577 2682 1637 künstlerischen;
2714 1579 2822 1639 womit
2854 1580 2978 1640 freilich
3009 1581 3078 1641 auch

3159 1583 3287 1643 Dichten

1338 1604 1500 1664 Artur
1539 1604 1827 1664 Schnitzler.

2110 1621 2188 1681 schon
2218 1625 2326 1685 gesagt
2350 1625 2398 1685 ist,
2422 1626 2470 1686 daß
2507 1627 2530 1687 in
2561 1625 2668 1685 Artur
2693 1628 2855 1688 Schnitzler
2886 1628 2951 1688 eine
2982 1631 3077 1691 unge¬

3116 1630 3197 1690 Tod.
3223 1628 3297 1688 Selt

1401 1665 1462 1725 Von
1502 1667 1619 1727 Rudolf
1642 1667 1765 1727 Holzer.

2111 1671 2254 1731 wöhnlich
2285 1673 2447 1733 sensitive,
2472 1676 2659 1736 hellsichtige
2684 1674 2749 1734 Art
2774 1676 2827 1736 der
2847 1677 3075 1737 Empfindung
3112 1679 3226 1739 Werke
3257 1680 3304 1740 ein

2102 1717 2198 1777 ruhte
2230 1720 2287 1780 und
2320 1720 2370 1780 sich
2397 1722 2466 1782 auch
2499 1723 2530 1783 in
2564 1723 2672 1783 seiner
2698 1723 2819 1783 Person
2852 1726 3018 1786 kundgab.

3111 1725 3194 1785 rung
3251 1727 3306 1787 kur

1138 1726 1192 1786 Ein
1224 1726 1303 1786 paar
1328 1726 1463 1786 Monate
1488 1726 1543 1786 vor
1568 1726 1666 1786 seinem
1710 1729 1882 1789 siebzigsten
1913 1728 2072 1788 Geburts¬

3120 1774 3256 1834 einsame
3288 1771 3295 1831 M

1091 1774 1144 1834 tag
1169 1776 1210 1836 ist
1229 1777 1258 1837 er
1283 1777 1349 1837 jetzt
1367 1774 1547 1834 gestorben.
1566 1774 1637 1834 War
1662 1774 1692 1834 er
1716 1777 1794 1837 denn
1825 1776 1956 1836 wirklich
1987 1777 2065 1837 schon

146 1789 425 1849 DOBS

550 1792 781 1852 ERVE

2154 1794 2227 1854 Man
2261 1795 2319 1855 hat
2345 1798 2518 1858 erfahren,
2545 1798 2593 1858 daß
2627 1798 2726 1858 Artur
2760 1800 2925 1860 Schnitzler
2960 1801 2983 1861 in
3017 1800 3074 1860 den

3119 1822 3169 1882 ins
3198 1823 3291 1883 Freie

1093 1827 1122 1887 so
1147 1822 1217 1882 alt?
1242 1822 1319 1882 War
1343 1822 1378 1882 er
1403 1825 1485 1885 denn
1516 1825 1705 1885 überhaupt
1730 1822 1812 1882 „alt"

2104 1844 2423 1904 Vormittagstunden
2460 1846 2559 1906 seines
2590 1848 2790 1908 Todestages
2815 1849 2885 1909 noch
2915 1849 3003 1909 durch
3034 1849 3080 1909 die

246 1846 278 1906 I.
289 1846 411 1906 österr.
422 1847 570 1907 behördl.
581 1849 878 1909 konzessioniertes

3120 1870 3282 1930 grauen",

1135 1870 1176 1930 Es
1207 1872 1273 1932 war
1303 1870 1478 1930 wesentlich
1509 1873 1545 1933 an
1582 1873 1689 1933 Artur
1714 1873 1907 1933 Schnitzler,
1926 1876 1973 1936 sich
2010 1873 2058 1933 nie

203 1888 436 1948 Unternehmen
469 1888 514 1948 für
541 1891 924 1951 Zeitungs-Ausschnitte

2104 1891 2242 1951 Straßen
2283 1894 2381 1954 seines
2416 1894 2571 1954 geliebten
2612 1896 2762 1956 Cottages
2797 1896 2976 1956 wandelte;
3011 1896 3074 1956 noch

3117 1920 3302 1980 Schluß..

1092 1919 1172 1979 mals
1208 1918 1230 1978 in
1266 1918 1318 1978 den
1353 1920 1585 1980 Vordergrund
1620 1920 1648 1980 zu
1684 1921 1811 1981 stellen,
1835 1923 1922 1983 seine
1951 1923 2066 1983 Person

2104 1940 2227 2000 einmal
2257 1941 2319 2001 und
2353 1941 2563 2001 ahnungslos
2598 1943 2677 2003 wird
2712 1944 2767 2004 sein
2802 1944 2893 2004 Auge
2927 1945 3001 2005 über
3035 1945 3080 2005 die

252 1941 402 2001 WIEN,
434 1950 486 2010 I.,
509 1950 788 2010 WOLLZEILE
835 1953 879 2013 11

1094 1965 1158 2025 und
1195 1965 1300 2025 seinen
1342 1968 1436 2028 Ruhm
1484 1968 1536 2028 der
1572 1968 1813 2028 Öffentlichkeit
1844 1968 2049 2028 darzubieten

3160 1970 3241 2030 Man
3270 1971 3303 2031 ko

2105 1989 2129 2049 im
2174 1989 2368 2049 herbstlichen
2406 1988 2537 2048 Prunk,
2556 1992 2744 2052 schweigend
2776 1992 2882 2052 hinter
2914 1992 3063 2052 silbrigem

352 2000 567 2060 TELEPHON
602 2001 777 2061 R-23-0-43

1094 2014 1164 2074 auch
1195 2014 1276 2074 nicht
1301 2015 1347 2075 als
1377 2016 1495 2076 junger
1525 2016 1648 2076 Mensch
1678 2016 1778 2076 waren
1814 2019 1902 2079 seine
1926 2018 2061 2078 Erfolge

3111 2018 3197 2078 Tage
3231 2019 3301 2079 unte

2104 2039 2178 2099 Flor
2214 2037 2422 2097 schwebenden
2464 2040 2597 2100 Wälder
2626 2038 2683 2098 des
2719 2040 3078 2100 Wienerwaldkammes

1100 2064 1179 2124 feine
1204 2062 1327 2122 Person
1358 2064 1536 2124 irgendwie
1568 2065 1653 2125 laut.
1691 2067 1869 2127 Schnitzler
1900 2067 1980 2127 lebte
2011 2067 2066 2127 und

3114 2067 3205 2127 eines
3241 2067 3296 2127 sieb

2102 2085 2294 2145 gewandert
2318 2085 2402 2145 sein.
2451 2086 2517 2146 Der
2547 2088 2691 2148 Dichter,
2740 2088 2794 2148 der
2825 2088 2884 2148 von
2921 2089 3077 2149 frühester

1103 2111 1173 2171 schuf
1198 2111 1226 2171 in
1257 2111 1309 2171 der
1333 2111 1409 2171 Art,
1428 2111 1486 2171 wie
1510 2112 1557 2172 die
1581 2114 1663 2174 alten
1699 2114 1822 2174 Dichter
1847 2113 1946 2173 dieser
1970 2113 2070 2173 Stadt

3117 2114 3270 2174 Zweifel,
3284 2115 3296 2175 u

2105 2132 2230 2192 Jugend
2261 2134 2297 2194 an
2334 2132 2394 2192 mit
2419 2135 2503 2195 einer
2534 2135 2593 2195 fast
2618 2136 2835 2196 körperhaften
2872 2135 2981 2195 Vision
3017 2138 3071 2198 von

148 2141 375 2201 Ausschnitt
398 2141 486 2201 aus:

3113 2162 3243 2222 Dichter
3268 2162 3311 2222 Ar

1096 2156 1161 2216 und
1212 2159 1270 2219 des
1314 2160 1574 2220 österreichischen
1619 2162 1792 2222 Stammes
1844 2162 1944 2222 lebten
2003 2165 2068 2225 und
2105 2175 2169 2235 Tod
2207 2181 2264 2241 und
2294 2182 2431 2242 Sterben
2468 2183 2561 2243 durch
2584 2183 2685 2243 Leben
2715 2183 2779 2243 und
2809 2185 2953 2245 Schaffen
2990 2187 3062 2247 ging

348 2194 552 2254 WIENER
593 2213 813 2273 ZRITUNO

1095 2210 1236 2270 schufen:
1261 2207 1313 2267 von
1349 2210 1443 2270 innen
1479 2210 1549 2270 nach
1579 2210 1703 2270 außen.
1722 2210 1798 2270 Wer
1822 2210 1910 2270 hätte
1940 2213 2075 2273 gewagt,

3122 2210 3172 2270 vor
3210 2213 3310 2273 Jahre

2104 2231 2157 2291 kam
2198 2231 2268 2291 auch
2317 2231 2375 2291 von
2411 2231 2517 2291 seinem
2583 2231 2682 2291 letzten
2719 2234 2949 2294 Spaziergang
3002 2234 3060 2294 nich

3114 2258 3169 2318 als
3204 2261 3279 2321 auch

1090 2257 1171 2317 etwa
1202 2258 1404 2318 Grillparzer
1436 2258 1495 2318 aus
1526 2258 1630 2318 seiner
1654 2259 1751 2319 tiefen
1790 2259 2074 2319 Verschlossenheit
2106 2273 2203 2333 allein
2234 2279 2263 2339 in
2287 2279 2346 2339 sein
2384 2279 2670 2339 Arbeitszimmer;
2693 2280 2798 2340 Artur
2822 2281 3009 2341 Schnitzler,
3032 2281 3076 2341 der

3112 2306 3273 2366 stammte,

1097 2302 1149 2362 ins
1172 2305 1261 2365 Licht
1277 2305 1351 2365 oder
1382 2305 1404 2365 in
1442 2305 1486 2365 die
1510 2306 1749 2366 Öffentlichkeit
1772 2307 1824 2367 des
1855 2307 2004 2367 Alltages
2027 2309 2064 2369 zu
2103 2323 2244 2383 hundert
2275 2328 2454 2388 ersonnene
2485 2328 2649 2388 Gestalten
2688 2329 2807 2389 sterben
2845 2329 2927 2389 hatte
2965 2332 3055 2392 lassen

1095 2354 1221 2414 stellen;
1264 2353 1335 2413 auch
1379 2353 1480 2413 Artur
1518 2356 1710 2416 Schnitzler,
1753 2356 1808 2416 der
1844 2356 1971 2416 Dichter
2020 2354 2067 2414 des

3120 2354 3201 2414 seine
3224 2356 3306 2416 Kraf

156 2368 265 2428 vom:

2101 2372 2163 2432 wie
2192 2374 2253 2434 nur
2282 2374 2309 2434 er
2344 2374 2372 2434 es
2412 2377 2604 2437 vermochte,
2627 2377 2705 2437 starb
2740 2377 2875 2437 leichter,
2904 2377 3078 2437 glücklicher

392 2374 478 2434 23.
502 2376 621 2436 OKT.
644 2380 741 2440 1931

1096 2401 1262 2461 modernen
1301 2402 1408 2462 Wien,
1447 2401 1527 2461 nahm
1576 2401 1630 2461 das
1663 2404 1760 2464 Recht
1787 2404 1846 2464 auf
1873 2404 2067 2464 vornehmste

3161 2407 3261 2467 Artur

2104 2422 2151 2482 als
2181 2423 2263 2483 viele
2287 2425 2388 2485 seiner
2412 2425 2577 2485 poetischen
2613 2425 2748 2485 Kinder.
2761 2425 2808 2485 Ob
2832 2428 2878 2488 sich
2909 2428 2956 2488 ihm
2998 2428 3085 2488 wohl

1098 2451 1197 2511 Stille
1226 2450 1286 2510 und
1314 2451 1513 2511 Einsamkeit
1536 2451 1629 2511 rings
1664 2452 1696 2512 um
1741 2452 1824 2512 seine
1857 2452 1973 2512 Person
2013 2452 2067 2512 und

3117 2458 3233 2518 guter,
3251 2458 3308 2518 tief

2107 2470 2130 2530 in
2166 2471 2218 2531 der
2255 2473 2501 2533 entscheidenden
2543 2473 2696 2533 Sekunde
2726 2473 2779 2533 der
2809 2473 2891 2533 Tod,
2921 2473 2979 2533 mit
3009 2473 3062 2533 dem

1097 2499 1155 2559 sein
1186 2499 1297 2559 Dasein
1333 2499 1356 2559 in
1392 2500 1568 2560 Anspruch.
1593 2499 1692 2559 Artur
1717 2502 1887 2562 Schnitzler
1917 2500 1981 2560 war
2006 2502 2064 2562 und

3117 2504 3184 2564 war
3212 2505 3251 2565 ein

2106 2520 2134 2580 er
2164 2523 2221 2583 auf
2245 2524 2273 2584 so
2303 2523 2394 2583 gutem
2441 2523 2527 2583 Fuße
2557 2524 2718 2584 gestanden
2753 2525 2839 2585 war,
2863 2523 2920 2583 mit
2950 2526 3001 2586 dem
3048 2524 3076 2584 ei

1092 2548 1190 2608 stellte
1225 2549 1253 2609 in
1295 2548 1537 2608 wundervoller
1573 2548 1665 2608 Ruhe
1700 2550 1763 2610 und
1804 2550 1827 2610 in
1875 2550 1972 2610 dieser
2007 2550 2070 2610 Zeit

3115 2554 3189 2614 Zeit
3213 2553 3273 2613 und

2102 2570 2214 2630 durchs
2252 2571 2345 2631 ganze
2377 2571 2477 2631 Leben
2515 2574 2677 2634 gegangen
2715 2571 2802 2631 war,
2834 2574 3077 2634 entschleierte?

1093 2598 1183 2658 selten
1223 2598 1426 2658 gewordener
1460 2597 1697 2657 Vornehmheit
1726 2598 1810 2658 einen
1844 2598 1974 2658 Dichter
2003 2598 2075 2658 dar.

3114 2601 3140 2661 in
3182 2601 3235 2661 das
3270 2599 3289 2659 6

2109 2613 2151 2673 Ob
2180 2617 2208 2677 er
2237 2621 2287 2681 sich
2309 2619 2359 2679 ihm
2403 2619 2523 2679 zeigte?

1093 2646 1240 2706 Niemals
1274 2646 1330 2706 hat
1353 2646 1387 2706 er
1416 2644 1460 2704 sich
1495 2645 1545 2705 ins
1574 2646 1731 2706 Getriebe
1760 2646 1810 2706 der
1845 2646 1986 2706 Politik,
2015 2646 2070 2706 der

3117 2651 3306 2711 Dezenniun

2149 2681 2225 2741 Was
2251 2684 2314 2744 war
2334 2686 2506 2746 Schnitzler
2526 2686 2576 2746 der
2596 2685 2679 2745 Tod,
2699 2687 2749 2747 das
2776 2687 2902 2747 Leben?
2922 2688 3068 2748 Zwischen

1092 2690 1316 2750 Gesellschaft,
1364 2690 1417 2750 des
1453 2692 1648 2752 Ehrgeizes,
1690 2696 1718 2756 ja
1754 2693 1837 2753 nicht
1867 2693 1990 2753 einmal
2021 2691 2067 2751 der

3114 2696 3207 2756 diger
3237 2698 3294 2758 Zeu

2105 2732 2167 2792 Tod
2205 2734 2261 2794 und
2299 2733 2417 2793 Leben,
2443 2735 2523 2795 ohne
2555 2735 2717 2795 eigentlich
2749 2735 2836 2795 einen
2874 2736 3074 2796 Unterschied
3118 2742 3168 2802 nie
3193 2747 3280 2807 mehr

1096 2738 1261 2798 Literatur
1283 2738 1443 2798 begeben;
1465 2741 1564 2801 einige
1592 2741 1685 2801 Male
1713 2741 1779 2801 war
1807 2741 1834 2801 er
1862 2742 1922 2802 auf
1945 2742 2071 2802 törichte

1093 2777 1196 2837 Weise
1216 2788 1339 2848 Anlaß,
1359 2789 1411 2849 daß
1437 2789 1502 2849 Haß
1535 2789 1593 2849 und
1620 2789 1821 2849 Feindschaft
1841 2789 1886 2849 ihn
1919 2789 1977 2849 und
2004 2789 2061 2849 sein
2101 2787 2140 2847 zu
2173 2781 2283 2841 machen
2316 2782 2452 2842 zwischen
2492 2783 2550 2843 Tod
2583 2783 2641 2843 und
2674 2786 2790 2846 Leben,
2811 2786 2920 2846 spielte
2947 2786 2999 2846 sich
3025 2787 3077 2847 des

3117 2794 3195 2854 recht
3222 2794 3294 2854 eind

464 2801 701 2861 g

2108 2831 2245 2891 Dichters
2283 2831 2389 2891 reiches
2422 2831 2634 2891 Lebenswerk
2666 2834 2715 2894 ab.

1093 2836 1186 2896 Werk
1209 2837 1462 2897 umbrandeten;
1480 2837 1584 2897 etliche
1607 2837 1700 2897 Male
1723 2839 1938 2899 verursachten
1966 2837 2071 2897 Werke

3114 2843 3299 2903 zehnjährig

119 2846 148 2906 se
178 2849 421 2909 Abgeordneten
457 2849 735 2909 Hasenauer
765 2849 829 2909 und
859 2849 870 2909 K

1092 2884 1375 2944 leidenschaftliche
1436 2884 1580 2944 Kämpfe
1641 2884 1671 2944 in
1744 2887 1797 2947 der
1865 2886 2063 2946 öffentlichen

3118 2890 3164 2950 als
3185 2890 3293 2950 Franz

126 2896 155 2956 sie
204 2896 264 2956 den
313 2896 512 2956 Bundesrat
537 2896 875 2956 Hauthalerd

2179 2902 2236 2962 Ein
2266 2905 2381 2965 Rätsel,
2396 2903 2469 2963 blick
2484 2904 2527 2964 ich
2549 2905 2635 2965 selber
2665 2908 2723 2968 mir
2746 2908 2795 2968 ins
2818 2908 2947 2968 Antlitz,

1097 2932 1259 2992 Meinung
1282 2932 1293 2992 —
1346 2932 1415 2992 man
1445 2933 1583 2993 vernahm
1625 2934 1781 2994 niemals,
1799 2934 1851 2994 daß
1880 2933 1926 2993 der
1950 2935 2071 2995 Dichter

3111 2938 3197 2998 alten
3246 2938 3298 2998 Wi

2182 2942 2235 3002 Nie
2260 2944 2368 3004 schaut'
2387 2943 2422 3003 ich
2453 2944 2530 3004 also,
2549 2944 2609 3004 doch
2640 2944 2663 3004 so
2688 2946 2790 3006 könnt'
2808 2944 2844 3004 ich
2875 2947 3007 3007 schauen.

128 2946 263 3006 alzburg
300 2945 393 3005 unter
418 2947 577 3007 Führung
607 2946 659 3006 des
690 2947 866 3007 Bundeska

2176 2980 2218 3040 En
2243 2980 2290 3040 ist,
2310 2980 2352 3040 als
2382 2982 2454 3042 wär'
2478 2983 2535 3043 mir
2560 2983 2651 3043 etwas
2675 2983 2876 3043 aufbewahrt,

1093 2981 1185 3041 selbst
1209 2980 1266 3040 vor
1289 2980 1347 3040 sein
1382 2981 1474 3041 Werk
1497 2983 1635 3043 getreten
1671 2983 1768 3043 wäre,
1786 2983 1838 3043 den
1873 2983 1994 3043 Kampf
2017 2983 2069 3043 des

3113 2986 3180 3046 Das
3209 2986 3276 3046 war

129 2995 309 3055 räsidenten
340 2995 405 3055 Dr.
424 2996 604 3056 Ramek.
623 2995 689 3055 Der
714 2995 870 3055 Unterred

2181 3017 2239 3077 Dus
2270 3019 2353 3079 besser
2383 3019 2447 3079 oder
2467 3021 2629 3081 schlimmer
2660 3022 2693 3082 ist
2714 3022 2757 3082 als
2783 3022 2876 3082 alles,

1091 3028 1209 3088 Geistes
1259 3031 1318 3091 auf
1362 3031 1448 3091 einem
1509 3031 1649 3091 anderen
1693 3031 1801 3091 Boden
1850 3032 2067 3092 ausgetragen

3155 3033 3259 3093 Schon

126 3046 153 3106 in
182 3046 468 3106 Bundesminister
505 3048 560 3108 für
589 3048 757 3108 Finanzen
792 3046 855 3106 Dr.

2184 3055 2250 3115 Was
2280 3057 2385 3117 jemals
2414 3057 2447 3117 ich
2476 3060 2591 3120 gedacht
2620 3060 2672 3120 und
2702 3060 2725 3120 je
2754 3060 2854 3120 getan,

1097 3078 1194 3138 hätte.
1218 3078 1316 3138 Artur
1340 3078 1514 3138 Schnitzler
1538 3080 1601 3140 war
1619 3079 1665 3139 ein
1695 3081 1810 3141 feiner,
1828 3081 1926 3141 stiller
1950 3081 2071 3141 Mensch

3112 3081 3283 3141 Schnitzler

2177 3094 2242 3154 Und
2272 3097 2333 3157 eine
2369 3096 2596 3156 lebensdurst'ge
2627 3096 2818 3156 Möglichkeit

1099 3123 1105 3183 —
1162 3126 1199 3186 ein
1231 3129 1382 3189 Künstler
1408 3129 1495 3189 durch
1521 3129 1583 3189 und
1609 3129 1716 3189 durch,
1735 3130 1791 3190 mit
1818 3132 1892 3192 kaum
1930 3132 2068 3192 anderen

3102 3132 3294 3192 Bürgerlie

2183 3136 2326 3196 Verbirgt
2354 3138 2401 3198 sich
2430 3137 2525 3197 hinter
2560 3138 2826 3198 halbgeschlossenen
2861 3138 2983 3198 Lidern.
