3392 4320
204 288 319 348 12.
369 289 960 349 Schnitzler's
1030 291 1261 351 Death

1491 291 1619 351 box
1693 294 1878 354 42/9

2113 504 2808 564 OBSERVER

2201 560 2227 620 l.
2240 560 2361 620 österr.
2370 557 2521 617 behördl.
2530 557 2828 617 konzessioniertes

2157 601 2393 661 Unternehmen
2421 598 2470 658 für
2497 595 2881 655 Zeitungs-Ausschnitte

2210 656 2360 716 WIEN.
2388 659 2433 719 I.,
2460 658 2743 718 WOLLZEILE
2791 654 2829 714 11

2305 710 2525 770 TELEPHON
2557 707 2729 767 R-23-0-43

2078 814 2209 874 Extrait
2230 816 2269 876 du
2303 816 2468 876 Journal:

2076 912 2256 972 Adresse:

2513 983 2573 1043 28
2606 947 2870 1007 vorvone

2067 1007 2162 1067 Date

2256 1240 2420 1300 Arthur
2450 1242 2672 1302 Schnitzler
2693 1237 2720 1297 1

2071 1303 2144 1363 Der
2179 1303 2314 1363 Wiener
2349 1305 2433 1365 Arzt
2485 1308 2547 1368 und
2598 1306 2734 1366 Dichter
2786 1306 2961 1366 Arthur

2029 1357 2262 1417 Schnitzler
2295 1354 2337 1414 ist
2365 1355 2446 1415 nicht
2479 1355 2614 1415 mehr.(.
2631 1356 2679 1416 Er
2712 1354 2793 1414 starb
2848 1355 2966 1415 vorge¬

2037 1404 2096 1464 tern
2132 1401 2162 1461 im
2208 1401 2299 1461 Alter
2335 1402 2390 1462 von
2426 1401 2486 1461 69½
2532 1404 2683 1464 Jahren.
2724 1402 2900 1462 Schnitzler
2931 1400 2971 1460 ist

2025 1452 2104 1512 durch
2139 1450 2188 1510 die
2218 1452 2367 1512 Medizin
2407 1450 2461 1510 zum
2511 1452 2644 1512 Dichter
2699 1452 2887 1512 geworden,
2918 1451 2966 1511 die

2033 1500 2077 1560 ein
2117 1500 2368 1560 Familienerbe
2403 1500 2486 1560 war.
2531 1500 2614 1560 Sein
2654 1500 2778 1560 Vater,
2808 1500 2876 1560 Dr.
2901 1500 2970 1560 Jo¬

2031 1549 2101 1609 jann
2135 1549 2313 1609 Schnitzler
2346 1548 2487 1608 dozierte
2516 1548 2553 1608 an
2587 1547 2638 1607 der
2672 1545 2803 1605 Wiener
2832 1546 2977 1606 Univer¬

2033 1598 2093 1658 ität
2122 1597 2205 1657 über
2234 1599 2481 1659 Laryngologie
2515 1596 2575 1656 und
2613 1596 2696 1656 hatte
2734 1596 2813 1656 viele
2846 1596 2967 1656 Schau¬

2036 1646 2136 1706 pieler
2170 1645 2231 1705 und
2260 1647 2399 1707 Sänger
2428 1648 2461 1708 zu
2499 1646 2690 1706 Patienten.
2734 1643 2781 1703 So
2815 1643 2867 1703 kam
2916 1642 2967 1702 der

2031 1693 2110 1753 sohn
2151 1693 2207 1753 von
2243 1694 2469 1754 Kindsbeinen
2506 1693 2540 1753 an
2581 1693 2641 1753 mit
2667 1693 2797 1753 beiden,
2818 1693 2964 1753 Medizin

2028 1742 2083 1802 und
2119 1745 2239 1805 Kunst,
2260 1741 2290 1801 in
2326 1743 2533 1803 Verührung
2569 1742 2629 1802 und
2665 1742 2720 1802 das
2761 1741 2872 1801 wurde
2908 1741 2963 1801 sein

2029 1793 2187 1853 Schicksal.
2236 1789 2282 1849 Er
2315 1793 2468 1853 studierte
2505 1792 2531 1852 in
2574 1790 2664 1850 Wien
2706 1792 2753 1852 die
2807 1793 2976 1853 Medizin,

2026 1840 2241 1900 promovierte
2273 1837 2363 1897 1885,
2384 1840 2494 1900 wurde
2525 1840 2590 1900 acht
2616 1840 2726 1900 Jahre
2757 1840 2857 1900 später
2888 1836 2968 1896 Assi¬

2028 1888 2101 1948 stent
2126 1890 2229 1950 seines
2259 1888 2386 1948 Vaters
2416 1889 2479 1949 und
2509 1890 2582 1950 ging
2612 1889 2695 1949 dann
2730 1888 2754 1948 in
2789 1888 2842 1948 den
2877 1888 2970 1948 mili¬

2026 1939 2241 1999 tärärztlichen
2284 1939 2402 1999 Dienst
2433 1937 2500 1997 ein.
2542 1939 2650 1999 Allein
2686 1936 2737 1996 die
2769 1936 2872 1996 Kunst
2903 1936 2970 1996 zer¬

2028 1986 2116 2046 störte
2146 1989 2224 2049 diese
2250 1987 2426 2047 Karriere.
2466 1985 2642 2045 Schnitzler
2672 1984 2780 2044 mußte
2815 1984 2883 2044 nach
2913 1986 2967 2046 der

2026 2034 2319 2094 Veröffentlichung
2366 2037 2469 2097 seines
2511 2037 2696 2097 „Leutnant
2733 2032 2845 2092 Gustl"
2882 2033 2969 2093 quit¬

2021 2083 2149 2143 tieren!

2074 2137 2144 2197 Der
2175 2141 2275 2201 junge
2311 2139 2442 2199 Wiener
2478 2139 2564 2199 Arzt
2594 2139 2705 2199 wurde
2761 2139 2847 2199 durch
2903 2139 2958 2199 den

2023 2187 2321 2247 Einakter-Zyklus
2360 2190 2520 2250 „Anatol"
2559 2188 2724 2248 berühmt,
2753 2187 2796 2247 die
2830 2188 2962 2248 grazibs

2025 2237 2084 2297 und
2124 2239 2197 2299 klug
2232 2237 2448 2297 geschrieben,
2478 2237 2690 2297 interessante
2725 2234 2858 2294 Wiener
2897 2233 2966 2293 Ty¬

2022 2287 2076 2347 pen
2107 2286 2273 2346 schildern.
2314 2285 2384 2345 1893
2415 2285 2541 2345 erschien
2582 2287 2666 2347 „Das
2697 2283 2873 2343 Märchen"
2904 2284 2964 2344 und

2022 2336 2099 2396 dann
2146 2336 2197 2396 die
2239 2333 2419 2393 „Liebelei“
2466 2336 2559 2396 eines
2616 2335 2672 2395 der
2720 2336 2962 2396 bedeutendsten

2022 2385 2227 2445 Schauspiele
2255 2384 2293 2444 um
2337 2384 2385 2444 die
2414 2385 2777 2445 Jahrhundertwende.

2079 2449 2120 2509 In
2151 2449 2240 2509 Wien
2276 2449 2369 2509 spielt
2396 2449 2463 2509 auch
2495 2451 2547 2511 das
2578 2449 2692 2509 nächste
2719 2452 2833 2512 Stück:
2860 2449 2973 2509 „Frei¬

2024 2499 2113 2559 wild"
2156 2500 2267 2560 (1806).
2310 2500 2362 2560 In
2400 2499 2479 2559 diese
2511 2501 2622 2561 Jahre
2659 2499 2733 2559 fällt
2760 2499 2807 2559 die
2845 2498 2965 2558 Entste¬

2026 2552 2100 2612 hung
2136 2550 2191 2610 des
2222 2548 2407 2608 „Reigen",
2428 2548 2498 2608 zehn
2539 2549 2664 2609 Szenen
2705 2548 2765 2608 mit
2791 2548 2840 2608 dem
2886 2548 2966 2608 glei¬

2019 2597 2083 2657 schen
2124 2599 2290 2659 erotischen
2331 2599 2577 2659 Grundmotiv,
2607 2597 2657 2657 die
2698 2598 2768 2658 aber
2804 2599 2868 2659 erst
2899 2596 2969 2656 viel

2026 2649 2126 2709 später
2156 2645 2303 2705 gedruckt
2339 2646 2399 2706 und
2440 2645 2525 2705 1920,
2551 2646 2713 2706 durchaus
2769 2644 2849 2704 nicht
2900 2645 2955 2705 dem

2020 2694 2133 2754 Willen
2168 2694 2217 2754 des
2247 2694 2395 2754 Dichters
2425 2694 2666 2754 entsprechend,
2686 2695 2779 2755 unter
2810 2692 2858 2752 dem
2903 2691 2971 2751 Wi¬

2025 2745 2177 2805 derspruch
2213 2745 2483 2805 rechtsstehender
2518 2744 2626 2804 Kreise
2661 2742 2852 2802 aufgeführt
2882 2742 2970 2802 wur¬

2021 2794 2093 2854 den.
2135 2793 2330 2853 Schnitzlers
2362 2793 2475 2853 Werke
2507 2793 2656 2853 entstehen
2693 2793 2754 2853 nun
2791 2792 2816 2852 in
2848 2791 2966 2851 rascher

2031 2843 2138 2903 Folge.
2165 2842 2205 2902 Es
2243 2843 2444 2903 erschienen:
2470 2841 2557 2901 „Das
2594 2840 2821 2900 Vermächtnis
2868 2840 2976 2900 (1897),

2019 2890 2070 2950 die
2101 2890 2173 2950 drei
2205 2891 2379 2951 Einakter:
2411 2891 2668 2951 „Paracelsus",
2710 2890 2797 2950 „Die
2829 2888 2967 2948 Gefähr¬

2019 2941 2106 3001 tin",
2132 2941 2220 3001 „Der
2252 2939 2360 2999 grüne
2391 2939 2546 2999 Kakadu"
2588 2936 2702 2996 (1808),
2728 2936 2784 2996 sein
2827 2939 2976 2999 Drama:

2026 2992 2106 3052 „Der
2137 2990 2282 3050 Schleier
2318 2986 2373 3046 der
2404 2988 2580 3048 Beatrice“
2621 2987 2731 3047 (1899),
2772 2986 2852 3046 dann
2913 2987 2963 3047 der

2021 3038 2318 3098 Cinakterzyklus:
2354 3037 2550 3097 „Lebendige
2586 3037 2782 3097 Stunden",
2828 3035 2964 3095 woraus

2016 3088 2191 3148 besonders
2238 3085 2449 3145 „Literatur“
2491 3085 2692 3145 hervorragt
2750 3085 2862 3145 (1901),
2909 3085 2966 3145 das

2025 3138 2148 3198 Drama
2183 3136 2266 3196 „Der
2296 3134 2438 3194 einsame
2468 3133 2566 3193 Weg“
2601 3133 2714 3193 (1903),
2739 3132 2783 3192 die
2813 3133 2970 3193 Komödie

2021 3184 2300 3244 „Zwischenspiel"
2338 3182 2448 3242 (1904);
2475 3181 2585 3241 ferner
2618 3181 2644 3241 im
2692 3180 2823 3240 gleichen
2861 3181 2971 3241 Jahre

2021 3235 2089 3295 eine
2124 3232 2207 3292 nene
2242 3230 2512 3290 Einakterreihe:
2547 3230 2831 3290 „Marionetten".
2880 3229 2968 3289 „Der

2021 3282 2119 3342 junge
2149 3279 2375 3339 Medardus",
2400 3279 2493 3339 dessen
2533 3277 2725 3337 Titelrolle,
2750 3277 2798 3337 dem
2849 3277 2966 3337 großen

2022 3331 2117 3391 Josef
2143 3330 2248 3390 Kainz
2279 3329 2460 3389 zugedacht,
2486 3326 2537 3386 dem
2588 3324 2739 3384 Künstler
2775 3324 2850 3384 nicht
2886 3327 2971 3387 mehr

2018 3383 2051 3443 zu
2085 3378 2199 3438 spielen
2233 3375 2395 3435 vergönnt
2420 3376 2505 3436 war,
2525 3377 2563 3437 ist
2587 3375 2630 3435 ein
2664 3375 2788 3435 Drama
2822 3374 2879 3434 aus
2913 3375 2960 3435 den

2025 3426 2123 3486 Tagen
2168 3426 2217 3486 der
2253 3426 2425 3486 Besetzung
2460 3423 2578 3483 Wiens
2613 3423 2702 3483 durch
2737 3423 2910 3483 Napoleon
2950 3423 2978 3483 I.

2027 3476 2207 3536 (erschienen
2248 3473 2353 3533 1906).
2399 3473 2520 3533 Diesem
2571 3472 2681 3532 Werke
2737 3471 2837 3531 folgte
2878 3470 2963 3530 „Das

2025 3524 2109 3584 meite
2144 3522 2247 3582 Land"
2292 3519 2404 3579 (1910),
2430 3522 2503 3582 eine
2533 3521 2789 3581 Tragikomödie
2819 3519 2873 3579 des
2913 3520 2971 3580 Al¬

2020 3575 2109 3635 terns
2144 3574 2207 3634 und
2238 3572 2306 3632 1912
2336 3571 2518 3631 „Professor
2548 3571 2755 3631 Berhardi“,
2775 3568 2819 3628 ein
2849 3569 2972 3629 Schau¬

2025 3624 2099 3684 spiel
2124 3621 2183 3681 aus
2223 3621 2272 3681 dem
2322 3620 2490 3680 ärztlichen
2525 3619 2653 3679 Beruf,
2679 3618 2727 3678 bei
2758 3616 2861 3676 seiner
2891 3616 2974 3676 Auf¬

2025 3673 2160 3733 führung
2198 3670 2253 3730 von
2291 3668 2469 3728 politischen
2512 3668 2666 3728 Gruppen
2708 3665 2974 3725 vielumstritten.

2020 3725 2063 3785 Im
2111 3721 2221 3781 Jahre
2255 3717 2327 3777 1915
2366 3718 2534 3778 erschienen
2578 3714 2650 3774 drei
2679 3715 2837 3775 Einakter
2872 3715 2967 3775 unter

2020 3769 2068 3829 dem
2121 3771 2231 3831 Titel:
2285 3766 2462 3826 „Komödie
2497 3763 2554 3823 der
2588 3763 2737 3823 Worte“,
2780 3763 2852 3823 1917
2906 3763 2963 3823 das

2024 3819 2162 3879 schwache
2199 3818 2302 3878 „Fink
2344 3813 2405 3873 und
2442 3813 2705 3873 Fliederbusch",
2752 3811 2824 3871 1919
2876 3814 2963 3874 „Die

2025 3868 2179 3928 Schestern
2218 3865 2295 3925 oder
2329 3863 2497 3923 Casanova
2531 3862 2560 3922 in
2599 3862 2710 3922 Spa“,
2734 3862 2801 3922 1924
2835 3862 2975 3922 „Komö¬

2021 3915 2070 3975 die
2105 3915 2159 3975 der
2189 3912 2425 3972 Verführung"
2465 3911 2528 3971 und
2564 3909 2632 3969 1925
2662 3909 2716 3969 die
2766 3912 2972 3972 dramatische

2021 3963 2207 4023 Dichtung:
2233 3963 2321 4023 „Der
2347 3960 2439 4020 Gang
2477 3960 2533 4020 zum
2575 3957 2740 4017 Weiher“.

2077 4013 2273 4073 Schnitzlers
2310 4011 2475 4071 Eigenart
2511 4010 2573 4070 und
2609 4008 2728 4068 großes
2765 4006 2893 4066 Talent
2925 4005 2971 4065 of¬

2026 4062 2156 4122 fenbart
2182 4064 2232 4124 sich
2263 4059 2349 4119 nicht
2379 4059 2521 4119 weniger
2551 4057 2581 4117 in
2617 4056 2718 4116 seinen
2759 4056 2965 4116 erzählenden

2026 4109 2176 4169 Werken.
2222 4109 2318 4169 Diese
2354 4109 2465 4169 Werke
2501 4107 2566 4167 sind
2602 4106 2784 4166 durchwegs
2840 4106 2971 4166 kürzere

2022 4160 2177 4220 Arbeiten
2223 4159 2434 4219 erzählenden
2485 4155 2651 4215 Inhalts,
2692 4154 2847 4214 Novellen
2908 4153 2968 4213 und
