3392 4320
407 168 528 228 vorigen
566 174 797 234 Jahrhunderts
840 182 995 242 „blühte“,
1025 185 1079 245 und

409 210 530 270 versteht
552 211 586 271 sie
608 214 650 274 als
673 219 754 279 einen
781 222 875 282 Zweig
902 225 949 285 der
971 227 1074 287 großen

407 255 657 315 naturalistischen
692 263 864 323 Bewegung
899 270 976 330 jener
1007 270 1084 330 Zeit.

412 300 480 360 Man
518 300 611 360 nennt
640 301 697 361 das
730 309 873 369 historisch
910 314 1081 374 gewordene

403 342 503 402 Kaffee
529 345 729 405 Griensteidl,
751 350 803 410 das
834 353 924 413 Lokal
947 355 994 415 der
1020 355 1081 415 Zu¬

406 386 648 446 sammenkünfte,
674 389 715 449 wo
749 391 799 451 der
833 395 917 455 Kreis
951 398 996 458 sich
1030 399 1063 459 um

397 427 570 487 Schnitzler,
610 435 879 495 Beer=Hofmann,
919 443 1066 503 Hermann

399 469 499 529 Bahr,
513 476 757 536 Hofmannsthal
775 482 880 542 schloß.

433 513 659 573 Oberflächliche
687 524 971 584 Schematisierung.
1007 527 1078 587 Hof¬

398 557 576 617 mannsthal
603 558 637 618 ist
668 560 694 620 so
724 563 789 623 viel
816 569 994 629 Naturalist
1020 572 1072 632 wie

398 595 567 655 Hölderlin,
590 603 835 663 Beer=Hofmann
868 610 903 670 ist
930 612 974 672 ein
1006 611 1076 671 reli¬

392 641 458 701 giös
490 642 676 702 Gläubiger,
694 648 751 708 und
779 652 938 712 Schnitzler
961 655 995 715 ist
1018 655 1071 715 aus

395 682 441 742 dem
483 682 613 742 Umkreis
647 687 694 747 der
724 691 824 751 Natur
850 694 875 754 in
909 696 959 756 das
993 699 1068 759 Reich

390 722 442 782 des
471 726 617 786 Traumes
650 734 894 794 vorgedrungen.

432 768 524 828 Seine
548 772 728 832 dichterische
751 775 834 835 Welt
858 781 931 841 liegt
955 782 1006 842 auf
1029 783 1079 843 der

391 809 502 869 Grenze
560 810 613 870 von
672 819 953 879 Tag=Wirklichkeit
1011 824 1064 884 und

390 852 732 912 Traum=Wirklichkeit.
796 864 892 924 Ueber
933 864 979 924 die
1011 864 1070 924 Be¬

387 897 568 957 ziehungen,
588 899 628 959 die
656 900 683 960 da
715 905 760 965 hin
793 906 847 966 und
875 906 925 966 her
948 909 1071 969 spielen,

390 940 453 1000 gibt
481 937 531 997 sein
564 942 650 1002 Werk
678 942 724 1002 die
752 945 861 1005 tiefsten
894 951 1072 1011 Phantasie¬

382 981 598 1041 Erkenntnisse.
645 987 686 1047 Es
723 987 760 1047 ist
788 987 833 1047 die
862 991 976 1051 genaue
1004 991 1068 1051 Pa¬

387 1024 487 1084 rallele
516 1026 564 1086 der
593 1028 942 1088 Vernunft=Erkenntnis
976 1034 1062 1094 Sieg¬

387 1066 473 1126 mund
501 1069 684 1129 Freuds.
721 1070 780 1130 Die
803 1074 899 1134 beiden
931 1077 1064 1137 Männer

387 1109 479 1169 hatten
513 1112 540 1172 im
578 1115 773 1175 persönlichen
807 1119 983 1179 Verhältnis
1012 1121 1063 1181 zu¬

384 1153 526 1213 einander
553 1156 602 1216 das
633 1159 748 1219 Gefühl
775 1160 855 1220 eines
887 1163 1064 1223 geheimnis¬

383 1195 474 1255 vollen
511 1201 828 1261 Doppelgängertums
865 1206 887 1266 in
929 1207 1060 1267 verschie¬

385 1239 471 1299 denen
502 1243 779 1303 Lebensbereichen.

422 1288 594 1348 Schnitzlers
623 1294 814 1354 dichterisches
842 1297 1043 1357 Kernproblem

386 1327 422 1387 ist
442 1328 450 1388 —
498 1333 572 1393 nicht
591 1333 674 1393 Liebe
698 1336 754 1396 und
778 1336 856 1396 Tod,
871 1338 922 1398 das
950 1339 983 1399 ist
1002 1341 1057 1401 nur

387 1374 569 1434 Oberfläche,
588 1378 729 1438 sondern:
748 1381 884 1441 Freiheit
908 1383 959 1443 und
987 1381 1062 1441 Ver¬

383 1416 596 1476 antwortung.
614 1416 714 1476 Darum
756 1422 848 1482 kreiste
874 1423 924 1483 sein
954 1425 1058 1485 ganzes

383 1457 494 1517 Denken
529 1461 584 1521 und
619 1464 855 1524 Phantasieren.
877 1467 932 1527 Die
967 1469 1057 1529 unge¬

380 1501 486 1561 heuren
518 1503 681 1563 Konflikte,
708 1508 752 1568 die
784 1510 947 1570 entstehen,
970 1512 1049 1572 wenn

381 1542 425 1602 die
448 1548 666 1608 Naturgesetze,
684 1551 768 1611 denen
800 1551 848 1611 der
871 1551 982 1611 Mensch
1009 1555 1053 1615 als

380 1590 613 1650 Naturgeschöpf
646 1594 852 1654 unterworfen
894 1598 945 1658 ist,
978 1599 1052 1659 seine

380 1631 513 1691 Freiheit
565 1632 621 1692 und
678 1637 936 1697 Verantwortung
993 1639 1057 1699 ein¬

379 1676 521 1736 schränken
555 1675 624 1735 oder
659 1680 801 1740 aufheben
836 1682 848 1742 —
900 1685 956 1745 das
987 1685 1051 1745 An¬

381 1718 492 1778 schauen
532 1720 620 1780 dieser
656 1724 807 1784 Konflikte
843 1726 913 1786 löste
949 1729 1051 1789 immer

378 1760 485 1820 wieder
512 1763 556 1823 die
583 1766 814 1826 Erschütterung
842 1769 868 1829 in
899 1772 943 1832 ihm
984 1772 1059 1832 aus,

375 1803 422 1863 die
447 1805 494 1865 ihn
528 1808 700 1868 schöpferisch
739 1813 859 1873 machte.
878 1812 964 1872 Diese
993 1811 1050 1871 Be¬

373 1847 502 1907 deutung
533 1850 586 1910 hat
618 1849 662 1909 die
698 1857 1046 1917 Vordergrundstellung

373 1886 421 1946 des
452 1893 643 1953 Trieblebens
674 1896 701 1956 in
737 1896 824 1956 seinen
857 1900 993 1960 Stoffen.

417 1931 471 1991 Der
501 1934 615 1994 geistige
646 1939 759 1999 Mensch
794 1941 953 2001 Schnitzler
978 1944 1051 2004 steht

373 1978 522 2038 unendlich
550 1981 629 2041 hoch.
656 1981 717 2041 Das
745 1984 828 2044 Wort
846 1986 961 2046 wahr
983 1988 1049 2048 ver¬

373 2021 454 2081 trägt
478 2022 568 2082 keinen
600 2026 800 2086 Superlativ,
823 2028 891 2088 weil
909 2028 936 2088 es
964 2030 1050 2090 selbst

370 2064 442 2124 schon
488 2066 528 2126 ein
569 2068 751 2128 Superlativ
787 2070 837 2130 ist;
869 2072 937 2132 aber
978 2073 1037 2133 man

367 2107 444 2167 wird
472 2109 545 2169 nicht
568 2109 649 2169 leicht
668 2112 786 2172 jemand
810 2115 928 2175 finden,
946 2118 996 2178 der
1019 2116 1042 2176 so

367 2151 484 2211 würdig
526 2155 621 2215 wäre,
653 2157 744 2217 diesen
785 2158 967 2218 Superlativ
1008 2161 1035 2221 zu

370 2196 488 2256 tragen.
525 2196 598 2256 Sein
640 2199 735 2259 Wesen
777 2202 840 2262 war
877 2204 1050 2264 Wahrheit.

371 2239 406 2299 Es
442 2239 503 2299 war
535 2240 614 2300 keine
645 2240 734 2300 Spur
770 2245 818 2305 von
858 2246 1034 2306 Affektation

368 2280 437 2340 oder
461 2285 766 2345 Selbstinszenierung
795 2288 818 2348 in
847 2291 922 2351 ihm.
946 2291 987 2351 Es
1016 2291 1048 2351 ist

364 2327 390 2387 in
427 2327 537 2387 tiefstem
578 2329 679 2389 Sinne
712 2330 839 2390 niemals
876 2335 935 2395 eine
968 2335 1045 2395 Lüge

366 2369 432 2429 oder
460 2371 521 2431 auch
548 2372 601 2432 nur
623 2374 854 2434 Halbwahrheit
877 2378 947 2438 über
970 2378 1040 2438 seine

364 2413 471 2473 Lippen
506 2416 681 2476 gekommen.
717 2418 789 2478 Dies
819 2420 875 2480 gab
905 2421 956 2481 der
982 2421 1042 2481 Be¬

362 2455 497 2515 rührung
530 2458 582 2518 mit
606 2458 647 2518 ihm
685 2460 740 2520 das
764 2464 988 2524 Einzigartige.

405 2500 554 2560 Vernunft
573 2502 794 2562 disziplinierte
813 2506 864 2566 sein
893 2509 1047 2569 Schaffen.

366 2542 420 2602 Sie
443 2544 501 2604 war
520 2544 592 2604 stark
611 2545 633 2605 in
661 2546 738 2606 ihm,
752 2548 784 2608 sie
807 2551 925 2611 duldete
943 2551 1034 2611 nichts

367 2587 536 2647 Halbklares
573 2588 628 2648 und
665 2593 972 2653 Halbdurchdachtes,
1005 2595 1041 2655 sie

361 2628 465 2688 verbot
488 2629 533 2689 ihm
570 2629 629 2689 jede
657 2632 801 2692 voreilige
825 2636 983 2696 Ausflucht
1006 2636 1029 2696 in

363 2670 405 2730 die
430 2673 626 2733 Metaphysik.
660 2673 755 2733 Darin
784 2677 817 2737 ist
837 2679 860 2739 er
885 2679 923 2739 ein
947 2679 1038 2739 Nach¬

362 2714 468 2774 komme
513 2715 562 2775 der
612 2718 718 2778 großen
768 2721 936 2781 Franzosen
991 2722 1039 2782 des

363 2758 409 2818 19.
428 2760 671 2820 Jahrhunderts.
709 2761 778 2821 Sein
807 2765 942 2825 Schaffen
976 2765 1031 2825 war

361 2801 433 2861 nicht
457 2803 606 2863 mühelos.
648 2804 688 2864 An
721 2805 766 2865 den
798 2808 911 2868 meisten
944 2808 1030 2868 seiner

361 2842 457 2902 Stoffe
476 2846 529 2906 hat
544 2846 573 2906 er
592 2848 838 2908 jahrzehntelang
863 2849 1041 2909 gearbeitet,

358 2885 386 2945 er
414 2886 465 2946 hat
490 2888 526 2948 sie
555 2890 578 2950 in
611 2890 658 2950 die
687 2891 921 2951 verschiedensten
959 2894 1034 2954 For¬

353 2928 413 2988 men
443 2933 559 2993 gefaßt,
582 2933 633 2993 und
663 2936 792 2996 niemals
819 2938 896 2998 hatte
922 2936 951 2996 er
978 2938 1029 2998 das

361 2973 485 3033 Gefühl,
505 2975 591 3035 fertig
625 2978 653 3038 zu
687 2978 758 3038 sein.
802 2978 840 3038 Er
869 2978 960 3038 liebte
989 2982 1032 3042 es,

358 3017 388 3077 an
418 3017 563 3077 mehreren
594 3020 705 3080 Stoffen
735 3023 975 3083 nebeneinander
997 3026 1022 3086 zu

354 3061 505 3121 arbeiten.
540 3061 607 3121 Sich
634 3063 718 3123 heute
740 3066 762 3126 in
793 3066 838 3126 die
860 3067 940 3127 eine,
958 3067 1033 3127 mor¬

358 3105 402 3165 gen
435 3104 457 3164 in
490 3106 548 3166 eine
572 3106 644 3166 ganz
668 3106 777 3166 andere
800 3109 890 3169 seiner
919 3110 1032 3170 Gestal¬

353 3145 399 3205 ten
437 3147 466 3207 zu
504 3149 713 3209 verwandeln,
743 3153 793 3213 das
831 3154 940 3214 machte
969 3154 1015 3214 ihm

360 3193 490 3253 Freude;
514 3191 565 3251 das
593 3192 658 3252 war
687 3195 733 3255 die
757 3196 855 3256 Kunst
879 3198 911 3258 am
953 3195 1027 3255 The¬

354 3234 435 3294 ater,
454 3236 481 3296 am
523 3238 747 3298 Schauspielen.

395 3276 531 3336 Musik
554 3279 612 3339 war
640 3281 689 3341 das
722 3282 830 3342 andere
858 3282 1025 3342 Grundele¬

353 3320 432 3380 ment
455 3321 543 3381 seines
570 3322 707 3382 Wesens,
725 3324 773 3384 das
800 3324 849 3384 der
871 3327 1026 3387 Vernunft

349 3364 403 3424 das
431 3366 654 3426 Gleichgewicht
677 3368 763 3428 hielt.
805 3366 846 3426 Es
874 3369 937 3429 war
965 3371 1023 3431 eine

357 3408 539 3468 musikalische
568 3411 802 3471 Produktivität
826 3411 854 3471 in
887 3414 961 3474 ihm,
995 3412 1022 3472 er

349 3451 452 3511 konnte
479 3450 509 3510 am
552 3453 673 3513 Klavier
699 3456 785 3516 lange
811 3456 1035 3516 phantasieren.

351 3491 377 3551 in
413 3493 489 3553 einem
533 3495 604 3555 ganz
631 3500 898 3560 eigentümlichen,
921 3500 1027 3560 unver¬

356 3536 497 3596 geßbaren
540 3537 620 3597 Ton.
667 3541 728 3601 Und
776 3540 814 3600 ist
852 3542 932 3602 nicht
974 3542 1026 3602 das

352 3580 529 3640 Eigentliche
558 3581 618 3641 auch
647 3583 674 3643 in
707 3583 795 3643 seiner
824 3584 1015 3644 dichterischen

358 3623 536 3683 Produktion
585 3624 628 3684 ein
681 3626 922 3686 Musikalisches:
966 3626 1023 3686 klar

352 3666 549 3726 übersehbare
579 3667 688 3727 Form,
708 3670 900 3730 Rhythmus,
926 3667 1028 3727 Melo¬

354 3707 425 3767 die?

389 3751 595 3811 Oesterreicher
622 3754 704 3814 durch
726 3756 782 3816 und
809 3757 886 3817 durch
913 3757 974 3817 war
995 3755 1021 3815 er

353 3793 376 3853 in
410 3796 501 3856 seinem
545 3799 722 3859 Verhältnis
751 3798 803 3858 zur
833 3799 947 3859 Natur.
967 3799 1024 3859 Die

349 3841 521 3901 Landschaft
564 3841 717 3901 bedeutete
760 3841 806 3901 ihm
867 3841 1020 3901 unendlich

353 3883 425 3943 viel.
449 3882 489 3942 Am
535 3882 639 3942 Rande
667 3882 712 3942 der
745 3882 908 3942 Großstadt
936 3882 1026 3942 ange¬

356 3928 468 3988 siedelt,
482 3927 534 3987 hat
553 3927 580 3987 er
604 3927 651 3987 sein
679 3929 787 3989 ganzes
811 3927 899 3987 Leben
923 3929 946 3989 in
975 3927 1021 3987 der

352 3972 452 4032 Natur
481 3972 649 4032 verbracht.
678 3971 741 4031 Auf
770 3972 957 4032 Ausflügen,
991 3970 1019 4030 zu

353 4017 433 4077 denen
465 4019 525 4079 jede
556 4017 749 4077 Gelegenheit
774 4017 886 4077 benützt
912 4017 1028 4077 wurde,

1142 183 1317 243 Bewegung.
1346 186 1483 246 Arbeiten
1526 191 1579 251 und
1617 192 1800 252 Spazieren¬

1131 226 1210 286 gehen
1262 228 1376 288 nannte
1420 229 1451 289 er
1487 231 1538 291 das
1578 233 1661 293 Beste
1709 235 1799 295 seines

1136 267 1252 327 Lebens.
1270 270 1349 330 Sehr
1374 273 1445 333 viele
1466 273 1558 333 seiner
1583 276 1717 336 Arbeiten
1742 278 1796 338 sind

1132 309 1151 369 im
1184 311 1277 371 Gehen
1307 314 1331 374 in
1360 313 1404 373 der
1429 315 1600 375 Landschaft
1616 319 1783 379 entstanden

1166 352 1252 412 Seine
1292 354 1387 414 tiefste
1423 358 1609 418 Eigenschaft
1649 363 1709 423 war
1753 363 1800 423 der

1129 392 1247 452 Humor.
1267 398 1412 458 Niemand
1440 399 1537 459 konnte
1562 400 1585 460 so
1609 404 1722 464 lachen,
1742 406 1797 466 mit

1124 437 1254 497 niemand
1291 440 1393 500 konnte
1425 442 1488 502 man
1524 443 1548 503 so
1584 447 1694 507 lachen.
1738 448 1793 508 Ein

1124 1533 1189 1593 Ein
1228 1537 1536 1597 unbekanntes
1567 1545 1757 1605 Jugend¬

1228 1578 1311 1638 bild
1349 1582 1418 1642 des
1446 1584 1650 1644 Dichters

1102 1664 1124 1724 so
1157 1663 1265 1723 klarer,
1289 1667 1484 1727 einsichtiger,
1507 1670 1775 1730 unverschwindel¬

1098 1706 1137 1766 ter
1169 1707 1279 1767 Mensch
1307 1709 1386 1769 hätte
1414 1710 1489 1770 ohne
1512 1712 1564 1772 das
1596 1715 1676 1775 wohl
1699 1715 1774 1775 nicht

1101 1748 1175 1808 leben
1209 1751 1334 1811 können.
1368 1748 1409 1808 Es
1452 1754 1518 1814 war
1548 1757 1623 1817 nicht
1653 1758 1773 1818 Ironie,

1097 1793 1302 1853 Sarkasmus,
1332 1796 1520 1856 Zynismus,
1554 1799 1675 1859 sondern
1722 1802 1771 1862 der

1097 1835 1172 1895 ganz
1205 1834 1293 1894 echte,
1323 1837 1427 1897 große,
1457 1840 1770 1900 naturunmittelbare

1097 1876 1221 1936 Humor,
1238 1879 1286 1939 dem
1327 1880 1379 1940 wir
1404 1882 1489 1942 unter
1513 1882 1561 1942 den
1590 1884 1687 1944 Gaben
1715 1885 1763 1945 des

1099 1921 1240 1981 Menschen
1276 1922 1355 1982 einen
1391 1924 1479 1984 ersten
1510 1927 1687 1987 Ehrenplatz
1714 1929 1766 1989 an¬

1096 1965 1196 2025 weisen
1225 1966 1330 2026 sollen.

1353 2008 1469 2068 Viktor
1496 2011 1737 2071 Zuckerkandl.

1270 2208 1571 2268 Schuitzler

1394 2265 1455 2325 Von

1259 2327 1410 2387 Stefan
1444 2330 1589 2390 Zweig

1131 2393 1199 2453 Fast
1218 2393 1304 2453 alles,
1323 2395 1381 2455 was
1404 2396 1523 2456 Europa
1551 2398 1604 2458 und
1633 2396 1764 2456 Amerika

1087 2431 1134 2491 von
1177 2437 1298 2497 unserer
1338 2437 1467 2497 Kultur,
1498 2438 1550 2498 von
1593 2438 1641 2498 der
1676 2440 1762 2500 durch

1086 2477 1240 2537 besondere
1278 2479 1428 2539 Mischung
1470 2479 1526 2539 und
1564 2482 1686 2542 Geschick
1715 2483 1766 2543 be¬

1083 2520 1198 2580 dingten
1230 2521 1399 2581 Lebensart
1426 2524 1622 2584 Oesterreichs
1654 2527 1769 2587 wissen,

1086 2563 1135 2623 das
1176 2563 1267 2623 wissen
1308 2563 1344 2623 sie
1381 2565 1463 2625 durch
1504 2569 1663 2629 Schnitzler
1700 2569 1754 2629 und

1084 2604 1167 2664 durch
1199 2607 1242 2667 ihn
1278 2608 1379 2668 allein.
1425 2608 1530 2668 Diesem
1575 2611 1667 2671 klaren
1703 2611 1755 2671 und

1084 2647 1198 2707 wahren
1221 2649 1331 2709 Zeugen
1358 2649 1407 2709 hat
1429 2650 1500 2710 seine
1518 2652 1633 2712 Heimat
1655 2652 1761 2712 außer¬

1080 2688 1235 2748 ordentlich
1267 2691 1294 2751 zu
1331 2694 1458 2754 danken,
1482 2694 1532 2754 daß
1569 2694 1609 2754 ein
1642 2697 1755 2757 Oester¬

1085 2732 1169 2792 reich,
1192 2736 1307 2796 welches
1339 2735 1361 2795 in
1397 2736 1490 2796 seiner
1517 2739 1753 2799 weltpolitischen

1082 2775 1184 2835 Macht
1208 2778 1305 2838 längst
1329 2778 1492 2838 vergangen
1525 2781 1581 2841 und
1609 2783 1632 2843 in
1665 2782 1753 2842 seiner

1079 2820 1214 2880 geistigen
1257 2820 1518 2880 lebensgefährlich
1556 2823 1682 2883 bedroht
1715 2827 1761 2887 ist,

1080 2860 1198 2920 dennoch
1227 2861 1365 2921 unbeirrt
1393 2863 1443 2923 und
1472 2866 1681 2926 unverändert
1701 2867 1752 2927 von

1074 2903 1121 2963 der
1148 2903 1335 2963 Gegenwart
1366 2905 1417 2965 und
1449 2908 1609 2968 Geschichte
1636 2912 1679 2972 als
1710 2910 1749 2970 ein

1082 2945 1256 3005 Lebendiges
1287 2948 1470 3008 weiterlebt.

1121 2988 1196 3048 Denn
1228 2993 1281 3053 alle
1308 2993 1459 3053 Elemente
1486 2996 1606 3056 unserer
1629 2996 1762 3056 gemisch¬

1078 3034 1119 3094 ten
1149 3034 1202 3094 und
1228 3035 1295 3095 eben
1324 3035 1404 3095 durch
1429 3038 1634 3098 Vermischung
1664 3038 1759 3098 eigen¬

1079 3076 1187 3136 artigen
1221 3076 1328 3136 Nation
1362 3078 1454 3138 waren
1487 3079 1512 3139 in
1542 3079 1633 3139 seinem
1671 3078 1758 3138 weit¬

1081 3120 1230 3180 räumigen
1266 3118 1350 3178 Werk
1382 3124 1611 3184 lebenswirklich
1643 3124 1757 3184 vertre¬

1078 3161 1140 3221 ten,
1167 3163 1211 3223 die
1242 3165 1317 3225 alte,
1345 3165 1389 3225 die
1420 3165 1495 3225 neue
1527 3166 1589 3226 Zeit
1620 3166 1673 3226 und
1709 3167 1753 3227 ihr

1078 3205 1264 3265 Uebergang,
1287 3208 1364 3268 Adel
1397 3208 1451 3268 und
1483 3209 1688 3269 Bürgertum,
1706 3209 1751 3269 die

1078 3250 1172 3310 Stadt
1194 3250 1250 3310 und
1276 3250 1327 3310 das
1354 3251 1448 3311 Land,
1466 3251 1517 3311 das
1543 3252 1664 3312 Sterben
1699 3252 1750 3312 und

1072 3294 1511 3354 Doch=nicht=Sterben=Wollen
1538 3297 1658 3357 unserer
1676 3297 1747 3357 Kul¬

1074 3333 1119 3393 tur
1145 3337 1198 3397 und
1224 3336 1274 3396 der
1300 3338 1400 3398 innere
1425 3339 1542 3399 Glaube
1568 3338 1613 3398 des
1639 3339 1751 3399 Oester¬

1074 3378 1195 3438 reichers
1229 3381 1285 3441 und
1318 3381 1369 3441 sein
1403 3381 1567 3441 skeptisches
1595 3381 1745 3441 Nicht-an¬

1074 3426 1418 3486 sich=Glauben=wollen,
1442 3426 1518 3486 seine
1546 3427 1745 3487 Melancholie

1074 3467 1128 3527 und
1160 3467 1232 3527 seine
1255 3470 1382 3530 Ironie,
1401 3468 1441 3528 all
1464 3467 1555 3527 dieses
1582 3467 1750 3527 Merkwür¬

1073 3507 1135 3567 dige
1157 3509 1210 3569 und
1232 3511 1347 3571 einmal
1369 3511 1581 3571 Verbundene,
1595 3511 1647 3571 das
1674 3512 1749 3572 keine

1075 3553 1195 3613 Formel
1221 3554 1392 3614 ausdrücken
1427 3555 1495 3615 kann
1526 3556 1581 3616 und
1612 3555 1663 3615 das
1693 3556 1749 3616 nur

1072 3596 1245 3656 anschaulich
1283 3599 1357 3659 wird
1395 3597 1479 3657 durch
1517 3597 1671 3657 wahrhaft
1700 3601 1751 3661 ge¬

1076 3638 1169 3698 sehene
1197 3640 1342 3700 Gestalten
1375 3641 1454 3701 eines
1483 3643 1632 3703 Dichters.

1170 3733 1250 3793 Der
1286 3736 1356 3796 70.
1377 3742 1635 3802 Geburtstag

1113 3793 1226 3853 Felix
1263 3799 1418 3859 Salten
1454 3802 1588 3862 erzählt:

1112 3838 1150 3898 Es
1170 3838 1203 3898 ist
1222 3840 1285 3900 noch
1309 3841 1357 3901 gar
1382 3844 1453 3904 nicht
1473 3844 1497 3904 so
1521 3847 1607 3907 lange
1627 3847 1694 3907 her,
1709 3847 1737 3907 da

1072 3879 1132 3939 traf
1152 3881 1184 3941 ich
1208 3883 1366 3943 Schnitzler
1390 3885 1469 3945 eines
1493 3888 1685 3948 Vormittags
1713 3888 1731 3948 in

1072 3922 1117 3982 der
1145 3924 1249 3984 Stadt.
1291 3927 1358 3987 Wir
1386 3930 1512 3990 sprachen
1545 3930 1595 3990 von
1631 3932 1722 3992 seinem

1071 3964 1117 4024 70.
1146 3968 1351 4028 Geburtstag.
1398 3974 1487 4034 „Was
1525 3972 1604 4032 sagen
1642 3969 1716 4029 Sie?

1069 4011 1130 4071 rief
1162 4014 1208 4074 er,
1240 4014 1296 4074 und
1338 4017 1415 4077 hatte
1457 4017 1628 4077 aufrichtige
1664 4016 1741 4076 Ent¬

1867 164 1953 224 Hrra
2217 174 2228 234 d

1853 207 1934 267 zählt
1956 207 1982 267 zu
2012 209 2059 269 den
2090 214 2215 274 wenigen
2246 224 2379 284 Dingen,
2397 229 2439 289 die
2461 233 2504 293 ihm

1849 249 1928 309 nicht
1947 253 2073 313 passiert
2093 258 2167 318 sind.

2050 407 2300 467 „Flückt

1877 503 1918 563 in
1979 506 2063 566 die
2107 515 2414 575 Finsternis

2045 595 2312 655 Schnitzlers

1957 635 2105 695 letztes
2135 644 2382 704 Prosawerk

1870 694 1912 754 In
1950 695 2043 755 seinen
2076 702 2282 762 Erzählungen
2320 707 2357 767 ist
2386 709 2432 769 die
2466 712 2512 772 ge¬

1843 740 2010 800 stalterische
2037 747 2129 807 Kraft
2152 751 2323 811 Schnitzlers
2355 755 2380 815 in
2412 758 2504 818 seinen

1836 789 1923 849 letzten
1966 794 2184 854 Lebensjahren
2230 799 2297 859 weit
2339 803 2415 863 über
2461 806 2507 866 die

1836 837 2041 897 dramatischen
2083 844 2184 904 Werke
2218 851 2515 911 hinausgewachsen,

1831 882 1875 942 die
1898 888 1991 948 seinen
2027 891 2111 951 Ruhm
2151 894 2351 954 ursprünglich
2383 903 2511 963 begrün¬

1835 932 1932 992 deten.
1955 937 2043 997 Diese
2062 939 2163 999 epische
2187 944 2430 1004 Geschlossenheit
2453 951 2506 1011 und

1830 982 1936 1042 immer
1968 985 2132 1045 erweiterte
2164 990 2380 1050 Verfeinerung
2423 997 2505 1057 einer

1831 1029 1902 1089 ganz
1940 1032 2153 1092 individuellen
2191 1037 2308 1097 Technik
2350 1042 2497 1102 steigerten

1833 1078 1875 1138 sich
1905 1079 1968 1139 noch
1994 1079 2019 1139 in
2049 1080 2138 1140 seinem
2177 1083 2270 1143 letzten
2300 1086 2431 1146 Roman.

1869 1130 2032 1190 „Flucht
2067 1132 2100 1192 in
2139 1134 2206 1194 die
2240 1139 2505 1199 Finsternis“

1827 1178 1991 1238 (erschienen
2029 1180 2058 1240 im
2100 1180 2142 1240 S.
2166 1184 2425 1244 Fischer=Verlag)
2459 1193 2505 1253 hat

1829 1227 1873 1287 als
1913 1227 1975 1287 eine
2016 1231 2210 1291 medizinische
2251 1233 2362 1293 Studie
2397 1239 2503 1299 wieder

1826 1276 2079 1336 Zusammenhang
2110 1279 2161 1339 mit
2179 1279 2226 1339 den
2253 1281 2334 1341 ersten
2364 1284 2497 1344 Motiven

1824 1325 1881 1385 und
1939 1327 2151 1387 Erfahrungen
2210 1329 2262 1389 von
2325 1333 2497 1393 Schnitzlers

1823 1375 1960 1435 Jugend,
1983 1376 2036 1436 der
2063 1378 2138 1438 Arzt
2165 1378 2227 1438 war
2258 1379 2311 1439 und
2343 1380 2369 1440 es
2400 1383 2506 1443 inner¬

1827 1419 1871 1479 lich
1895 1425 2045 1485 geblieben
2073 1424 2118 1484 ist.
2150 1425 2191 1485 So
2219 1425 2250 1485 ist
2269 1427 2328 1487 hier
2356 1428 2415 1488 noch
2443 1429 2501 1489 ein¬

1830 1470 1890 1530 mal
1909 1470 1951 1530 die
1970 1471 2058 1531 ganze
2082 1470 2161 1530 Welt
2181 1475 2423 1535 Schnitzlerischer
2442 1478 2502 1538 Ge¬

1822 1518 1918 1578 stalten
1964 1521 2132 1581 vereinigt:
2165 1520 2215 1580 das
2256 1524 2366 1584 Milieu
2412 1526 2498 1586 kulti¬

1822 1565 1928 1625 vierten
1964 1566 2084 1626 Wiener
2121 1569 2338 1629 Bürgertums,
2361 1571 2405 1631 die
2437 1571 2503 1631 Mi¬

1821 1612 1918 1672 schung
1945 1614 2078 1674 geistiger
2101 1616 2153 1676 und
2181 1619 2327 1679 erotischer
2350 1621 2500 1681 Elemente

1825 1659 1877 1719 und
1908 1661 1952 1721 die
1983 1664 2177 1724 eigenartigen
2212 1667 2401 1727 Uebergänge
2428 1669 2498 1729 zwi¬

1825 1710 1886 1770 schen
1922 1709 2023 1769 Traum
2068 1711 2121 1771 und
2156 1713 2359 1773 Wirklichkeit.
2408 1718 2487 1778 Denn

1819 1754 1868 1814 aus
1898 1756 1949 1816 den
1983 1760 2163 1820 Wahnideen
2193 1762 2243 1822 des
2273 1763 2412 1823 kranken,
2434 1765 2483 1825 dem

1828 1805 2120 1865 Verfolgungswahn
2147 1811 2314 1871 verfallenen
2341 1812 2496 1872 Sektions¬

1819 1853 1878 1913 rats
1916 1852 2035 1912 Robert
2073 1856 2164 1916 treten
2202 1857 2257 1917 auf
2289 1861 2497 1921 eigentümlich

1814 1903 1898 1963 zarte
1925 1903 1977 1963 und
2005 1904 2217 1964 eindringliche
2244 1906 2297 1966 Art
2324 1906 2364 1966 die
2391 1908 2496 1968 Unter¬

1810 1951 1925 2011 gründe
1953 1950 2045 2010 seines
2078 1954 2197 2014 Wesens
2225 1952 2280 2012 ans
2313 1954 2404 2014 Licht.
2451 1957 2492 2017 Er

1817 1999 1850 2059 ist
1875 1999 2004 2059 Musiker
2033 2000 2090 2060 und
2119 2002 2397 2062 Familienmensch,
2417 2005 2488 2065 seine

1820 2044 1896 2104 Liebe
1924 2047 1951 2107 zu
1983 2049 2097 2109 Frauen
2130 2049 2165 2109 ist
2184 2049 2334 2109 verhalten
2367 2052 2421 2112 und
2444 2052 2494 2112 be¬

1816 2091 1925 2151 stimmt
1962 2092 2017 2152 von
2063 2097 2140 2157 einer
2182 2097 2286 2157 starken
2328 2099 2492 2159 Sehnsucht

1813 2140 1878 2200 nach
1907 2142 1981 2202 Halt
2005 2142 2060 2202 und
2088 2145 2321 2205 Geborgenheit,
2340 2147 2381 2207 die
2405 2148 2433 2208 er
2461 2149 2484 2209 in

1819 2190 1858 2250 sich
1893 2190 1966 2250 nicht
1992 2192 2105 2252 findet.
2150 2193 2189 2253 Er
2219 2193 2268 2253 hat
2298 2196 2411 2256 Urlaub
2446 2196 2494 2256 ge¬

1811 2237 1966 2297 nommen,
1985 2240 2019 2300 um
2060 2240 2086 2300 zu
2117 2242 2250 2302 genesen.
2295 2240 2335 2300 Er
2357 2242 2423 2302 will
2446 2243 2490 2303 die

1816 2287 2003 2347 Erinnerung
2035 2288 2066 2348 an
2099 2290 2203 2350 dunkle
2231 2291 2409 2351 Drohungen
2441 2292 2495 2352 sei¬

1810 2334 1860 2394 ner
1892 2336 2152 2396 Jünglingsjahre
2184 2339 2394 2399 überwinden.
2445 2340 2485 2400 Er

1813 2384 1892 2444 trifft
1930 2383 1971 2443 ein
2019 2387 2290 2447 liebenswürdiges
2332 2389 2495 2449 Mädchen,

1807 2428 1851 2488 die
1883 2431 2034 2491 Hoffnung
2070 2433 2123 2493 auf
2155 2434 2217 2494 eine
2244 2437 2329 2497 gute,
2351 2438 2489 2498 normale

1821 2481 2007 2541 Verbindung
2031 2482 2236 2542 beschwichtigt
2256 2485 2321 2545 ihn.
2354 2485 2433 2545 Aber
2457 2488 2480 2548 in

1809 2527 1861 2587 alle
1891 2530 2030 2590 einfachen
2065 2533 2223 2593 Vorgänge
2247 2533 2343 2593 mischt
2368 2533 2411 2593 sich
2441 2536 2488 2596 die

1808 2577 1901 2637 Angst
1924 2578 1973 2638 der
1996 2578 2161 2638 erkrankten
2188 2579 2290 2639 Seele.

1852 2630 1885 2690 Im
1929 2629 2020 2689 Wahn
2054 2629 2145 2689 treibt
2170 2632 2212 2692 ihn
2247 2632 2290 2692 die
2314 2633 2405 2693 Angst
2435 2634 2482 2694 vor

1813 2670 1890 2730 einem
1933 2673 2024 2733 Mord
2059 2671 2071 2731 —
2124 2672 2170 2732 den
2210 2673 2235 2733 er
2266 2676 2412 2736 begangen
2452 2677 2477 2737 zu

1812 2715 1898 2775 haben
1931 2715 2036 2775 glaubt
2059 2715 2114 2775 —,
2133 2717 2159 2777 es
2187 2715 2219 2775 ist
2247 2717 2292 2777 die
2316 2718 2407 2778 Angst
2435 2721 2485 2781 vor

1810 2760 2101 2820 Gedächtnislücken,
2124 2759 2150 2819 in
2177 2760 2261 2820 denen
2292 2762 2398 2822 dunkle
2420 2761 2477 2821 und

1807 2799 1866 2859 böse
1893 2801 2003 2861 Triebe
2031 2802 2163 2862 versteckt
2191 2804 2218 2864 zu
2255 2803 2310 2863 sein
2347 2805 2488 2865 scheinen.

1812 2840 1861 2900 Die
1884 2842 1952 2902 tiefe
1976 2843 2222 2903 Verbundenheit
2245 2846 2299 2906 mit
2318 2846 2363 2906 dem
2405 2846 2482 2906 Bru¬

1806 2885 1871 2945 der,
1886 2886 1932 2946 der
1956 2887 2031 2947 Arzt
2050 2888 2082 2948 ist
2106 2888 2176 2948 (auch
2205 2888 2378 2948 Schnitzlers
2402 2890 2481 2950 Bru¬

1807 2929 1855 2989 der
1889 2929 1927 2989 ist
1957 2932 2048 2992 Arzt;
2077 2930 2183 2990 stärker
2217 2931 2284 2991 aber
2319 2933 2414 2993 fühlte
2449 2933 2477 2993 er

1806 2972 1949 3032 vielleicht
1979 2972 2026 3032 den
2065 2974 2199 3034 „Bruder
2228 2974 2319 3034 Arzt“
2348 2975 2371 3035 in
2405 2978 2482 3038 sich),

1811 3013 2003 3073 übersteigert
2022 3017 2064 3077 sich
2092 3015 2115 3075 im
2158 3017 2247 3077 Wahn
2275 3017 2299 3077 so
2327 3017 2407 3077 weit,
2426 3020 2472 3080 daß

1807 3057 1835 3117 er
1854 3058 2008 3118 schließlich
2037 3058 2083 3118 den
2112 3057 2229 3117 Bruder
2253 3061 2341 3121 tötet,
2355 3061 2407 3121 der
2431 3063 2472 3123 ihn

1806 3099 1894 3159 retten
1922 3103 2002 3163 will,
2016 3103 2165 3163 sozusagen
2194 3103 2305 3163 anstatt
2325 3105 2366 3165 sich
2395 3106 2478 3166 selbst

1803 3147 1825 3207 zu
1862 3143 1957 3203 töten.
1980 3144 2034 3204 Die
2067 3145 2335 3205 außerordentliche
2363 3147 2476 3207 Schön¬

1807 3187 1861 3247 heit
1884 3187 1934 3247 von
1962 3189 2134 3249 Schnitzlers
2157 3187 2284 3247 Sprache
2307 3192 2411 3252 erhellt
2430 3192 2470 3252 die

1802 3229 1931 3289 düsteren
1962 3232 2158 3292 zwangvollen
2190 3233 2363 3293 Vorgänge.

1836 3270 1885 3330 Die
1913 3273 2122 3333 Nachwirkung
2150 3273 2199 3333 der
2223 3276 2464 3336 Schnitzler'schen

1806 3315 1978 3375 Prosakunst
1993 3318 2067 3378 zeigt
2091 3318 2132 3378 sich
2156 3318 2468 3378 merkwürdigerweise

1798 3360 1866 3420 ganz
1901 3360 2087 3420 neuerdings
2127 3360 2235 3420 wieder
2270 3360 2317 3420 bei
2348 3362 2477 3422 jungen,

1796 3399 1963 3459 wertvollen
2002 3402 2152 3462 Dichtern,
2178 3399 2327 3459 abgesehen
2362 3405 2473 3465 davon,

1797 3444 1846 3504 daß
1881 3444 1994 3504 Werfel
2024 3447 2112 3507 dieser
2143 3446 2196 3506 Art
2226 3447 2285 3507 sehr
2316 3450 2477 3510 nahesteht.

2347 3492 2387 3552 G.
2400 3494 2435 3554 F.

1938 3569 2111 3629 Berlins
2147 3570 2321 3630 nächste

1871 3612 2380 3672 Schnitzler-Premieren

1843 3675 1915 3735 Zwei
1946 3674 2039 3734 Jahre
2081 3675 2169 3735 lang,
2200 3674 2257 3734 seit
2293 3676 2464 3736 „Professor

1797 3718 2005 3778 Bernhardi“,
2024 3718 2083 3778 war
2106 3718 2137 3778 an
2161 3718 2210 3778 den
2238 3718 2374 3778 Berliner
2393 3718 2465 3778 The¬

1796 3758 1873 3818 atern
1904 3760 1955 3820 von
1986 3760 2097 3820 Arthur
2123 3760 2295 3820 Schnitzlers
2318 3763 2463 3823 dramati¬

1801 3803 1863 3863 schem
1902 3804 1983 3864 Werk
2007 3804 2078 3864 nicht
2098 3801 2140 3861 die
2165 3802 2255 3862 Rede.
2275 3805 2361 3865 Jetzt,
2376 3804 2461 3864 grade

1801 3846 1852 3906 setzt
1878 3847 1994 3907 werden
2030 3847 2103 3907 zwei
2129 3844 2228 3904 Stücke
2259 3847 2367 3907 wieder
2397 3847 2466 3907 vor¬

1794 3888 1930 3948 bereitet.
1981 3888 2058 3948 „Der
2096 3887 2186 3947 grüne
2224 3888 2379 3948 Kakadu",
2416 3889 2461 3949 als

1795 3933 1940 3993 nächste
1964 3930 2113 3990 Premiere
2137 3927 2183 3987 der
2198 3930 2390 3990 Volksbühne
2414 3933 2464 3993 mit

1796 3974 1907 4034 Rudolf
1936 3975 2052 4035 Forster
2080 3974 2127 4034 als
2156 3975 2272 4035 Henry,
2296 3975 2351 4035 und
2384 3975 2458 4035 „Der

1800 4017 1876 4077 Gang
1901 4019 1953 4079 zum
1987 4017 2121 4077 Weiher“
2146 4016 2174 4076 am
2213 4017 2462 4077 Schillertheater.

2798 704 2958 764 Arthur
2986 710 3229 770 Schnitzler
3262 715 3381 775 (letzt
