3344 4352
349 303 916 363 Schnitzler's
992 295 1218 355 Deatl

141 309 272 369 12.

1012 761 1116 821 Ra

316 764 934 824 DOBSERVE

403 825 429 885 I.
443 825 561 885 österr.
571 825 721 885 behördl.
735 825 1031 885 konzessioniertes

356 864 595 924 Unternehmen
623 864 671 924 für
698 864 1080 924 Zeitungs-Ausschnitte

410 921 556 981 WIEN,
585 928 633 988 I.,
655 927 942 987 WOLLZEILE
992 927 1033 987 11

511 977 723 1037 TELEPHON
761 975 931 1035 R-23-0-43

307 1118 532 1178 Ausschnitt
556 1118 645 1178 aus:

601 1195 618 1255 B

679 1317 906 1377 300KT,
929 1309 1026 1369 1937

309 1342 420 1402 vom:

156 1497 319 1557 Arthux
359 1497 658 1557 Sehnitzters
689 1497 1027 1557 IIferarischer
1057 1494 1327 1554 Nachlass.

251 1567 331 1627 Aus
373 1568 477 1628 Wien
524 1567 617 1627 wird
664 1568 884 1628 gemeldet:

252 1625 331 1685 Das
358 1625 443 1685 sehr
465 1627 756 1687 umfangreiche
789 1623 1011 1683 Testament
1034 1625 1102 1685 des
1124 1625 1325 1685 Dichters,

153 1676 226 1736 das
264 1674 453 1734 übrigens
491 1676 601 1736 nicht
638 1675 696 1735 ein
745 1673 1198 1733 zusammenhängendes
1240 1672 1319 1732 Do¬

159 1724 315 1784 kument
342 1723 536 1783 darstellt,
559 1724 720 1784 sondern
759 1722 785 1782 im
840 1724 953 1784 Laufe
986 1724 1051 1784 der
1084 1721 1191 1781 Jahre
1224 1721 1315 1781 stets

153 1773 314 1833 ergänzt
342 1771 487 1831 wurde,
509 1771 654 1831 enthält
682 1771 773 1831 über
806 1770 864 1830 den
897 1768 1155 1828 literarischen
1194 1769 1317 1829 Nach¬

159 1822 226 1882 lass
255 1822 514 1882 ausführliche
543 1821 610 1881 und
639 1819 869 1879 detaillierte
898 1819 1230 1879 Bestimmungen.
1248 1818 1321 1878 Zu¬

159 1870 313 1930 nächst:
330 1869 401 1929 Die
424 1870 678 1930 Tagebücher
706 1867 838 1927 dürfen
866 1867 932 1927 von
961 1868 1131 1928 niemand
1159 1867 1308 1927 gelesen

161 1918 331 1978 werden,
354 1918 436 1978 auch
475 1918 535 1978 vom
586 1918 712 1978 Sohne
746 1918 872 1978 nicht;
889 1918 944 1978 die
978 1917 1225 1977 Tagebücher
1259 1915 1314 1975 bis

157 1969 245 2029 1899
279 1968 411 2028 dürfen
451 1966 633 2026 vielmehr
666 1965 743 2025 erst
766 1967 932 2027 zwanzig
965 1965 1070 2025 Jahre
1098 1965 1192 2025 mach
1231 1963 1292 2023 dem

160 2016 260 2076 Tode
296 2016 360 2076 des
396 2016 597 2076 Dichters,
627 2015 679 2075 die
721 2013 880 2073 anderen
922 2013 998 2073 erst
1028 2014 1164 2074 vierzig
1200 2014 1311 2074 Jahre

157 2065 284 2125 später
318 2064 613 2124 veröffentlicht
642 2062 824 2122 werden:

261 2183 317 2243 Es
349 2186 517 2246 existiert
549 2189 636 2249 auch
681 2189 755 2249 eine
787 2192 1119 2252 Autobiographie
1151 2192 1325 2252 Schnitz¬

163 2235 253 2295 lers,
276 2236 332 2296 die
361 2236 552 2296 ebenfalls
581 2237 660 2297 erst
683 2239 903 2299 frühestens
927 2240 954 2300 in
989 2240 1146 2300 zwanzig
1181 2243 1311 2303 Jahren

159 2283 229 2343 der
267 2285 597 2345 Oeffentlichkeit
630 2287 982 2347 bekanntgegeben
1026 2288 1172 2348 werden
1221 2291 1328 2351 darf.

160 2333 191 2393 Im
239 2333 461 2393 Testament
483 2335 604 2395 heisst
621 2333 657 2393 es
685 2336 875 2396 wörtlich,
892 2337 981 2397 dass
1003 2338 1151 2398 sowohl
1173 2336 1225 2396 die
1253 2339 1326 2399 Au¬

160 2382 430 2442 tobiographie
470 2383 527 2443 als
567 2386 657 2446 auch
703 2383 758 2443 die
804 2386 1058 2446 Tagebücher
1093 2388 1148 2448 „in
1189 2389 1324 2449 keiner

169 2428 281 2488 Weise
316 2431 547 2491 verfälscht,
565 2433 638 2493 also
672 2434 773 2494 nicht
802 2435 1028 2495 gemildert,
1046 2436 1209 2496 gekürzt
1233 2437 1322 2497 oder

160 2479 330 2539 sonstwie
370 2482 602 2542 verändert"
641 2482 790 2542 werden
835 2485 989 2545 dürfen.

260 2538 386 2598 Unter
419 2538 485 2598 den
524 2541 910 2601 unveröffentlichten
955 2541 1109 2601 Werken
1154 2544 1308 2604 Schnitz

159 2586 232 2646 lers
255 2588 384 2648 findet
408 2588 475 2648 sich
509 2589 576 2649 vor
599 2589 694 2649 allem
740 2590 819 2650 eine
847 2589 965 2649 Reihe
994 2590 1055 2650 von
1090 2592 1326 2652 Einaktern,

163 2635 217 2695 die
245 2634 355 2694 meist
378 2637 444 2697 aus
472 2637 549 2697 viel
571 2637 748 2697 früheren
776 2640 908 2700 Jahren
942 2640 1151 2700 stammen.
1174 2643 1322 2703 Darun¬

157 2684 212 2744 ter
247 2685 325 2745 sind
371 2687 461 2747 auch
501 2688 648 2748 solche,
682 2688 738 2748 die
772 2688 885 2748 schon
925 2690 953 2750 in
993 2691 1325 2751 Schreibmaschi¬

156 2734 372 2794 nenschrift
410 2734 642 2794 übertragen
690 2736 870 2796 wurden,
902 2737 997 2797 doch
1045 2738 1177 2798 weisen
1225 2740 1314 2800 auch

159 2782 256 2842 diese
294 2784 581 2844 Reinschriften
614 2786 754 2846 immer
781 2786 921 2846 wieder
955 2786 1208 2846 Korrekturen
1247 2789 1327 2849 auf.

157 2831 250 2891 Fast
278 2834 475 2894 vollendet
504 2834 701 2894 erscheint
735 2834 784 2894 ein
823 2837 960 2897 Stück,
983 2837 1115 2897 dessen
1148 2837 1319 2897 vorläufi

160 2885 222 2945 ger
256 2881 357 2941 Titel
386 2882 487 2942 „Das
522 2882 652 2942 Wort"
686 2885 849 2945 lautete.
873 2885 1014 2945 Ferner
1049 2885 1240 2945 Entwürfe
1275 2886 1313 2946 zu

151 2929 253 2989 einem
310 2932 454 2992 Drama
496 2932 563 2992 aus
600 2932 671 2992 der
708 2932 1099 2992 Landsknechtszeit,
1125 2935 1182 2995 die
1219 2935 1311 2995 auch

153 2980 263 3040 schon
312 2980 480 3040 ziemlich
533 2980 623 3040 weit
660 2983 892 3043 ausgeführt
935 2983 1082 3043 waren.

256 3028 349 3088 Sehr
383 3028 633 3088 umfangreich
666 3031 727 3091 fst
777 3031 849 3091 das
927 3031 1165 3091 vorhandene
1199 3029 1326 3089 Novel¬

156 3088 415 3148 lenmaterial.
464 3089 517 3149 Es
556 3091 685 3151 finden
729 3094 799 3154 sich
848 3094 880 3154 so
924 3096 1080 3156 manche
1118 3097 1323 3157 darunter,

162 3137 215 3197 die
243 3137 404 3197 dreissig
437 3138 501 3198 und
539 3140 674 3200 vierzig
712 3141 819 3201 Jahre
847 3143 1111 3203 zurückliegen
1144 3146 1208 3206 und
1246 3146 1300 3206 nie

156 3186 242 3246 mals
270 3187 334 3247 zur
362 3189 719 3249 Veröffentlichung
753 3192 953 3252 bestimmt
980 3193 1121 3253 waren.
1138 3193 1191 3253 Es
1219 3195 1305 3255 dürf

153 3234 207 3294 ten
250 3236 342 3296 auch
385 3237 476 3297 jetzt
504 3237 601 3297 nach
639 3240 708 3300 dem
769 3240 866 3300 Tode
904 3240 968 3300 des
1007 3243 1184 3303 Dichters
1222 3242 1314 3302 viele

153 3285 260 3345 nicht
297 3285 409 3345 mehr
451 3285 770 3345 herausgegeben
822 3290 991 3350 werden.
1028 3291 1130 3351 Auch
1182 3291 1310 3351 grosse

162 3333 253 3393 Teile
292 3332 394 3392 eines
433 3335 627 3395 Romans,
655 3335 713 3395 für
752 3336 816 3396 den
854 3339 1065 3399 allerdings
1098 3338 1189 3398 noch
1228 3342 1308 3402 kein

163 3383 256 3443 Titel
278 3382 345 3442 vom
395 3385 555 3445 Dichter
583 3386 755 3446 gegeben
794 3388 871 3448 war
900 3389 1043 3449 ,fanden
1082 3389 1154 3449 sich
1188 3390 1276 3450 vor.

254 3437 372 3497 Wohl
401 3443 468 3503 den
502 3443 677 3503 grössten
717 3446 801 3506 Teil
830 3446 897 3506 des
926 3449 1163 3509 Nachlasses
1198 3451 1316 3511 bildet

157 3492 211 3552 die
245 3493 730 3553 Aphorismensammlung
770 3496 835 3556 des
870 3497 1067 3557 Dichters.
1090 3497 1162 3557 Die
1196 3499 1322 3559 Apho¬

156 3538 287 3598 rismen
330 3541 403 3601 sind
451 3542 747 3602 wohlgeordnet
779 3544 810 3604 in
847 3545 995 3605 kleinen
1033 3547 1195 3607 Mappen
1238 3549 1322 3609 ver¬

152 3589 289 3649 wahrt.
339 3589 477 3649 Einige
516 3589 643 3649 dieser
671 3595 836 3655 Mappen
875 3594 1008 3654 tragen
1047 3598 1317 3658 Sammeltitel,

150 3634 186 3694 so
219 3637 281 3697 zum
335 3639 508 3699 Beispiel
535 3640 608 3700 eine
646 3643 798 3703 „Kunst
819 3644 850 3704 im
899 3646 1151 3706 allgemeinen
1188 3646 1204 3706 ,
1231 3648 1304 3708 eine

152 3685 272 3745 zweite
312 3688 416 3748 „Zum
472 3688 609 3748 Wesen
654 3691 725 3751 der
765 3692 880 3752 Kritik
947 3694 1018 3754 und
1063 3695 1145 3755 eine
1184 3697 1316 3757 dritte,

156 3735 253 3795 wohl
279 3735 357 3795 eine
393 3737 460 3797 der
492 3738 853 3798 interessantesten,
879 3741 935 3801 die
967 3744 1308 3804 Aufzeichnungen

146 3784 213 3844 aus
247 3785 314 3845 dem
372 3787 507 3847 Kriege
547 3787 694 3847 enthält
723 3789 790 3849 und
830 3789 892 3849 den
932 3790 1033 3850 Titel
1062 3793 1169 3853 führt
1198 3795 1305 3855 „Und

147 3835 293 3895 einmal
320 3834 406 3894 wird
450 3834 515 3894 der
548 3837 682 3897 Friede
716 3840 1067 3900 wiederkommen.

250 3882 344 3942 Eine
376 3884 444 3944 der
471 3885 597 3945 letzten
634 3886 812 3946 Arbeiten
850 3888 907 3948 des
934 3889 1112 3949 Dichters
1139 3891 1218 3951 war
1245 3892 1307 3952 der

149 3932 325 3992 Entwurf
364 3932 402 3992 zu
453 3934 557 3994 einem
618 3935 811 3995 Tonfilm,
845 3935 916 3995 der
955 3938 988 3998 in
1032 3938 1186 3998 grossen
1237 3939 1313 3999 Zü-

149 3987 212 4047 gen
251 3982 392 4042 bereits
418 3983 597 4043 skizziert
623 3984 725 4044 war.
745 3985 815 4045 Ein
848 3986 950 4046 Titel
976 3986 1053 4046 war
1079 3987 1168 4047 noch
1207 3989 1315 4049 nicht

141 4029 336 4089 gewählt.

1449 288 1573 348 box
1644 286 1869 346 43/26

2178 416 2315 476 öinische
2337 402 2474 462 Zeitung

2233 501 2356 561 BL.O

2488 551 2561 611 )-

2057 551 2152 611 U.
2175 556 2230 616 Un
2263 556 2299 616 I.
2327 556 2386 616 134

1664 610 1701 670 In
1731 609 1892 669 Schnitzlers
1917 605 2036 665 Nachlaß
2060 604 2112 664 sind
2136 604 2193 664 noch
2218 602 2289 662 zwei
2304 601 2437 661 Einakter
2456 596 2589 656 gefunden
2619 591 2742 651 worden.
2776 589 2833 649 Der

1631 648 1703 708 eine,
1726 646 1748 706 in
1781 646 1899 706 Versen,
1922 643 1999 703 spielt
2022 642 2044 702 in
2076 641 2122 701 der
2145 640 2226 700 Welt
2250 640 2294 700 der
2318 637 2540 697 Landsknechte,
2564 633 2609 693 der
2632 630 2718 690 andre
2746 627 2777 687 ist
2805 623 2836 683 ein

1626 685 1987 745 Schauspielerinnenstück.
2031 680 2185 740 Außerdem
2229 682 2353 742 befindet
2383 678 2430 738 sich
2465 673 2484 733 in
2523 672 2570 732 dem
2614 669 2739 729 Nachlaß
2778 664 2840 724 noch

1628 726 1675 786 der
1699 724 1837 784 Entwurf
1857 721 1880 781 zu
1910 720 1986 780 einer
2010 718 2158 778 Komödie,
2177 717 2215 777 die
2239 716 2282 776 sich
2311 715 2334 775 in
2364 714 2411 774 den
2440 709 2554 769 Wiener
2578 704 2855 764 Boheme=Kreisen¬

1622 765 1747 825 begibt.
1780 762 1818 822 Es
1850 762 1905 822 soll
1921 759 1967 819 sich
1992 759 2023 819 um
2071 758 2141 818 einen
2173 756 2534 816 Peter-Altenberg=Stoff
2551 748 2692 808 handeln.

2476 1132 2547 1192 a

2197 1137 2366 1197 ZVE

1746 1141 2089 1201 DOBSE

1832 1197 1856 1257 I.
1871 1198 1991 1258 österr.
2002 1195 2152 1255 behördl.
2167 1195 2467 1255 konzessioniertes

1787 1237 2019 1297 Unternehmen
2053 1237 2099 1297 für
2123 1237 2509 1297 Zeitungs-Ausschnitte

1840 1298 1989 1358 WIEN,
2011 1297 2060 1357 I.,
2090 1300 2367 1360 WOLLZEILE
2418 1297 2460 1357 11

1937 1347 2148 1407 TELEPHON
2188 1347 2360 1407 R-23-0-43

1739 1491 1957 1551 Ausschnitt
1982 1491 2069 1551 aus:

1972 1745 2017 1805 Ne
2037 1744 2073 1804 DE
2102 1743 2285 1803 DEBIT.46
2314 1730 2378 1790 64

2162 1831 2488 1891 MONDE

1763 1861 1891 1921 Extrait
1913 1861 1938 1921 de
1959 1861 1969 1921 :

2088 1894 2135 1954 Be.
2160 1894 2213 1954 AUE
2238 1894 2532 1954 ÉTICNNE-SARCEL.
2550 1897 2579 1957 E0

1756 1961 1891 2021 Adresse
1918 1957 1928 2017 :

2100 2038 2149 2098 31
2190 2037 2429 2097 OCTOBRE
2480 2040 2598 2100 1931

1767 2058 1841 2118 Date
1862 2059 1871 2119 :

1767 2156 1930 2216 Signature
1951 2153 1976 2213 :—

1743 2631 1818 2691 Le
1858 2628 2146 2688 testament
2176 2628 2232 2688 de
2272 2628 2570 2688 Schnitzler

1782 2706 1901 2766 Arthur
1936 2706 2111 2766 Schnitzler
2147 2706 2160 2766 a
2204 2709 2301 2769 laissé
2337 2706 2371 2766 un
2415 2709 2589 2769 testament

1742 2746 1821 2806 dont
1845 2744 1933 2804 voici
1957 2747 1979 2807 la
2008 2744 2185 2804 traduction
2223 2747 2231 2807 :

1780 2814 1996 2874 Dispositions
2028 2816 2086 2876 que
2118 2816 2149 2876 je
2181 2816 2249 2876 prie
2281 2816 2460 2876 d'exécuter
2492 2816 2581 2876 après

1744 2852 1786 2912 ma
1818 2852 1903 2912 mort
1931 2852 1942 2912 :

1777 2891 1894 2951 Percer
1916 2891 1941 2951 le
1968 2891 2072 2951 cœur.

1779 2927 1835 2987 Pas
1860 2927 1895 2987 de
1924 2929 2117 2989 couronnes.

1777 2964 1837 3024 Pas
1867 2968 1901 3028 de
1927 2968 2111 3028 faire-part.
2133 2968 2206 3028 Rien
2236 2968 2317 3028 dans
2343 2968 2386 3028 les
2416 2968 2587 3028 journaux.

1777 3005 2004 3065 Enterrement
2035 3007 2074 3067 de
2104 3007 2250 3067 dernière
2285 3005 2405 3065 classe.
2431 3007 2586 3067 L'argent

1736 3043 1877 3103 épargné
1907 3046 1940 3106 de
1965 3044 2044 3104 cette
2070 3043 2207 3103 manière
2237 3044 2303 3104 sera
2333 3046 2420 3106 versé
2450 3046 2504 3106 aux
2533 3046 2591 3106 hô¬

1740 3082 1871 3142 pitaux.

1777 3119 1840 3179 Pas
1863 3120 1899 3180 de
1926 3118 2088 3178 discours.

1775 3156 1836 3216 Pas
1868 3157 1909 3217 de
1941 3159 2200 3219 manifestations
2231 3160 2382 3220 rituelles
2418 3159 2589 3219 (spéciale¬

1741 3195 1828 3255 ment
1851 3195 1898 3255 les
1925 3195 2108 3255 veilleurs).

1778 3235 1837 3295 Pas
1867 3234 1905 3294 de
1936 3234 2023 3294 deuil
2049 3236 2141 3296 après
2171 3234 2220 3294 ma
2255 3234 2353 3294 mort,
2383 3235 2584 3295 absolument

1742 3273 1868 3333 aucun.

2200 3312 2323 3372 Arthur
2353 3312 2548 3372 Schnitzler.

2033 3443 2275 3503 Oraison

1778 3517 1794 3577 «
1828 3515 1904 3575 Hier
1938 3515 2131 3575 après-midi
2153 3515 2186 3575 le
2220 3515 2401 3575 littérateur
2435 3515 2495 3575 juif
2529 3517 2589 3577 Ar¬

1742 3554 1811 3614 thur
1840 3553 2016 3613 Schnitzler
2045 3553 2091 3613 est
2115 3553 2213 3613 mort,
2236 3555 2250 3615 à
2278 3556 2362 3616 l'âge
2391 3556 2428 3616 de
2456 3556 2488 3616 69
2512 3556 2586 3616 ans,

1741 3592 1834 3652 après
1863 3592 1920 3652 une
1949 3592 2055 3652 courte
2084 3592 2239 3652 maladie.
2264 3592 2276 3652 »

1775 3631 1863 3691 Telle
1894 3631 1942 3691 est
1967 3631 1992 3691 la
2022 3631 2134 3691 phrase
2160 3629 2322 3689 lapidaire
2348 3631 2406 3691 que
2436 3631 2579 3691 l'organe

1736 3670 1790 3730 des
1819 3670 2189 3730 nationaux-socialistes
2219 3670 2406 3730 d'Autriche
2435 3670 2580 3730 consacre

1741 3709 1750 3769 à
1790 3709 1814 3769 la
1844 3709 2031 3769 disparition
2066 3709 2100 3769 de
2130 3709 2268 3769 l'auteur
2298 3709 2331 3769 de
2362 3709 2376 3769 «
2411 3709 2587 3769 Mademoi¬

1744 3747 1825 3807 selle
1850 3747 1925 3807 Else
1956 3747 1985 3807 ».

1834 3876 2109 3936 Hommes
2148 3877 2204 3937 de
2253 3879 2508 3939 lettres...

1784 3940 1861 4000 Sans
1888 3942 1978 4002 doute
2005 3944 2037 4004 ce
2057 3944 2212 4004 financier
2233 3942 2414 4002 exagérait,
2434 3944 2531 4004 quand
2558 3947 2583 4007 il

1740 3979 1837 4039 disait
1861 3978 1875 4038 :
1889 3978 1903 4038 «
1927 3979 1968 4039 Le
1992 3980 2099 4040 succès
2123 3983 2155 4043 de
2179 3983 2230 4043 M.
2249 3983 2333 4043 Paul
2356 3983 2487 4043 Valéry,
2506 3984 2589 4044 l'ad¬

1743 4016 1884 4076 miration
1930 4016 1961 4076 de
1998 4016 2048 4076 M.
2081 4018 2162 4078 P'aul
2217 4019 2354 4079 Valéry,
2404 4022 2586 4082 considérée

1742 4052 1862 4112 comme
1892 4055 1928 4115 un
1961 4053 2069 4113 brevet
2097 4056 2134 4116 de
2162 4055 2298 4115 justesse
2331 4059 2467 4119 d'esprit
2490 4061 2522 4121 et
2551 4061 2583 4121 de

1737 4091 1821 4151 goût
1840 4091 2013 4151 littéraire,
2033 4091 2116 4151 voilà
2140 4091 2196 4151 qui
2215 4094 2336 4154 prouve
2360 4097 2420 4157 que
2449 4097 2472 4157 le
2496 4096 2584 4156 franc

1741 4131 1788 4191 est
1814 4129 1899 4189 foutu
1934 4129 1963 4189 ».
1990 4129 2028 4189 Ce
2058 4129 2212 4189 financier
2243 4132 2427 4192 exagérait.
2453 4132 2577 4192 Chacun
