3436 4384
223 552 894 612 OBSERVER

264 599 287 659 I.
304 601 422 661 österr.
434 608 579 668 behördl.
597 617 896 677 konzessioniertes

217 640 455 700 Unternehmen
485 646 530 706 für
555 656 944 716 Zeitungs-Ausschnitte

266 701 412 761 WIEN,
439 706 489 766 I.,
515 715 795 775 WOLLZEILE
841 723 885 783 11

360 754 575 814 TELEPHON
612 766 792 826 R-23-0-43

173 888 376 948 Ausschnitt
404 896 491 956 aus:

223 1047 375 1107 Bladet:

210 1158 520 1218 Middelfart
549 1124 903 1184 Vensteblad

548 1271 568 1331 2
623 1274 642 1334 2
686 1274 833 1334 OKT.
845 1282 961 1342 1931

246 1336 383 1396 skriver
409 1333 464 1393 den

269 1435 470 1495 Arthur
518 1435 821 1495 Schnitzler
878 1438 977 1498 dod

313 2968 388 3028 Den
441 2969 620 3029 østrigske
673 2971 823 3031 Digter,
864 2973 991 3033 Lægen

265 3029 401 3089 Arthur
430 3029 645 3089 Schnitzler,
669 3029 708 3089 er
732 3029 748 3089 i
771 3029 868 3089 Gaar
897 3029 1004 3089 plud¬

264 3088 352 3148 selig
387 3089 453 3149 død
487 3089 526 3149 af
549 3089 587 3149 et
610 3089 838 3149 Hjerteslag,
861 3089 994 3149 næsten

265 3146 307 3206 70
351 3149 424 3209 Aar
456 3149 517 3209 gl.

312 3206 518 3266 Schnitzler
565 3208 625 3268 var
672 3209 711 3269 en
747 3209 1000 3269 fremragende

264 3265 460 3325 dramatisk
496 3265 692 3325 Forfatter,
729 3268 796 3328 der
838 3268 997 3328 formede

259 3324 431 3384 Repliken
474 3325 676 3385 mesterligt
725 3326 766 3386 og
820 3325 891 3385 ofte
927 3325 998 3385 for¬

265 3382 341 3442 stod
404 3383 447 3443 at
499 3385 665 3445 afdække
727 3385 999 3445 menneskelige

258 3442 520 3502 Egenskaber,
558 3444 622 3504 saa
671 3443 714 3503 de
752 3445 827 3505 stod
870 3445 1009 3505 nøgne.

264 3501 338 3561 Han
370 3501 433 3561 var
460 3501 528 3561 ofte
560 3501 682 3561 dristig
715 3503 730 3563 i
752 3501 814 3561 det
842 3502 994 3562 erotiske

258 3560 353 3620 Felt,
375 3561 450 3621 men
482 3561 562 3621 altid
594 3563 749 3623 elegant
771 3561 807 3621 og
845 3561 999 3621 bidende

263 3619 387 3679 vittig.
410 3621 452 3681 Af
480 3621 566 3681 hans
599 3621 701 3681 ældre
734 3621 891 3681 Stykker
918 3621 994 3681 blev

264 3678 362 3738 »Den
388 3678 482 3738 store
508 3679 643 3739 Scene«
669 3681 798 3741 spillet
814 3681 882 3741 paa
908 3681 1001 3741 Mid¬

268 3737 401 3797 delfart
448 3737 582 3797 Teater
623 3737 640 3797 i
681 3737 768 3797 Fjor
798 3738 873 3798 med
914 3741 1006 3801 Aug.

267 3797 456 3857 Liebmann
500 3797 516 3857 i
560 3797 830 3857 Hovedrollen.
874 3797 998 3857 Ogsaa

263 3856 368 3916 andre
404 3854 465 3914 som
516 3854 733 3914 »Professor
764 3857 1007 3917 Bernhardix,

267 3913 441 3973 »Anatol«
484 3913 526 3973 og
570 3913 749 3973 »Reigen«
792 3913 855 3973 har
893 3916 1004 3976 gaaet

264 3973 332 4033 paa
370 3973 657 4033 københavnske
695 3973 848 4033 Scener.
875 3973 954 4033 Men
997 3973 1007 4033 i

265 4030 473 4090 Tyskland,
523 4030 683 4090 Rusland
733 4030 775 4090 og
826 4030 997 4090 Amerika

271 4090 440 4150 spilledes
500 4090 595 4150 disse
654 4090 824 4150 moderne
873 4088 984 4148 Satire

272 4149 337 4209 dog
372 4146 494 4206 meget
522 4148 611 4208 mere
645 4146 700 4206 end
740 4149 817 4209 her.
840 4146 1012 4206 Schnitz¬

272 4207 322 4267 ler
345 4208 407 4268 var
430 4206 464 4266 en
493 4208 566 4268 nær
590 4206 658 4266 Ven
692 4206 726 4266 af
749 4206 862 4266 Georg
891 4205 1004 4265 Bran¬

273 4267 356 4327 des.

1203 333 1424 393 Ausschnitt
1451 332 1540 392 aus:

1232 461 1387 521 Bladet:

1328 539 1510 599 Ustsjall.
1529 530 1711 590 Folkebl.,
1721 530 1834 590 Koge.

1242 751 1374 811 skriver
1406 751 1456 811 den
1488 766 1497 826 2
1529 776 1548 836 2
1600 782 1732 842 OKT.
1754 786 1865 846 1931

1174 870 1392 930 „Froken
1431 870 1601 930 Else“s
1630 870 1772 930 Fader
1811 870 1895 930 død

1193 1945 1438 2005 Forfatteren
1480 1945 1629 2005 Arthur
1664 1948 1882 2008 Schnizler.

1723 2011 1862 2071 Wien.

1214 2062 1291 2122 Den
1325 2065 1496 2125 berømte
1530 2065 1789 2125 østerrigske,
1812 2066 1900 2126 dra¬

1166 2122 1327 2182 matiske
1363 2124 1559 2184 Forfatter
1589 2122 1631 2182 og
1667 2125 1774 2185 Læge
1805 2125 1899 2185 Ar¬

1166 2181 1295 2241 thur
1327 2183 1654 2243 Schnitzler
1692 2181 1729 2241 er
1760 2181 1772 2241 i
1804 2183 1896 2243 Gaar

1161 2238 1291 2298 blevet
1327 2241 1433 2301 ramt
1464 2241 1511 2301 af
1559 2241 1594 2301 et
1630 2242 1902 2302 Slagtilfælde,

1166 2299 1243 2359 just
1272 2301 1327 2361 som
1372 2301 1443 2361 han
1472 2301 1600 2361 skulde
1628 2301 1678 2361 til
1695 2301 1733 2361 at
1756 2301 1900 2361 begyn¬

1164 2358 1205 2418 de
1242 2358 1400 2418 Dagens
1437 2361 1631 2421 Arbejde.
1680 2361 1764 2421 Han
1808 2364 1898 2424 døde

1169 2414 1300 2474 straks
1323 2417 1440 2477 efter.

1209 2531 1365 2591 Arthur
1400 2534 1614 2594 Schnitzler
1667 2534 1736 2594 var
1771 2536 1811 2596 en
1852 2538 1892 2598 af

1165 2582 1338 2642 Europas
1373 2585 1610 2645 berømteste
1657 2585 1899 2645 Forfattere,

1164 2629 1227 2689 den
1265 2632 1418 2692 maaske
1451 2632 1551 2692 mest
1578 2632 1774 2692 stilsikre,
1795 2634 1895 2694 mest

1170 2680 1403 2740 psykologisk
1437 2681 1675 2741 indgaaende
1697 2683 1735 2743 og
1768 2683 1871 2743 sprog

1162 2726 1230 2786 ligt
1278 2728 1315 2788 en
1358 2730 1633 2790 fremragende
1681 2731 1903 2791 Kunstner.

1160 2774 1241 2834 Han
1280 2776 1345 2836 var
1389 2779 1596 2839 oprindelig
1646 2781 1776 2841 Læge,
1810 2780 1890 2840 men

1160 2824 1411 2884 formodenlig
1446 2826 1563 2886 under
1592 2826 1827 2886 Indflydelse
1856 2829 1894 2889 af

1165 2874 1472 2934 Omgivelserne,
1499 2874 1557 2934 der
1590 2876 1657 2936 var
1684 2877 1748 2937 den
1785 2876 1896 2936 wien¬

1159 2922 1223 2982 ske
1257 2922 1626 2982 Kunstnerverden,
1648 2925 1707 2985 for
1741 2925 1887 2985 hvilken

1161 2972 1254 3032 hans
1293 2973 1414 3033 Fader
1448 2972 1514 3032 var
1548 2973 1680 3033 Læge,
1702 2975 1779 3035 slog
1813 2976 1884 3036 han

1160 3021 1203 3081 om
1247 3021 1284 3081 og
1312 3021 1381 3081 gav
1404 3021 1452 3081 sig
1485 3022 1528 3082 til
1545 3021 1582 3081 at
1604 3023 1723 3083 dyrke
1751 3024 1896 3084 Litera¬

1164 3069 1293 3129 turen,
1316 3070 1412 3130 hvor
1446 3071 1515 3131 han
1548 3070 1683 3130 gjorde
1716 3073 1770 3133 sig
1808 3072 1894 3132 gæl¬

1160 3118 1280 3178 dende
1336 3120 1401 3180 som
1477 3119 1516 3179 en
1578 3119 1889 3179 skarptskuende

1167 3170 1365 3230 lagttager
1393 3167 1431 3227 af
1460 3167 1525 3227 den
1559 3170 1774 3230 kvindelige
1803 3169 1896 3229 Psy-

1166 3215 1204 3275 ke
1242 3218 1286 3278 og
1330 3218 1367 3278 en
1411 3218 1628 3278 udmærket
1667 3218 1819 3278 Kender
1858 3220 1895 3280 af

1167 3265 1411 3325 Wienerlivet
1445 3265 1461 3325 i
1495 3267 1561 3327 alle
1601 3265 1684 3325 dets
1724 3269 1896 3329 Afskyg-

1165 3313 1315 3373 ninger.
1362 3313 1506 3373 Hojest
1554 3313 1616 3373 som
1694 3316 1890 3376 Kunstner

1160 3362 1303 3422 naaede
1340 3363 1407 3423 han
1448 3364 1680 3424 utvivlsomt
1711 3364 1726 3424 i
1758 3365 1896 3425 Novel-

1170 3412 1238 3472 lens
1265 3412 1400 3472 Form.

1208 3462 1461 3522 Herhjemme
1493 3463 1559 3523 har
1591 3460 1652 3520 der
1689 3463 1803 3523 været
1829 3463 1870 3523 op

1160 3508 1241 3568 ført
1275 3510 1307 3570 en
1345 3510 1416 3570 Del
1438 3510 1476 3570 af
1504 3510 1601 3570 hans
1634 3511 1824 3571 Arbejder
1852 3517 1889 3577 og

1159 3558 1322 3618 optrykt
1355 3558 1386 3618 en
1420 3558 1495 3618 Del
1518 3560 1555 3620 af
1583 3561 1674 3621 hans
1708 3561 1902 3621 Noveller.

1160 3606 1287 3666 Størst
1316 3609 1460 3669 Opsigt
1488 3609 1599 3669 vakte
1639 3611 1716 3671 det,
1739 3609 1783 3669 da
1817 3612 1883 3672 Fru

1164 3657 1272 3717 Betty
1314 3657 1463 3717 Nansen
1499 3657 1561 3717 for
1592 3660 1700 3720 nogle
1737 3660 1814 3720 Aar
1845 3660 1891 3720 si¬

1164 3704 1223 3764 den
1254 3707 1431 3767 forsøgte
1457 3707 1497 3767 at
1518 3707 1648 3767 opfore
1674 3707 1765 3767 hans
1796 3707 1896 3767 ejen¬

1160 3755 1387 3815 dommelige
1441 3756 1630 3816 „Reigen“
1685 3756 1722 3816 og
1777 3758 1884 3818 foran

1164 3803 1256 3863 hver
1288 3806 1490 3866 Opførelse
1527 3806 1677 3866 maatte
1714 3806 1791 3866 lade
1823 3807 1890 3867 gaa

1164 3853 1199 3913 et
1226 3854 1392 3914 moralsk
1428 3854 1646 3914 Foredrag.
1677 3854 1750 3914 Det
1792 3854 1895 3914 store

1164 3902 1348 3962 Publikum
1402 3902 1544 3962 kender
1582 3904 1655 3964 ham
1709 3905 1776 3965 dog
1819 3905 1893 3965 sik-

1166 3949 1246 4009 kert
1274 3952 1381 4012 bedst
1409 3950 1468 4010 som
1517 3952 1635 4012 Fader
1663 3952 1706 4012 til
1728 3952 1787 4012 den
1820 3950 1895 4010 No¬

1170 3997 1251 4057 velle
1289 3999 1327 4059 om
1381 4000 1527 4060 Froken
1565 4000 1673 4060 Else,
1695 4000 1759 4060 som
1809 4000 1889 4060 blev

1165 4045 1204 4105 en
1238 4048 1311 4108 stor
1346 4049 1385 4109 og
1419 4051 1509 4111 lødig
1544 4048 1617 4108 Film
1663 4049 1741 4109 med
1776 4050 1894 4110 Elisa¬

1171 4097 1247 4157 beth
1287 4099 1453 4159 Bergner
1487 4099 1498 4159 i
1521 4099 1798 4159 Hovedrollen.
1815 4096 1898 4156 Sid-

1164 4147 1218 4207 ste
1257 4146 1393 4206 Vinter
1426 4146 1507 4206 blev
1546 4149 1687 4209 Filmen
1726 4146 1856 4206 opfort
1890 4146 1900 4206 i

1166 4194 1532 4254 Biografteatrene.

1218 4242 1364 4302 Arthur
1397 4245 1609 4305 Schnitzler
1647 4244 1712 4304 var
1740 4245 1782 4305 69
1821 4245 1896 4305 Aar

1164 4292 1349 4352 gammel.

2203 303 2432 363 Ausschnitt
2453 305 2531 365 aus:

2202 501 3076 561 er

2396 664 2459 724 10

2572 682 2781 742 193

2329 963 2545 1023 Arthur
2594 969 2924 1029 Schnitzler

2569 1054 2705 1114 död.

2325 1190 2547 1250 Drabbades
2570 1195 2606 1255 av
2637 1193 2837 1253 slaganfall
2852 1196 2940 1256 efter

2531 1244 2754 1304 promenad.

2317 1366 2419 1426 WIEN
2458 1369 2522 1429 den
2549 1369 2612 1429 21.
2639 1370 2754 1430 (TT.)

2315 1426 2450 1486 Arthur
2481 1429 2688 1489 Schnitzler
2718 1429 2818 1489 avled
2860 1432 2924 1492 här
2960 1429 3012 1489 vid

2267 1475 2416 1535 sjutiden
2446 1480 2486 1540 på
2516 1479 2851 1539 onsdagsaftonen.
2869 1480 2920 1540 Då
2944 1480 3019 1540 för-

2264 1524 2415 1584 fattaren
2453 1527 2490 1587 på
2529 1527 2810 1587 eftermiddagen
2848 1530 3021 1590 ätervän¬

2266 1573 2303 1633 de
2336 1575 2411 1635 från
2472 1575 2510 1635 en
2570 1578 2770 1638 promenad
2809 1578 3015 1638 drabbades

2261 1623 2328 1683 han
2357 1624 2397 1684 av
2426 1628 2624 1688 slaganfall
2642 1626 2704 1686 och
2733 1629 2829 1689 avled
2858 1630 2937 1690 utan
2972 1629 3022 1689 att

2263 1672 2306 1732 ha
2340 1674 2489 1734 âterfâtt
2524 1677 2801 1737 medvetandet.
2851 1680 3022 1740 Schnitz¬

2264 1721 2320 1781 ler
2342 1724 2449 1784 skulle
2479 1726 2485 1786 i
2508 1727 2578 1787 maj
2601 1727 2700 1787 nästa
2730 1730 2765 1790 år
2787 1730 2830 1790 ha
2852 1730 2959 1790 blivit
2974 1730 3016 1790 70

2269 1776 2306 1836 àr
2326 1775 2505 1835 gammal.

2312 1869 2418 1929 Arthur
2449 1871 2623 1931 Schnitzler
2647 1871 2753 1931 föddes
2784 1874 2798 1934 i
2822 1874 2905 1934 Wien
2936 1874 3011 1934 1862

2264 1919 2313 1979 som
2358 1921 2407 1981 son
2436 1922 2485 1982 till
2502 1922 2551 1982 den
2580 1922 2796 1982 framstäende
2818 1925 3017 1985 österrikiske

2264 1966 2383 2026 läkaren
2420 1969 2534 2029 Johann
2565 1971 2600 2031 S.
2625 1974 2678 2034 och
2709 1975 2829 2035 ägnade
2860 1975 2907 2035 sig
2938 1975 3010 2035 även

2261 2017 2336 2077 själv
2364 2017 2401 2077 åt
2424 2020 2612 2080 medicinska
2645 2023 2780 2083 studier.
2797 2023 2861 2083 Han
2894 2025 3018 2085 promo-

2268 2068 2393 2128 verades
2418 2068 2489 2128 1885
2514 2071 2562 2131 till
2580 2071 2664 2131 med.
2677 2072 2724 2132 dr.
2743 2074 2802 2134 men
2827 2077 2880 2137 kom
2923 2075 3013 2135 aldrig

2266 2119 2314 2179 att
2341 2119 2416 2179 ägna
2449 2120 2492 2180 sig
2530 2122 2562 2182 ät
2590 2122 2729 2182 läkarens
2762 2125 2826 2185 kall
2849 2125 2886 2185 på
2924 2123 3015 2183 allvar

2261 2166 2331 2226 utan
2361 2166 2461 2226 vände
2486 2169 2527 2229 sig
2557 2170 2645 2230 snart
2664 2172 2729 2232 helt
2753 2172 2799 2232 till
2818 2175 3024 2235 litteraturen.

2265 2211 2335 2271 1893
2371 2215 2560 2275 debuterade
2590 2219 2649 2279 han
2679 2220 2714 2280 en
2744 2221 2826 2281 serie
2856 2223 3020 2283 enaktare,

2261 2265 2390 2325 Anatol,
2412 2266 2460 2326 som
2504 2268 2601 2328 genom
2645 2271 2687 2331 sin
2715 2271 2871 2331 stämning
2904 2274 2941 2334 av
2963 2274 3016 2334 fre¬

2265 2315 2372 2375 volitet
2395 2316 2445 2376 och
2474 2319 2603 2379 vemod,
2621 2321 2660 2381 sin
2689 2322 2784 2382 gratie
2813 2322 2863 2382 och
2892 2323 2977 2383 smak
3006 2323 3016 2383 i

2268 2365 2319 2425 allt
2342 2366 2511 2426 väsentligt
2540 2370 2773 2430 kännetecknar
2802 2372 2846 2432 sin
2875 2372 3016 2432 förtatta-

2263 2415 2306 2475 res
2334 2416 2534 2476 egenskaper
2557 2419 2612 2479 och
2640 2420 2796 2480 avsikter.
2835 2423 3023 2483 Schnitzler,

2262 2465 2318 2525 som
2387 2468 2511 2528 räknats
2545 2468 2636 2528 hland
2676 2471 2852 2531 Österrikes
2886 2474 3016 2534 främsta

2263 2516 2450 2576 dramatiska
2484 2519 2644 2579 författare
2672 2522 2704 2582 är
2733 2522 2865 2582 wienare
2899 2522 3020 2582 alltige¬

2263 2567 2316 2627 nom
2358 2567 2410 2627 och
2434 2567 2451 2627 i
2470 2570 2541 2630 hans
2565 2571 2789 2631 författarskap
2813 2574 2937 2634 âterges
2961 2573 3019 2633 bâ¬

2266 2614 2297 2674 de
2331 2616 2385 2676 den
2423 2618 2612 2678 äktwienska
2646 2622 2846 2682 stämningen
2879 2623 2933 2683 och
2972 2624 3020 2684 för

2262 2665 2369 2725 staden
2402 2666 2450 2726 och
2483 2668 2553 2728 dess
2586 2671 2731 2731 invånare
2759 2674 3012 2734 karaktäristiska

2262 2716 2383 2776 kretsar
2405 2718 2452 2778 och
2484 2719 2626 2779 kynnen.
2659 2722 2722 2782 Han
2749 2722 2806 2782 har
2828 2724 2880 2784 som
2918 2725 3017 2785 knap¬

2258 2766 2333 2826 past
2356 2767 2452 2827 nâgon
2480 2767 2539 2827 före
2561 2770 2663 2830 honom
2702 2773 2831 2833 skildrat
2853 2773 2906 2833 den
2934 2776 3009 2836 unge

2263 2814 2396 2874 wienske
2419 2820 2715 2880 levnadsnjutaren,
2727 2823 2785 2883 den
2808 2823 2872 2883 rike
2896 2826 3017 2886 bildade

2262 2865 2413 2925 mannen,
2452 2868 2527 2928 vars
2555 2870 2706 2930 särskilda
2739 2874 2950 2934 kännetecken
2983 2874 3015 2934 är

2262 2916 2307 2976 att
2330 2916 2403 2976 vara
2432 2918 2466 2978 en
2495 2919 2653 2979 lättsinnig
2688 2924 2925 2984 melankoliker,
2949 2925 2999 2985 som

2263 2966 2294 3026 är
2321 2966 2366 3026 för
2393 2969 2574 3029 reflekterad
2608 2970 2653 3030 att
2679 2973 2750 3033 nöja
2777 2976 2822 3036 sig
2855 2974 2920 3034 med
2953 2973 3017 3033 för¬

2262 3015 2409 3075 ströelser
2457 3018 2533 3078 eller
2563 3021 2609 3081 att
2634 3024 2733 3084 kunna
2769 3026 2875 3086 gripas
2905 3024 2945 3084 av
2976 3024 3010 3084 en

2263 3065 2381 3125 lidelse.
2417 3067 2476 3127 Som
2518 3071 2636 3131 motbild
2667 3071 2766 3131 ställer
2791 3074 2825 3134 S.
2845 3074 2933 3134 gärna
2957 3074 3009 3134 den

2260 3116 2341 3176 blida
2369 3119 2612 3179 anspräkslösa,
2635 3122 2814 3182 obetydliga
2847 3127 2928 3187 unga
2955 3124 3019 3184 flic-

2261 3167 2312 3227 kan
2348 3167 2359 3227 i
2383 3170 2429 3230 läg
2482 3171 2801 3231 samhällsställning,
2842 3174 2899 3234 som
2941 3173 3010 3233 utan

2261 3218 2342 3278 stora
2375 3218 2423 3278 ord
2456 3221 2607 3281 hängiver
2629 3222 2672 3282 sig
2705 3224 2758 3284 och
2791 3225 2882 3285 sedan
2921 3224 3018 3284 finner

2262 3268 2305 3328 sig
2333 3269 2344 3329 i
2367 3269 2410 3329 att
2433 3268 2544 3328 kastas
2566 3271 2655 3331 bort.
2694 3274 2788 3334 Kring
2816 3274 2882 3334 sina
2911 3274 3015 3334 perso¬

2260 3319 2330 3379 ner,
2368 3318 2465 3378 vilkas
2498 3322 2703 3382 replikskiften
2742 3325 2790 3385 äro
2818 3325 3017 3385 beundrans¬

2267 3367 2353 3427 värda
2386 3369 2402 3429 i
2430 3370 2641 3430 blandningen
2680 3373 2717 3433 av
2756 3373 2809 3433 vek
2848 3376 2918 3436 lyrik
2957 3376 3010 3436 och

2262 3415 2446 3475 hänsynslös
2473 3421 2578 3481 realism
2621 3424 2722 3484 gjuter
2749 3424 2785 3484 S.
2807 3424 2832 3484 en
2865 3427 3017 3487 atmosfär

2261 3466 2292 3526 av
2324 3468 2382 3528 fint
2409 3470 2599 3530 nyanserade
2632 3471 2785 3531 dämpade
2817 3475 2938 3535 färger,
2960 3474 3012 3534 den

2256 3516 2340 3576 stora
2373 3520 2478 3580 gesten
2510 3521 2541 3581 är
2569 3522 2679 3582 fjärran
2711 3522 2774 3582 frän
2807 3524 2886 3584 hans
2913 3525 3018 3585 konst.

2254 3568 2395 3628 Enstaka
2420 3570 2537 3630 gånger
2562 3573 2617 3633 har
2636 3573 2691 3633 han
2716 3576 2784 3636 lâtit
2809 3576 2919 3636 sociala
2945 3576 3018 3636 syn¬

2258 3618 2393 3678 punkter
2414 3621 2487 3681 göra
2514 3623 2555 3683 sig
2586 3624 2743 3684 gällande.

2300 3668 2392 3728 Bland
2423 3670 2500 3730 hans
2532 3672 2691 3732 rikhaltiga
2722 3675 2912 3735 dramatiska
2944 3678 3015 3738 pro-

2257 3716 2380 3776 duktion
2415 3721 2538 3781 märkas
2568 3722 2705 3782 Alskog,
2726 3725 2795 3785 med
2830 3725 2923 3785 vilken
2958 3726 3012 3786 han

2264 3767 2332 3827 1895
2365 3769 2433 3829 slog
2465 3771 2576 3831 igenom
2625 3771 2677 3831 och
2716 3773 2784 3833 blev
2817 3773 2895 3833 känd
2933 3778 3017 3838 långt

2255 3815 2327 3875 utom
2364 3818 2413 3878 sitt
2436 3819 2522 3879 lands
2545 3821 2686 3881 gränser.
2718 3824 2781 3884 Den
2809 3824 2886 3884 gavs
2909 3827 3017 3887 senast

2252 3869 2266 3929 i
2282 3869 2422 3929 söndags
2448 3870 2458 3930 i
2474 3872 2584 3932 svensk
2615 3872 2716 3932 radio.
2736 3875 2847 3935 Vidare
2868 3875 3013 3935 Paracel¬

2255 3916 2326 3976 sus,
2375 3919 2538 3979 enaktaren
2600 3922 2782 3982 Litteratur,
2812 3925 3017 3985 Intermezzo,

2252 3967 2315 4027 Det
2363 3969 2431 4029 vida
2469 3970 2590 4030 landet,
2612 3973 2813 4033 komedierna
2845 3976 3008 4036 Professor

2256 4016 2413 4076 Bernardi
2430 4018 2477 4078 och
2511 4021 2575 4081 Fink
2608 4021 2662 4081 und
2690 4024 2906 4084 Füiederbusch
2934 4027 3014 4087 samt

2257 4067 2311 4127 den
2347 4067 2478 4127 mycket
2504 4071 2680 4131 omskrivna
2721 4075 2908 4135 dramserien
2943 4074 3013 4134 Rei¬

2256 4119 2329 4179 gen,
2351 4117 2425 4177 efter
2452 4120 2484 4180 en
2516 4123 2754 4183 ursprungligen
2786 4123 2855 4183 1900
2887 4125 3003 4185 skriven

2252 4167 2453 4227 dialogserie.
2493 4170 2589 4230 Bland
2618 4170 2695 4230 hans
2720 4173 2859 4233 noveller
2883 4173 2936 4233 och
2965 4172 3013 4232 ro¬

2253 4215 2358 4275 maner
2406 4218 2511 4278 kunna
2565 4221 2696 4281 nämnas
2728 4224 2876 4284 Löjtnant
2908 4224 3013 4284 Gustl,

2260 4265 2358 4325 Vägen
2390 4267 2426 4327 ut
2451 4270 2463 4330 i
2488 4269 2574 4329 livet,
2600 4271 2723 4331 Doktor
2748 4272 2909 4332 Graesler,
2934 4275 3014 4335 bad¬

2274 4313 2378 4373 äkare,
2401 4315 2456 4375 och
