3344 4352
165 267 220 327 12

355 272 930 332 Schnitzler's
1004 268 1224 328 Death

281 1064 1005 1124 OBSERVER

369 1149 391 1209 I.
405 1145 525 1205 österr.
535 1138 687 1198 behördl.
701 1132 1005 1192 konzessioniertes

323 1186 561 1246 Unternehmen
593 1177 638 1237 für
662 1171 1055 1231 Zeitungs-Ausschnitte

378 1241 523 1301 WIEN,
550 1242 603 1302 I.,
630 1235 908 1295 WOLLZEILE
955 1229 1001 1289 11

478 1293 690 1353 TELEPHON
727 1286 902 1346 R-23-0-43

287 1442 506 1502 Ausschnitt
529 1437 622 1497 aus:

289 1652 353 1712 —

299 1789 796 1849 Hannoverscher
823 1789 1037 1849 Kurier

346 1861 488 1921 Zeitung
523 1860 573 1920 für
597 1859 991 1919 Nordwestdeutschland

541 1909 715 1969 Seuründet
733 1908 799 1968 1840

614 2046 716 2106 Datum

734 2114 818 2174 22.
841 2123 1053 2183 OKL.1931

322 2249 1060 2309 Aeihurschnitzler

325 2353 380 2413 6)
444 2353 546 2413 Einem
603 2362 848 2422 Schlaganfall
881 2370 1023 2430 erlegen

356 2425 498 2485 AArthur
536 2434 768 2494 Schnitzler
817 2437 853 2497 ist
891 2440 927 2500 am
986 2446 1165 2506 Mittwoch¬

299 2464 394 2524 abend
423 2468 490 2528 kurz
520 2468 587 2528 nach
611 2470 625 2530 6
654 2471 716 2531 Uhr
746 2474 769 2534 in
803 2479 899 2539 seiner
924 2484 1053 2544 Wiener
1077 2485 1168 2545 Woh¬

303 2502 383 2562 nung
413 2506 493 2566 einem
537 2510 756 2570 Schlaganfall
776 2518 976 2578 erlegen.
1010 2522 1081 2582 Mit
1105 2525 1148 2585 ihm

304 2542 443 2602 verliert,
486 2545 555 2605 bald
588 2547 653 2607 nach
691 2553 1073 2613 Hofmannsthal,
1116 2560 1162 2620 die

293 2580 419 2640 Wiener
448 2583 617 2643 Literatur
645 2586 729 2646 einen
767 2590 851 2650 ihrer
885 2596 1063 2656 wichtigsten
1101 2601 1157 2661 und

294 2618 386 2678 besten
420 2622 601 2682 Vertreter.
657 2627 736 2687 Sein
774 2633 1076 2693 Wienertum,
1104 2638 1155 2698 das

298 2655 327 2715 ist
367 2658 416 2718 die
460 2661 695 2721 eigentümliche
726 2668 819 2728 Note,
859 2670 907 2730 die
932 2674 981 2734 er,
1006 2676 1064 2736 mit
1085 2676 1163 2736 Her¬

293 2693 377 2753 mann
410 2697 527 2757 Bahr
560 2700 616 2760 und
645 2707 1029 2767 Hofmannsthal,
1053 2715 1080 2775 in
1114 2715 1155 2775 die

290 2732 419 2792 deutsche
453 2736 620 2796 Literatur
649 2741 845 2801 eingebracht
879 2747 946 2807 hat.
995 2753 1157 2813 Schnitzler

294 2768 322 2828 ist
342 2771 409 2831 1862
444 2772 467 2832 in
492 2775 608 2835 Wien
642 2780 767 2840 geboren
802 2783 854 2843 un)
884 2786 936 2846 das
966 2789 1154 2849 heimatliche

291 2808 432 2868 Element
460 2815 615 2875 bestimmt
642 2817 697 2877 das
729 2821 833 2881 Wesen
870 2825 970 2885 seines
1003 2829 1148 2889 gesamten

289 2846 427 2906 Werkes.
463 2849 506 2909 Es
536 2851 575 2911 ist
601 2854 645 2914 ein
675 2857 779 2917 Wesen
809 2861 1006 2921 vorwiegend
1037 2865 1159 2925 ästheti¬

294 2883 356 2943 scher
381 2887 457 2947 Art,
477 2889 553 2949 nicht
573 2892 636 2952 frei
656 2894 708 2954 von
737 2899 944 2959 sranzosischen
974 2906 1165 2966 Einflüssen,

294 2924 486 2984 überschattet
529 2929 586 2989 von
624 2930 671 2990 der
700 2934 930 2994 „Melancholie
964 2939 1010 2999 des
1044 2942 1161 3002 Unver¬

286 2962 446 3022 mögens",
466 2965 522 3025 von
560 2968 645 3028 einem
693 2972 900 3032 wehmütigen
934 2980 1075 3040 Verzicht
1109 2981 1160 3041 auf

288 2999 338 3059 das
367 3004 488 3064 Große,
508 3005 568 3065 und
597 3007 624 3067 im
667 3009 831 3069 Einakter,
869 3014 896 3074 in
949 3018 1000 3078 der
1033 3020 1154 3080 Novelle

283 3040 384 3100 findet
413 3040 442 3100 es
472 3043 519 3103 die
549 3043 596 3103 ihm
641 3049 766 3109 gemäße
795 3052 905 3112 Form.

361 3080 521 3140 Vielleht
542 3084 652 3144 erklärt
673 3088 717 3148 sich
743 3091 799 3151 aus
824 3091 1005 3151 Schnitzlers
1031 3100 1156 3160 Arzt¬

277 3116 411 3176 veruf
450 3121 512 3181 sein
551 3127 757 3187 analytischer
796 3130 983 3190 Charakter,
1012 3136 1065 3196 der
1104 3138 1156 3198 vor

278 3156 354 3216 allem
407 3159 454 3219 die
493 3161 650 3221 Liebe,
680 3165 732 3225 das
775 3170 1018 3230 Erotische,
1043 3177 1148 3237 immer

276 3195 345 3255 aufs
374 3198 448 3258 neue
476 3198 499 3258 in
532 3201 621 3261 leicht
640 3207 892 3267 ironisierender,
912 3213 1075 3273 blasierter
1099 3218 1154 3278 Art

271 3237 433 3297 umspielt.
467 3240 543 3300 Sein
577 3244 754 3304 bleibendes
779 3249 984 3309 literarisches
1008 3255 1147 3315 Geschöpf

276 3276 305 3336 ist
331 3276 381 3336 das
412 3279 527 3339 „süße
563 3282 750 3342 Mädel“,
770 3287 820 3347 das
851 3289 962 3349 kleine,
982 3294 1153 3354 lächelnde,

282 3315 463 3375 chalkhafte,
483 3320 702 3380 sentimentale
731 3325 812 3385 Ding
846 3327 903 3387 aus
937 3330 989 3390 der
1018 3333 1142 3393 Wiener

273 3351 431 3411 Vorstadt,
451 3354 539 3414 dessen
569 3362 810 3422 Lebensbegriff
830 3365 879 3425 die
900 3368 993 3428 Liebe
1018 3372 1067 3432 ist,
1087 3372 1140 3432 und

271 3391 352 3451 seine
376 3395 533 3455 erotischen
572 3401 700 3461 Dialoge
734 3405 858 3465 gehören
897 3409 944 3469 zum
993 3411 1150 3471 Feinsten,

264 3426 317 3486 das
347 3431 380 3491 er
405 3437 564 3497 geschaffen
599 3437 661 3497 hat.
701 3442 783 3502 Hier
808 3446 909 3506 findet
934 3448 963 3508 er
992 3450 1040 3510 die
1070 3452 1147 3512 seine

273 3470 427 3530 Melodie,
447 3473 490 3533 die
520 3476 601 3536 durch
630 3479 688 3539 sein
718 3481 809 3541 Werk
833 3487 949 3547 klingt,
969 3488 1017 3548 den
1051 3492 1142 3552 etwas

268 3512 487 3572 parfümierten
521 3515 605 3575 Ton,
638 3519 693 3579 den
722 3520 801 3580 Reiz
839 3523 890 3583 der
938 3529 1133 3589 gebrochenen

261 3547 401 3607 Farben,
426 3551 494 3611 die,
519 3553 581 3613 wie
616 3556 659 3616 sich
694 3557 722 3617 in
761 3560 810 3620 dem
859 3567 1145 3627 Reigen=Skandal

264 3584 323 3644 vor
346 3590 496 3650 nunmehr
524 3595 556 3655 10
584 3596 702 3656 Jahren
730 3600 862 3660 erwies,
881 3603 903 3663 in
936 3605 985 3665 der
1014 3609 1145 3669 Körper¬

264 3629 423 3689 haftigkeit
452 3631 505 3691 der
534 3633 645 3693 Bühne
674 3636 722 3696 ihr
751 3640 968 3700 Wesentliches
1002 3649 1146 3709 verliert.

264 3664 357 3724 Ueber
388 3669 485 3729 Wesen
521 3672 579 3732 und
609 3674 697 3734 Werk
722 3678 815 3738 dieses
846 3685 1047 3745 feinsinnigen
1077 3688 1135 3748 Po¬

266 3702 343 3762 seurs
375 3708 425 3768 des
452 3709 575 3769 Lebens
603 3714 680 3774 wird
712 3717 734 3777 im
781 3720 935 3780 einzelnen
972 3726 1035 3786 noch
1067 3728 1139 3788 aus¬

269 3744 427 3804 führlicher
451 3750 480 3810 zu
510 3751 639 3811 sprechen
673 3755 749 3815 sein,
788 3756 841 3816 als
884 3761 917 3821 es
967 3763 995 3823 in
1029 3768 1120 3828 diesem

259 3783 452 3843 Augenblick,
472 3789 501 3849 da
536 3791 580 3851 die
610 3796 862 3856 Todesnachricht
887 3805 1030 3865 eingeht,
1051 3807 1134 3867 mög¬

258 3825 311 3885 lich
347 3827 393 3887 ist.

1458 264 1583 324 box
1654 267 1841 327 42/7

1697 1336 1966 1396 OBS

2103 1360 2406 1420 RVER

1781 1407 1803 1467 l.
1817 1407 1937 1467 österr.
1951 1411 2098 1471 behördl.
2112 1417 2416 1477 konzessioniertes

1733 1449 1968 1509 Unternehmen
2000 1453 2044 1513 für
2071 1458 2459 1518 Zeitungs-Ausschnitte

1788 1507 1927 1567 WIEN,
1955 1512 2001 1572 I.,
2028 1519 2315 1579 WOLLZEILE
2356 1524 2402 1584 11

1872 1563 2091 1623 TELEPHON
2130 1571 2312 1631 R-23-0-43

1675 1700 1898 1760 Ausschnitt
1921 1706 2010 1766 aus:

1638 1938 1830 1998 uscemur
1848 1947 1905 2007 von

2118 1983 2205 2043 22.
2228 1997 2315 2057 0KT.
2327 2016 2457 2076 1931.

1742 2079 1892 2139 Cass

1657 2249 1980 2309 /Arthur
2019 2252 2316 2312 Schnitzler

1613 3294 1683 3354 Wie
1709 3294 1759 3354 aus
1780 3295 1865 3355 Wien
1891 3297 2043 3357 gemeldet
2069 3300 2160 3360 wird,
2181 3303 2215 3363 ist
2232 3303 2347 3363 Arthur
2368 3306 2525 3366 Schnitzler

1679 3337 1789 3397 gestern
1823 3338 1919 3398 abend
1954 3340 2035 3400 einem
2079 3344 2301 3404 Schlaganfall
2325 3346 2464 3406 erlegen.

1612 3389 1790 3449 Schnitzler,
1814 3390 1860 3450 ein
1899 3393 2025 3453 Wiener
2058 3396 2114 3456 von
2152 3398 2292 3458 Geburt,
2336 3399 2373 3459 ist
2420 3404 2457 3464 an
2495 3404 2546 3464 dem

1575 3428 1701 3488 Wiener
1729 3429 1842 3489 Milieu
1874 3434 2028 3494 geworden
2065 3437 2119 3497 und
2147 3437 2214 3497 auch
2247 3437 2296 3497 der
2319 3440 2437 3500 Dichter
2464 3443 2555 3503 dieses

1576 3467 1708 3527 Milieus
1736 3470 1895 3530 besonders
1928 3472 1978 3532 der
2006 3475 2074 3535 Zeit
2102 3476 2156 3536 vor
2180 3476 2234 3536 dem
2276 3481 2390 3541 Kriege
2418 3482 2564 3542 gewesen.

1569 3501 1627 3561 Der
1661 3506 1762 3566 Vater
1792 3509 1859 3569 war
1889 3512 2086 3572 Mediziner,
2111 3515 2144 3575 er
2174 3515 2260 3575 selbst
2290 3517 2377 3577 auch.
2421 3520 2565 3580 „Prof.

1574 3542 1842 3602 Bernhardi“
1880 3549 1915 3609 ist
1948 3550 2002 3610 der
2039 3550 2221 3610 dichterische
2258 3556 2408 3616 Ausdruck
2463 3556 2558 3616 dieser

1574 3583 1713 3643 geistigen
1752 3587 1991 3647 Abstammung.
2040 3592 2207 3652 Schnitzler
2246 3590 2279 3650 ist
2314 3592 2366 3652 als
2400 3597 2558 3657 Verfasser

1570 3619 1856 3679 liebenswürdiger
1911 3628 2075 3688 Lustspiele
2130 3628 2197 3688 voll
2248 3632 2443 3692 Geselligkeit
2498 3633 2552 3693 und

1569 3657 1684 3717 Humor
1717 3661 1819 3721 ebenso
1855 3663 1989 3723 bekannt
2016 3667 2150 3727 gewesen
2209 3667 2266 3727 wie
2316 3669 2365 3729 als
2401 3672 2566 3732 Novellist.

1576 3693 1639 3753 Wir
1667 3699 1781 3759 nennen
1818 3703 2027 3763 „Casanowas
2060 3706 2256 3766 Heimfahrt“
2293 3707 2348 3767 und
2380 3709 2549 3769 „Fräulein

1571 3734 1671 3794 Else“.
1718 3738 1818 3798 Ueber
1846 3740 1901 3800 sein
1943 3741 2071 3801 Werden
2113 3744 2168 3804 und
2205 3744 2324 3804 Wirken
2379 3747 2457 3807 wird
2494 3749 2558 3809 noch

1568 3774 1688 3834 einiges
1717 3778 1740 3838 zu
1770 3781 1851 3841 sagen
1880 3781 1957 3841 sein.
1996 3783 2158 3843 Schnitzler
2183 3784 2264 3844 stand
2293 3786 2317 3846 im
2351 3786 2403 3846 70.
2423 3789 2557 3849 Lebens¬

1576 3813 1681 3873 jahre.
