3344 4384
166 474 243 534 2.
294 482 896 542 Schnitzler's
967 484 1203 544 Death

1410 484 1540 544 box
1619 491 1858 551 43/20

510 2057 1317 2117 OBSERVER“

584 2101 610 2161 I.
624 2104 751 2164 österr.
760 2113 915 2173 behördl.
928 2124 1232 2184 konzessioniertes

547 2143 783 2203 Unternehmen
813 2152 860 2212 für
882 2164 1272 2224 Zeitungs-Ausschnitte

598 2205 747 2265 WIEN,
774 2214 819 2274 I.,
846 2221 1134 2281 WOLLZEILE
1180 2232 1218 2292 11

686 2262 902 2322 TELEPHON
939 2274 1113 2334 R-23-0-43

485 2394 706 2454 Ausschnitt
737 2403 825 2463 aus:

675 2513 834 2573 Bladet:

694 2596 1304 2656 Socialdemokraten

473 2619 546 2679 vom

705 2808 833 2868 skriver
856 2803 919 2863 ded
943 2799 1006 2859 2.
1018 2795 1071 2855 OK
1105 2791 1146 2851 T.
1169 2787 1276 2847 1931

692 3018 1070 3078 Arthur
1153 3024 1723 3084 Schnitzler
1808 3028 2036 3088 døa.

1015 3113 1146 3173 WIEN,
1171 3116 1325 3176 Onsdag.

833 3172 891 3232 Den
925 3173 1068 3233 beremte
1095 3177 1259 3237 estrigske
1279 3175 1357 3235 dra.

788 3233 929 3293 matiske
986 3236 1168 3296 Forfatter,
1230 3239 1346 3299 Lægen

783 3292 953 3352 ARTHUR
993 3295 1284 3355 SCHNITZLER,
1318 3298 1355 3358 er

787 3352 841 3412 Kl.
858 3352 869 3412 7
897 3352 907 3412 i
930 3352 1028 3412 Aften
1056 3353 1117 3413 ded
1150 3355 1183 3415 af
1211 3355 1238 3415 et
1260 3355 1359 3415 Slag¬

789 3409 945 3469 tilfælde.

672 3570 799 3630 Arthur
825 3570 1009 3630 Schnitzler
1035 3571 1091 3631 har
1122 3573 1132 3633 i
1158 3573 1188 3633 en
1225 3573 1357 3633 Menne¬

647 3631 787 3691 kealder
811 3633 915 3693 staaet
938 3633 952 3693 i
971 3633 1075 3693 forste
1098 3633 1221 3693 Række
1244 3633 1358 3693 blandt

639 3686 672 3746 de
701 3689 907 3749 tysktalende
942 3689 1071 3749 Landes
1101 3691 1240 3751 literære
1274 3689 1355 3749 Nav¬

634 3749 693 3809 ne.
718 3749 732 3809 I
767 3747 836 3807 1890
871 3749 1067 3809 debuterede
1098 3749 1285 3809 Schnitzler
1315 3749 1349 3809 30

637 3809 702 3869 Aar
737 3809 879 3869 gammel
906 3809 962 3869 som
1018 3809 1226 3869 Dramatiker
1283 3809 1347 3869 med

645 3866 793 3926 »Anatol,
809 3865 867 3925 syv
894 3866 1090 3926 dramatiske
1117 3869 1296 3929 Billeder,
1313 3868 1344 3928 en

631 3922 767 3982 levende
798 3924 959 3984 Skildring
990 3926 1041 3986 fra
1072 3925 1228 3985 Datidens
1259 3925 1340 3985 Wien

640 3983 708 4043 med
744 3983 795 4043 den
843 3985 1032 4045 »letsindige
1086 3985 1357 4045 Melankolikere,

636 4040 691 4100 den
730 4044 813 4104 unge
847 4043 1024 4103 letlevende
1058 4045 1196 4105 Anatol,
1236 4047 1351 4107 tegnet

634 4102 698 4162 med
727 4102 774 4162 let
793 4103 1018 4163 ironiserende
1042 4105 1263 4165 Forstaaelse,
1282 4105 1333 4165 som

1546 4114 1677 4174 Arthur
1712 4114 1924 4174 Schnitzler.

632 4158 857 4218 Hovedfigur.
898 4161 965 4221 Med
1023 4163 1232 4223 Skuespillet
1284 4161 1351 4221 »El¬

635 4218 811 4278 skorslege
842 4221 914 4281 1894
945 4222 1011 4282 slog
1064 4222 1255 4282 Schnitzler
1300 4224 1350 4284 sit
1382 4230 1432 4290 der
1463 4230 1536 4290 ikke
1559 4230 1617 4290 kan
1647 4230 1683 4290 se
1714 4230 1809 4290 andet
1840 4233 1854 4293 i
1869 4233 1957 4293 hans
1980 4233 2104 4293 Kunst)

636 4275 724 4335 Navn
761 4278 830 4338 fast
858 4279 913 4339 som

981 4281 1058 4341 tum

1187 4284 1275 4344 leligt

1379 4291 1431 4351 end
1461 4290 1647 4350 Frivolitet.

2113 681 2220 741 viser,
2242 682 2277 742 at
2304 682 2486 742 Schnitzler
2513 679 2646 739 snarere
2700 681 2833 741 frygter

2118 739 2169 799 end
2203 739 2301 799 søger
2330 739 2565 799 Sensationen.

2155 796 2218 856 Ved
2296 796 2641 856 Aarhundredskiftet
2692 796 2828 856 mistede

2110 854 2292 914 Schnitzler
2329 854 2374 914 sin
2416 855 2542 915 Stilling
2579 852 2634 912 som
2686 852 2833 912 Militær¬

2108 913 2189 973 læge
2223 914 2277 974 paa
2305 914 2420 974 Grund
2453 915 2485 975 af
2513 912 2557 972 sin
2590 912 2743 972 satiriske
2771 910 2836 970 No¬

2118 972 2194 1032 velle
2233 972 2449 1032 »Lieutenant
2483 972 2616 1032 Gustle.
2641 972 2703 1032 Den
2747 970 2832 1030 fore¬

2114 1032 2195 1092 gaar
2223 1032 2276 1092 saa
2309 1032 2340 1092 at
2368 1032 2436 1092 sige
2468 1032 2481 1092 !
2505 1029 2645 1089 Hjernen
2682 1029 2736 1089 paa
2791 1029 2823 1089 en

2115 1088 2256 1148 ostrigsk
2292 1087 2433 1147 Officer.
2459 1085 2524 1145 Den
2560 1085 2651 1145 varer
2682 1085 2717 1145 en
2768 1085 2833 1145 Nat

2113 1148 2148 1208 og
2176 1147 2267 1207 giver
2295 1145 2450 1205 Lojtnant
2473 1145 2582 1205 Gustls
2610 1142 2837 1202 rædselsslag¬

2113 1205 2150 1265 ne
2183 1205 2313 1265 Tanker
2337 1205 2415 1265 over
2444 1202 2471 1262 en
2510 1202 2654 1262 Civilists
2687 1202 2836 1262 Fornær¬

2118 1264 2251 1324 melser,
2276 1265 2330 1325 der
2365 1264 2438 1324 ikke
2468 1262 2561 1322 lader
2591 1262 2635 1322 sig
2690 1259 2827 1319 afvaske

2115 1319 2180 1379 med
2216 1321 2302 1381 Duel
2323 1321 2358 1381 og
2394 1320 2490 1380 Blod.
2511 1318 2551 1378 En
2582 1318 2713 1378 aandrig
2750 1317 2840 1377 Hud¬

2114 1378 2251 1438 fletning
2302 1378 2336 1438 af
2380 1378 2508 1438 stupide
2553 1375 2838 1435 Officersidealer,

2115 1439 2245 1499 præget
2266 1438 2301 1498 af
2327 1439 2462 1499 Foragt,
2479 1441 2513 1501 og
2544 1435 2725 1495 straalende
2756 1437 2836 1497 gen¬

2118 1497 2276 1557 nemført.
2300 1497 2338 1557 En
2372 1497 2568 1557 tilsvarende
2598 1494 2717 1554 Teknik
2771 1494 2828 1554 har

2115 1556 2296 1616 Schnitzler
2332 1555 2483 1615 benyttet
2509 1553 2523 1613 i
2549 1551 2700 1611 Novellen
2741 1550 2836 1610 »Fre¬

2119 1614 2171 1674 ken
2204 1614 2314 1674 Else«,
2336 1614 2388 1674 der
2421 1614 2520 1674 udkom
2563 1613 2616 1673 for
2643 1611 2669 1671 to
2701 1611 2764 1671 Aar
2791 1609 2833 1669 si¬

2119 1672 2173 1732 den
2209 1671 2223 1731 i
2249 1674 2449 1734 Schnitzlers
2480 1671 2555 1731 heje
2591 1671 2751 1731 Alderdom

2120 1730 2183 1790 men
2216 1730 2273 1790 dog
2305 1730 2337 1790 et
2364 1730 2607 1790 ungdomsfrisk
2639 1727 2797 1787 Arbeide.

2156 1790 2259 1850 Georg
2299 1790 2441 1850 Brandes
2476 1789 2535 1849 har
2565 1787 2658 1847 kaldt
2683 1786 2835 1846 Schnitz¬

2114 1850 2163 1910 ler
2188 1847 2217 1907 et
2232 1847 2336 1907 Geni,
2351 1850 2380 1910 og
2411 1850 2622 1910 Betegnelsen
2652 1847 2761 1907 genial
2781 1845 2839 1905 ka¬

2119 1907 2334 1967 rakteri-erer
2364 1907 2398 1967 en
2433 1907 2501 1967 lang
2536 1907 2658 1967 Række
2688 1907 2722 1967 af
2752 1904 2830 1964 hans

2119 1963 2194 2023 orer
2225 1960 2255 2020 40
2285 1963 2421 2023 Værker
2453 1964 2467 2024 —
2513 1963 2559 2023 bl.
2580 1962 2614 2022 a.
2641 1960 2721 2020 »Det
2767 1960 2837 2020 vide

2121 2021 2245 2081 Land«,
2278 2022 2446 2082 »Ordenes
2500 2020 2695 2080 Komedie«,
2745 2021 2825 2081 »Den

2115 2079 2205 2139 store
2231 2080 2372 2140 Scene«,
2397 2080 2579 2140 »Beatrices
2610 2077 2715 2137 Slor-.

2157 2137 2222 2197 Den
2256 2137 2394 2197 dybeste
2428 2137 2610 2197 Psykologi
2655 2140 2694 2200 og
2728 2138 2832 2198 tillige

2115 2196 2173 2256 den
2205 2196 2338 2256 reneste
2365 2196 2487 2256 Folelse
2519 2196 2625 2256 finder
2653 2196 2684 2256 vi
2706 2196 2833 2256 maaske

2119 2256 2129 2316 i
2156 2256 2219 2316 den
2263 2256 2448 2316 mærkeligt
2480 2256 2570 2316 milde
2609 2256 2645 2316 og
2683 2259 2741 2319 dog
2778 2256 2836 2316 saa

2113 2313 2236 2373 stærke
2271 2313 2439 2373 Skildring
2504 2313 2695 2373 =Sterben-,
2741 2316 2844 2376 »Døc,

2122 2372 2225 2432 Bogen
2266 2370 2304 2430 om
2374 2373 2541 2433 Kvindens
2597 2375 2833 2435 hensygnende

2120 2431 2307 2491 Kærlighed
2341 2432 2380 2492 til
2404 2432 2459 2492 den
2495 2432 2619 2492 doende
2648 2432 2761 2492 Mand.
2784 2432 2840 2492 In¬

2115 2486 2157 2546 tim
2227 2489 2402 2549 Medviden
2456 2490 2471 2550 i
2525 2489 2833 2549 Menneskesindets

2117 2549 2238 2609 skjulte
2271 2549 2440 2609 Rorelser,
2457 2549 2568 2609 fornem
2605 2549 2775 2609 Stilkunst
2797 2552 2828 2612 2g

2123 2608 2164 2668 fin
2195 2608 2291 2668 Poesi
2310 2608 2382 2668 faar
2407 2607 2491 2667 selve
2516 2608 2612 2668 Livet
2631 2608 2672 2668 til
2692 2608 2721 2668 at
2764 2608 2830 2668 leve

2124 2665 2264 2725 Læseren
2303 2665 2315 2725 i
2341 2665 2431 2725 Mode
2464 2668 2514 2728 fra
2547 2666 2649 2726 denne
2682 2669 2841 2729 redelige,

2118 2725 2365 2785 menneskelige
2398 2727 2483 2787 Bog.

2693 2785 2799 2845 Rech.

2302 2884 2620 2944 NOTER

2152 2955 2353 3015 Schnitzler,
2369 2956 2427 3016 der
2449 2957 2517 3017 blev
2544 2957 2575 3017 71
2597 2958 2660 3018 Aar
2682 2959 2840 3019 gammel,

2115 3006 2242 3066 forblev
2269 3006 2444 3066 produktiv
2472 3006 2588 3066 næsten
2620 3006 2657 3066 til
2679 3009 2721 3069 sin
2754 3009 2843 3069 Død.

2123 3051 2182 3111 For
2208 3053 2233 3113 et
2253 3053 2313 3113 Par
2339 3053 2404 3113 Aar
2425 3053 2505 3113 siden
2536 3053 2636 3113 havde
2662 3053 2716 3113 han
2742 3055 2757 3115 i
2777 3056 2837 3116 Ta¬

2120 3101 2174 3161 bet
2197 3101 2229 3161 af
2252 3101 2284 3161 en
2313 3101 2428 3161 Datter
2451 3101 2483 3161 en
2517 3101 2566 3161 saa
2589 3101 2661 3161 stor
2683 3103 2782 3163 Sorg,
2799 3106 2832 3166 at

2125 3149 2182 3209 han
2221 3149 2346 3209 mæsten
2394 3152 2447 3212 var
2486 3152 2591 3212 Deden
2640 3152 2707 3212 nær
2746 3155 2832 3215 efter

2119 3200 2250 3260 Slaget.

2149 3304 2331 3364 Schnitzier
2356 3307 2489 3367 besegte
2521 3307 2684 3367 gentagne
2716 3308 2825 3368 Gange

2184 3355 2365 3415 Danmark,
2389 3358 2420 3418 om
2466 3358 2533 3418 hvis
2566 3359 2829 3419 »menneskelige

2117 3403 2336 3463 Atmosfære«
2361 3405 2416 3465 han
2449 3406 2584 3466 udtalte,
2604 3409 2636 3469 at
2655 3409 2744 3469 alene
2772 3409 2828 3469 den

2112 3456 2230 3516 gjorde
2260 3454 2338 3514 hans
2373 3456 2485 3516 Hjerte
2520 3457 2613 3517 godt.
2638 3457 2701 3517 Det
2727 3457 2829 3517 sidste

2118 3501 2216 3561 Besøg
2247 3501 2335 3561 fandt
2356 3501 2429 3561 Sted
2454 3502 2463 3562 i
2484 3503 2567 3563 1923,
2583 3504 2662 3564 hvor
2682 3506 2819 3566 Schnitz

2114 3549 2160 3609 der
2186 3549 2243 3609 var
2279 3549 2699 3609 »Studentersamfundetes
2726 3552 2834 3612 Gast.

2150 3657 2197 3717 Da
2230 3660 2415 3720 Schnitzler
2443 3660 2458 3720 i
2485 3657 2554 3717 1896
2581 3662 2719 3722 besogte
2773 3663 2836 3723 Ko¬

2114 3707 2281 3767 benhavn,
2306 3707 2507 3767 resulterede
2541 3709 2704 3769 Opholdet
2734 3712 2781 3772 bl.
2806 3714 2834 3774 a.

2114 3752 2127 3812 i
2159 3752 2307 3812 Novellen
2349 3754 2430 3814 »Den
2466 3755 2552 3815 vises
2585 3758 2747 3818 Hustru-,
2770 3761 2824 3821 der

2113 3804 2268 3864 foregaar
2292 3806 2305 3866 i
2325 3809 2531 3869 Skodsborg.

2154 3910 2354 3970 Schnitzlers
2390 3913 2549 3973 Arbejder
2585 3913 2685 3973 bliver
2715 3916 2821 3976 stadig

2123 3959 2223 4019 spillet
2256 3962 2314 4022 paa
2346 3961 2479 4021 utallige
2528 3961 2650 4021 Scener
2698 3964 2825 4024 Verden

2115 4008 2207 4068 over.
2223 4009 2285 4069 Paa
2321 4009 2399 4069 »Det
2420 4009 2492 4069 kgl.
2513 4009 2647 4069 Teater«
2674 4012 2761 4072 staar
2787 4016 2833 4076 bl.

2109 4057 2145 4117 a.
2166 4057 2248 4117 »Den
2274 4057 2362 4117 store
2389 4058 2512 4118 Scene«
2533 4060 2637 4120 endnu
2668 4060 2678 4120 i
2699 4061 2735 4121 de
2761 4063 2828 4123 sid¬

2114 4106 2161 4166 ste
2188 4108 2246 4168 Aar
2273 4108 2326 4168 paa
2353 4108 2575 4168 Repertoiret.
