3344 4256
185 260 270 320 2.

386 261 923 321 chnitzlers
994 266 1217 326 Death

1442 264 1569 324 box
1649 267 1832 327 42/6

1262 1135 1558 1195 RVER

836 1136 1101 1196 OBS

963 1196 1084 1256 österr.
1097 1195 1250 1255 behördl.
1268 1195 1560 1255 konzessioniertes

893 1237 1124 1297 Unternehmen
1151 1237 1199 1297 für
1222 1237 1591 1297 Zeitungs-Ausschnitte

938 1297 1092 1357 WIEN,
1107 1297 1153 1357 I.,
1181 1297 1463 1357 WOLLZEILE
1512 1297 1551 1357 11

1032 1347 1247 1407 TELEPHON
1280 1347 1457 1407 R-23-0-43

829 1488 1059 1548 Ausschnitt
1083 1488 1150 1548 aus

819 1815 931 1875 Das
972 1816 1164 1876 Kleine
1198 1816 1523 1876 Volksblatt

1741 1819 1997 1879 Donnerstag,
2017 1819 2074 1879 22.
2094 1819 2248 1879 Oktober
2274 1821 2363 1881 1931

817 1988 1155 2048 Arihur
1249 1992 1733 2052 Schnitzler
1813 1997 2348 2057 gestorven.

824 2076 921 2136 Nach
960 2081 1073 2141 einem
1127 2081 1406 2141 Spaziergang
1452 2082 1534 2142 beim
1588 2082 1731 2142 Diktat
1769 2084 1837 2144 von
1876 2088 1988 2148 einem
2042 2088 2328 2148 Schlaganfall

1465 2141 1690 2201 getroffen.

766 2195 830 2255 Der
902 2198 1031 2258 Wiener
1097 2204 1433 2264 Bühnenschriftsteller
1505 2203 1557 2263 und
1593 2207 1651 2267 litt
1687 2206 1740 2266 seit
1776 2207 1917 2267 längerem
1977 2206 2006 2266 an
2054 2210 2413 2270 Herzmuskelentarkung

730 2235 879 2295 Novellist
926 2240 1049 2300 Arthur
1086 2241 1312 2301 Schnitzler
1359 2243 1400 2303 ist
1441 2245 1554 2305 gestern
1592 2244 1648 2304 und
1695 2246 1776 2306 stand
1829 2245 1854 2305 in
1901 2247 2112 2307 Behandlung
2159 2252 2256 2312 seines
2303 2251 2411 2311 Reffen

730 2277 824 2337 abend
865 2279 890 2339 im
941 2279 995 2339 70.
1022 2281 1232 2341 Lebensjahre
1268 2281 1479 2341 überraschend
1515 2282 1565 2342 ge=
1591 2282 1656 2342 Dr.
1682 2284 1852 2344 Ferdinand
1883 2286 2074 2346 Donath.
2110 2289 2170 2349 Die
2201 2290 2421 2350 unmittelbare

730 2312 868 2372 storben.

1588 2323 1803 2383 Todesursache
1836 2326 1868 2386 ist
1890 2326 2003 2386 jedoch,
2025 2327 2127 2387 soweit
2155 2329 2257 2389 bisher
2285 2332 2414 2392 bekannt

765 2350 809 2410 Er
839 2356 1010 2416 unternahm
1055 2358 1083 2418 am
1128 2358 1304 2418 Vormittag
1339 2359 1392 2419 wie
1423 2359 1564 2419 gewöhn=
1589 2364 1643 2424 ist,
1668 2365 1874 2425 Gehirnschlag
1908 2365 2055 2425 gewesen.

730 2392 776 2452 lich
809 2396 889 2456 einen
922 2398 1156 2458 Spaziergang,
1175 2398 1227 2458 von
1260 2398 1311 2458 dem
1354 2401 1381 2461 er
1410 2401 1485 2461 etwa
1513 2404 1550 2464 um

721 2431 762 2491 11
793 2434 860 2494 Uhr
892 2437 1093 2497 heimkehrte.
1130 2435 1207 2495 Nach
1243 2439 1295 2499 dem
1342 2440 1559 2500 Spaziergang

1624 2447 1683 2507 Die
1710 2452 2018 2512 Literaturgeschichte
2046 2455 2229 2515 verzeichnet
2257 2458 2413 2518 Schnitzler

718 2470 836 2530 begann
871 2472 899 2532 er
929 2474 953 2534 in
988 2475 1082 2535 seiner
1107 2476 1268 2536 Wohnung
1299 2478 1348 2538 der
1373 2479 1549 2539 Sekretärin
1585 2483 1633 2543 als
1668 2488 1751 2548 einen
1781 2490 1830 2550 der
1860 2491 2091 2551 erfolgreichsten
2126 2493 2337 2553 Schriftsteller
2367 2495 2415 2555 der

727 2516 757 2576 zu
793 2514 959 2574 diktieren.

1588 2526 1731 2586 Neuzeit,
1746 2529 1832 2589 dessen
1862 2529 1947 2589 müde
1972 2532 2178 2592 Melancholie
2202 2532 2259 2592 und
2289 2535 2413 2595 bitterer

764 2550 810 2610 Um
862 2553 930 2613 ½12
966 2556 1034 2616 Uhr
1065 2556 1169 2616 stürzte
1206 2556 1236 2616 er
1269 2558 1320 2618 vom
1367 2558 1476 2618 Schlag

1593 2568 1809 2628 Skeptizismus
1843 2568 1962 2628 vielfach
1991 2570 2102 2630 Schule
2136 2571 2270 2631 gemacht
2309 2574 2419 2634 haben.

721 2595 833 2655 troffen
873 2595 1059 2655 zusammen.
1099 2595 1143 2655 Er
1177 2597 1280 2657 wurde
1315 2599 1363 2659 ins
1399 2602 1476 2662 Bett
1506 2603 1560 2663 ge=
1585 2605 1663 2665 Auch
1693 2607 1746 2667 sein
1781 2608 1967 2668 blendender
1997 2608 2070 2668 Witz
2100 2610 2154 2670 und
2189 2610 2232 2670 die
2262 2611 2413 2671 gewählte

1588 2646 1823 2706 Ausdrucksform
1864 2648 1956 2708 seiner
1986 2648 2089 2708 Werke
2119 2652 2207 2712 haben
2247 2652 2291 2712 ihm
2336 2652 2413 2712 viele

1588 2683 1794 2743 Bewunderer
1823 2684 1973 2744 gebracht.

1625 2723 1719 2783 Seine
1750 2723 1981 2783 Bühnenwerke
2017 2726 2112 2786 waren
2152 2726 2197 2786 oft
2233 2728 2288 2788 mit
2318 2729 2413 2789 Recht

1582 2761 1794 2821 Mittelpunkt
1815 2762 1990 2822 erbitterter
2017 2765 2151 2825 Fehden,
2167 2765 2203 2825 da
2229 2767 2265 2827 sie
2292 2768 2410 2828 vielfach

1583 2801 1623 2861 die
1653 2801 1838 2861 peinlichsten
1873 2802 1978 2862 Stoffe
2008 2804 2063 2864 ans
2093 2804 2272 2864 Tageslicht
2298 2807 2412 2867 zerrten

1579 2837 1640 2897 und
1674 2840 1703 2900 in
1732 2840 1818 2900 gleich
1852 2841 2015 2901 peinlicher
2049 2842 2129 2902 Form
2183 2846 2417 2906 abwandelten.

1587 2875 1697 2935 Hieher
1727 2878 1837 2938 gehört
1868 2878 1913 2938 die
1949 2878 2104 2938 abstoßend
2145 2881 2240 2941 breite
2271 2883 2411 2943 Behand¬

1584 2914 1653 2974 lung
1689 2917 1840 2977 erotischer
1866 2920 2001 2980 Fragen,
2027 2920 2082 2980 wie
2113 2920 2147 2980 sie
2173 2921 2223 2981 der
2254 2924 2404 2984 „Reigen"

1583 2956 1712 3016 brachte,
1737 2956 1779 3016 der
1809 2956 1933 3016 gereizte
1958 2959 2154 3019 Tendenzruf
2178 2959 2202 3019 in
2236 2961 2283 3021 dem
2322 2962 2413 3022 Arzt¬

1584 2995 1684 3055 drama
1720 2995 1886 3055 „Professor
1912 2998 2103 3058 Bernhardi“
2134 2999 2189 3059 und
2220 2999 2265 3059 die
2291 3002 2411 3062 Juden¬

1580 3032 1667 3092 frage
1694 3034 1719 3094 im
1756 3034 1874 3094 Roman
1906 3037 1983 3097 „Der
2004 3038 2076 3098 Weg
2103 3037 2148 3097 ins
2175 3038 2283 3098 Freie“

1618 3069 1683 3129 Von
1734 3073 1829 3133 seinen
1880 3075 2022 3135 sonstigen
2073 3075 2194 3135 Werken
2250 3078 2310 3138 sind
2356 3079 2391 3139 am

1583 3111 1697 3171 meisten
1731 3114 1860 3174 bekannt
1884 3114 1932 3174 der
1961 3114 2210 3174 Einakterzyklus
2239 3119 2382 3179 „Quatol

1588 3150 1768 3210 „Liebelei",
1811 3154 1890 3214 „Der
1933 3154 2029 3214 junge
2066 3156 2278 3216 Medardus",
2326 3159 2405 3219 „Der

1583 3189 1716 3249 Schleier
1746 3192 1796 3252 der
1821 3192 1984 3252 Beatrice“
2019 3195 2048 3255 u.
2069 3195 2098 3255 a.

1077 3261 1124 3321 e

1619 3272 1658 3332 In
1693 3277 1806 3337 Arthur
1831 3278 1994 3338 Schnitzler
2019 3279 2152 3339 verliert
2177 3281 2226 3341 das
2256 3281 2290 3341 an
2325 3282 2413 3342 wirk¬

1583 3313 1669 3373 lichen
1703 3314 1818 3374 Größen
1853 3318 1963 3378 derzeit
1988 3320 2059 3380 nicht
2089 3320 2160 3380 allzu
2190 3321 2276 3381 reiche
2305 3323 2416 3383 litera¬

718 3345 837 3405 bracht,
857 3347 995 3407 erlangte
1029 3347 1119 3407 jedoch
1153 3347 1229 3407 trotz
1249 3348 1296 3408 den
1326 3348 1545 3408 Bemühungen
1575 3352 1665 3412 rische
1695 3356 1871 3416 Oesterreich
1905 3356 1986 3416 einen
2034 3356 2129 3416 seiner
2168 3361 2412 3421 bedeutendsten,

722 3386 773 3446 der
806 3387 917 3447 Aerzte
950 3388 1005 3448 das
1038 3389 1228 3449 Bewußtsein
1266 3389 1345 3449 nicht
1378 3392 1457 3452 mehr
1494 3391 1549 3451 und
1587 3391 1661 3451 aber
1694 3394 1759 3454 auch
1792 3395 1856 3455 viel
1885 3395 2094 3455 umstrittenen
2136 3398 2414 3458 Repräsentanten,

723 3425 930 3485 verschied
964 3428 1011 3488 um
1061 3426 1108 3486 ¼7
1138 3428 1219 3488 Uhr
1244 3428 1422 3488 abends.

1579 3431 1667 3491 dessen
1727 3436 1982 3496 Schaffensdrang
2052 3437 2111 3497 und
2176 3440 2411 3500 Künstlerschaft

760 3465 879 3525 Arthur
910 3470 1156 3530 Schnitzler,
1182 3472 1232 3532 der
1263 3472 1347 3532 selbst
1373 3474 1448 3534 Arzt
1479 3472 1559 3532 war,
1579 3472 1770 3532 würdigerer
1801 3477 1901 3537 Stoffe
1927 3475 2002 3535 wert
2022 3475 2148 3535 gewesen
2178 3478 2298 3538 wären,
