3392 4352
204 321 323 381 12.
383 323 973 383 Schnitzler's
1044 326 1272 386 Death

516 666 680 726 Freitag,
699 667 756 727 23.
783 664 928 724 Oktober

540 921 1061 981 MEATE

535 1137 748 1197 Arthur
784 1145 1165 1205 Schnitzlers

705 1237 976 1297 Abschied

483 2455 590 2515 Nein,
608 2458 637 2518 es
675 2458 710 2518 ist
734 2461 793 2521 kein
847 2463 990 2523 üblicher
1039 2467 1265 2527 literarischer

396 2506 612 2566 Trauerfall.
629 2507 695 2567 Der
724 2509 851 2569 Dichter
873 2512 989 2572 Wiens
1018 2515 1056 2575 ist
1079 2516 1267 2576 gestorben,

394 2551 449 2611 der
483 2555 565 2615 letzte
594 2559 699 2619 große
744 2558 882 2618 Dichter
927 2562 1032 2622 seines
1088 2565 1265 2625 Lächelns,

398 2601 507 2661 seiner
530 2607 728 2667 Landschaft
757 2608 817 2668 und
845 2610 938 2670 jenes
967 2612 1137 2672 angstvoll
1160 2615 1253 2675 süßen

389 2652 646 2712 Liebesglücks,
669 2655 724 2715 das
758 2656 786 2716 in
820 2658 981 2718 herbstlich
1010 2663 1261 2723 verglühender

393 2697 584 2757 Schönheit
611 2703 727 2763 immer
754 2706 880 2766 wieder
908 2709 1056 2769 Abschied
1089 2712 1204 2772 nahm.

479 2747 590 2807 Abend
628 2751 691 2811 und
724 2753 898 2813 Abschied:
925 2756 994 2816 Das
1032 2758 1100 2818 war
1127 2759 1259 2819 Arthur

390 2795 595 2855 Schnitzlers
628 2802 749 2862 großes
803 2803 1030 2863 Geheimnis,
1068 2807 1131 2867 das
1184 2807 1257 2867 war

392 2846 518 2906 immer
545 2848 672 2908 wieder
699 2850 784 2910 seine
832 2852 938 2912 tiefste
986 2855 1266 2915 Erschütterung.

391 2894 484 2954 Jetzt
512 2897 584 2957 erst,
607 2897 634 2957 im
673 2900 828 2960 Schatten
862 2903 1044 2963 plötzlicher
1089 2906 1155 2966 und
1206 2904 1260 2964 be¬

391 2944 613 3004 klemmender
646 2947 783 3007 Trauer
816 2949 905 3009 fühlt
932 2950 1054 3010 mans,
1102 2953 1165 3013 daß
1224 2951 1255 3011 er

396 2992 497 3052 dieses
526 2995 627 3055 ganze
656 2997 769 3057 noble,
787 3001 916 3061 gütige,
934 3001 1002 3061 heiß
1031 3004 1250 3064 hingegebene

388 3040 620 3100 Dichterleben
658 3046 809 3106 hindurch
848 3049 950 3109 nichts
999 3052 1144 3112 anderes
1199 3051 1258 3111 ge¬

391 3091 549 3151 schrieben
584 3093 656 3153 hat,
680 3094 730 3154 als
759 3094 809 3154 die
839 3098 951 3158 Elegie
981 3098 1042 3158 auf
1066 3100 1179 3160 Wien,
1202 3100 1258 3160 auf

389 3135 497 3195 dieses
524 3141 779 3201 hoffnungslos
830 3146 1112 3206 verdämmernde
1156 3147 1247 3207 Wien

387 3183 470 3243 einst
499 3183 526 3243 so
560 3189 660 3249 hellen
710 3191 994 3251 Liebeslachens,
1035 3195 1100 3255 auf
1146 3197 1251 3257 dieses

388 3234 469 3294 stolz
513 3237 702 3297 sterbende,
740 3240 842 3300 stumm
908 3243 1156 3303 verblühende,

387 3279 505 3339 welken
576 3285 787 3345 Blätterfall
848 3290 939 3350 ihrer
983 3291 1134 3351 Träume
1184 3294 1243 3354 und

389 3329 585 3389 Illusionen
620 3335 938 3395 entschlummernde
962 3338 1088 3398 Stadt.

477 3379 580 3439 Sonst
610 3382 743 3442 nichts?
772 3386 824 3446 An
859 3386 1021 3446 anderer,
1044 3387 1143 3447 dafür
1195 3389 1252 3449 ge¬

389 3428 576 3488 eigneterer
599 3430 703 3490 Stelle
731 3431 786 3491 des
814 3434 929 3494 Blatte
952 3436 1089 3496 sprechen
1123 3437 1189 3497 wir
1212 3440 1239 3500 es

387 3475 467 3535 aus.
489 3476 537 3536 Er
565 3479 635 3539 war
663 3481 749 3541 nicht
777 3485 1080 3545 zurückgeblieben.
1102 3486 1150 3546 Er
1178 3488 1247 3548 war

386 3521 449 3581 uns
481 3526 629 3586 voraus.
656 3529 830 3589 Dennoch:
857 3531 920 3591 Die
952 3535 1174 3595 Galanterie,
1195 3538 1248 3598 die

387 3571 486 3631 weise
509 3576 685 3636 Wehmut,
702 3578 751 3638 die
774 3583 1083 3643 Herzenseleganz,
1106 3586 1155 3646 die
1178 3585 1233 3645 jetz

385 3617 445 3677 mit
468 3622 556 3682 ihrem
601 3627 734 3687 Dichter
762 3629 812 3689 ins
862 3629 956 3689 Grab
1006 3634 1133 3694 sinken,
1173 3634 1239 3694 sind

384 3671 624 3731 Luxusartikel
652 3676 849 3736 geworden.

473 3720 522 3780 So
550 3720 588 3780 ist
611 3720 644 3780 es
678 3725 705 3785 in
739 3726 794 3786 der
823 3728 888 3788 Tat
917 3729 978 3789 und
1011 3730 1060 3790 die
1089 3732 1244 3792 Freund¬

376 3768 506 3828 wußten
545 3769 604 3829 es:
627 3773 746 3833 Dieses
780 3776 883 3836 große
916 3777 997 3837 Herz
1031 3778 1101 3838 war
1134 3782 1243 3842 längst

383 3819 577 3879 gebrochen.
600 3822 671 3882 Auf
694 3825 889 3885 aufsälligem
934 3828 1100 3888 Aufbruch
1128 3828 1189 3888 hat
1212 3828 1239 3888 es

385 3867 439 3927 nie
462 3867 555 3927 Wert
578 3871 704 3931 gelegt.
743 3873 864 3933 Selbst
886 3873 935 3933 als
964 3875 996 3935 es
1030 3876 1123 3936 unter
1173 3876 1233 3936 uns

380 3915 506 3975 schlug,
523 3917 594 3977 war
617 3917 650 3977 es
672 3920 811 3980 schwer,
828 3925 855 3985 zu
883 3923 932 3983 ihm
977 3923 1219 3983 vorzudringen

378 3965 443 4025 Die
471 3965 576 4025 Welt,
594 3968 681 4028 diese
710 3969 787 4029 kalte
815 3970 876 4030 und
910 3971 992 4031 klare
1037 3972 1131 4032 Welt
1176 3971 1236 4031 von

376 4013 492 4073 heute,
515 4013 553 4073 ist
576 4016 709 4076 Arthur
738 4019 915 4079 Schnitzler
949 4019 1133 4079 allmählich
1167 4022 1244 4082 aber

382 4061 550 4121 gründlich
577 4064 751 4124 abhanden
783 4067 989 4127 gekommen.
1005 4067 1052 4127 Er
1074 4069 1237 4129 entfernte

384 4109 434 4169 sich
463 4109 519 4169 von
548 4111 620 4171 ihr,
638 4112 688 4172 ins
717 4114 852 4174 Dunkel
870 4114 1033 4174 gleitend,
1056 4114 1118 4174 mit
1135 4117 1230 4177 leisen

380 4156 567 4216 Schritten,
590 4160 667 4220 aber
695 4162 766 4222 noch
817 4165 871 4225 ihr
922 4165 999 4225 Echo
1055 4165 1143 4225 griff
1188 4164 1237 4224 be¬

1499 324 1627 384 box
1700 327 1885 387 42/9

2148 625 2313 685 Mener

1842 723 2276 783 Allgemeine
2317 730 2578 790 Zeitung

1568 807 1828 867 Kasznärs

2375 894 2491 954 DAS
2529 900 2724 960 vornehme

2875 904 3029 964 Jazz

1477 930 2283 990 Donbonnière
2380 946 2728 1006 Abendrestaurant

2885 963 3028 1023 Tanz

1627 1031 1973 1091 eröffnet
2021 1034 2074 1094 die
2098 1037 2351 1097 Wintersaison
2383 1042 2544 1102 Samstag
2584 1044 2645 1104 den
2677 1046 2737 1106 24,
2754 1046 2768 1106 8
2800 1048 2876 1108 Uhr
2900 1052 3038 1112 abends

1581 1112 1832 1172 Zeitgemäße
1864 1115 1997 1175 Preise

2573 1123 2684 1183 Ta.
2690 1127 2791 1187 1D2

1320 1176 1504 1236 Schnitzler
1553 1181 1608 1241 nie
1652 1185 1705 1245 die
1749 1186 1900 1246 richtigen
1940 1189 2194 1249 Beziehungen.

2240 1192 2363 1252 Seele,
2402 1195 2457 1255 die
2488 1195 2620 1255 Musik,
2659 1198 2715 1258 der
2745 1201 2982 1261 Liebesrausch
3012 1207 3096 1267 einer

1330 1223 1390 1283 Sie
1418 1225 1474 1285 hat
1502 1228 1551 1288 ihn
1586 1231 1635 1291 nie
1663 1234 1801 1294 gestört,
1818 1236 1912 1296 wenn
1946 1236 1974 1296 er
2002 1236 2096 1296 durch
2124 1236 2196 1296 ein¬

2230 1243 2357 1303 ganzen
2413 1244 2722 1304 jugendtrunkenen
2778 1249 2904 1309 Stadt.
2971 1256 3087 1316 Dieses

1330 1273 1417 1333 same
1446 1278 1678 1338 Villengassen
1718 1282 1839 1342 schritt,
1868 1283 1895 1343 im
1945 1285 2039 1345 leisen
2073 1286 2183 1346 Regen

2233 1291 2356 1351 „junge
2381 1291 2498 1351 Wien"
2529 1295 2564 1355 ist
2606 1295 2682 1355 jetzt
2706 1296 2776 1356 erst,
2819 1297 2854 1357 am
2896 1302 3090 1362 Todestage

1324 1319 1379 1379 der
1407 1324 1690 1384 Akazienblüten,
1729 1330 1790 1390 den
1824 1333 1940 1393 blauen
1980 1333 2184 1393 Hügelkranz

2232 1338 2339 1398 seines
2368 1342 2543 1402 Dichters,
2583 1343 2770 1403 gestorben.
2810 1347 2905 1407 Jetzt
2951 1350 3013 1410 erst
3053 1353 3098 1413 ist

1330 1371 1431 1431 seiner
1454 1374 1731 1434 Jugendträume
1760 1379 1782 1439 im
1828 1380 1963 1440 Rücken.

2230 1386 2417 1446 Christine,
2457 1389 2520 1449 das
2549 1391 2638 1451 süße,
2679 1392 2803 1452 sanfte,
2827 1395 2894 1455 edle
2923 1398 3098 1458 Vorstadt¬

1408 1419 1474 1479 Den
1508 1424 1668 1484 einsamen
1702 1427 1780 1487 Weg
1825 1430 1885 1490 hat
1908 1431 1935 1491 er
1964 1431 1985 1491 ja
2019 1433 2085 1493 auch
2114 1433 2185 1493 eine

2225 1434 2343 1494 mädel
2392 1437 2456 1497 nur
2489 1438 2574 1498 mehr
2607 1440 2678 1500 eine
2711 1442 2904 1502 großartige
2932 1448 3093 1508 Theater¬

1323 1467 1427 1527 seiner
1461 1469 1577 1529 tiefsten
1616 1476 1815 1536 Dichtungen
1855 1479 2021 1539 genannt.
2060 1482 2176 1542 Diesen

2230 1482 2332 1542 rolle.
2355 1485 2422 1545 Und
2451 1485 2581 1545 Anatol
2604 1488 2694 1548 steigt
2718 1489 2785 1549 jetzt
2809 1492 2882 1552 erst,
2899 1494 2961 1554 mit
2984 1494 3068 1554 einem

1322 1518 1484 1578 einsamen
1517 1521 1586 1581 Weg
1620 1524 1657 1584 ist
1680 1524 1706 1584 er
1734 1527 1852 1587 immer
1880 1527 2070 1587 gegangen,
2092 1530 2178 1590 durch

2225 1533 2364 1593 lässigen
2422 1536 2584 1596 Bonmot
2631 1536 2694 1596 auf
2741 1539 2798 1599 den
2857 1543 3083 1603 vielgeküßten

1317 1565 1594 1625 Blätterrascheln
1635 1571 1695 1631 und
1729 1574 2012 1634 Abendschatten,
2035 1577 2057 1637 in
2096 1574 2185 1634 Gär¬

2225 1577 2371 1637 Lippen,
2389 1583 2422 1643 zu
2457 1583 2507 1643 den
2542 1584 2689 1644 Schatten
2723 1585 2842 1645 hinab.

1315 1613 1368 1673 ten
1401 1614 1455 1674 des
1488 1617 1638 1677 Herbstes
1693 1619 1758 1679 und
1791 1622 1844 1682 der
1872 1625 2023 1685 Trauer,
2067 1625 2185 1685 geküßt

2310 1631 2506 1691 Tausende,
2530 1632 2611 1692 viele
2640 1636 2814 1696 Tausende
2850 1637 2947 1697 haben
2983 1640 3081 1700 daran

1321 1661 1379 1721 vom
1427 1666 1628 1726 scheidenden
1665 1671 1934 1731 Sonnenstrahl.
1978 1674 2078 1734 Diese
2110 1673 2167 1733 Me

2225 1679 2406 1739 geglaubt.
2424 1679 2537 1739 Haben
2565 1681 2628 1741 mit
2651 1684 2781 1744 Anatol
2804 1686 2934 1746 gelebt,
2951 1688 3013 1748 wie
3042 1688 3087 1748 die

1322 1712 1483 1772 lancholie
1532 1715 1586 1775 des
1624 1716 1796 1776 Abschieds
1851 1720 1910 1780 hat
1959 1721 2029 1781 man
2067 1723 2185 1783 lange,

2225 1727 2524 1787 Jugendgenossen
2585 1731 2734 1791 Goethes
2813 1732 2846 1792 im
2918 1736 3090 1796 Werther¬

1318 1758 1396 1818 allzu
1429 1761 1529 1821 lange
1572 1762 1634 1822 mit
1656 1763 1708 1823 der
1735 1764 1846 1824 Laune
1894 1768 1984 1828 eines
2011 1768 2169 1828 erlesenen

2223 1774 2341 1834 Kostüm
2387 1774 2619 1834 schwärmten.
2648 1779 2715 1839 Wie
2744 1780 2800 1840 der
2830 1782 3089 1842 Girardi=Ton¬

1316 1807 1440 1867 Dandy
1473 1810 1526 1870 der
1554 1812 1727 1872 Literatur
1754 1815 1981 1875 verwechselt.
2004 1819 2073 1879 Das
2106 1818 2176 1878 war

2221 1822 2283 1882 fall
2306 1822 2391 1882 ganz
2420 1822 2510 1882 Wien
2562 1825 2692 1885 färbte,
2732 1828 2851 1888 wurde
2880 1831 2936 1891 der
2960 1834 3084 1894 „junge

1319 1855 1356 1915 sie
1384 1858 1551 1918 niemals.
1590 1860 1654 1920 Sie
1681 1861 1752 1921 war
1801 1864 1854 1924 der
1882 1864 1979 1924 Fluch
2029 1867 2093 1927 und
2126 1867 2174 1927 der

2223 1867 2305 1927 Herr
2317 1873 2532 1933 "Schnitzlers
2561 1876 2611 1936 ein
2644 1876 2777 1936 Wiener
2805 1881 3093 1941 Seelenrequisit.

1314 1904 1449 1964 Zauber
1484 1907 1591 1967 seines
1625 1911 1823 1971 Schicksals,
1852 1912 1914 1972 das
1954 1915 1982 1975 in
2022 1915 2072 1975 der
2107 1915 2174 1975 Tat

2223 1918 2294 1978 Und
2319 1921 2403 1981 seine
2422 1921 2609 1981 „Liebelei"
2628 1925 2736 1985 stand,
2755 1927 2779 1987 in
2809 1927 2900 1987 ihrer
2924 1930 3015 1990 leicht
3034 1930 3087 1990 be¬

1312 1953 1434 2013 immer
1455 1953 1577 2013 wieder
1604 1956 1753 2016 Abschied
1780 1959 1912 2019 nehmen
1945 1962 2072 2022 mußte,
2094 1962 2167 2022 denn

2219 1966 2385 2026 schatteten
2415 1970 2611 2030 Bittersüße
2659 1971 2723 2031 auf
2748 1973 2806 2033 dem
2849 1977 3085 2037 Tagesreper¬

1319 2001 1401 2061 seine
1435 2004 1562 2064 eigene,
1585 2007 1690 2067 heiter
1718 2007 1900 2067 gaukelnde
1934 2013 2073 2073 Jugend
2106 2013 2178 2073 ent¬

2215 2013 2302 2073 toire
2326 2016 2384 2076 der
2409 2019 2572 2079 Jeunesse
2596 2019 2695 2079 dorè.

1317 2049 1482 2109 schwand,
1505 2052 1587 2112 ganz
1615 2055 1736 2115 anders
1771 2057 1820 2117 als
1854 2058 1942 2118 sonst
1970 2061 2102 2121 Jugend
2136 2063 2163 2123 zu

2298 2065 2430 2125 Arthur
2456 2067 2633 2127 Schnitzler
2659 2068 2760 2128 selbst
2780 2073 2943 2133 entwuchs
2975 2073 3082 2133 dieser

1306 2098 1550 2158 entschwinden
1606 2103 1733 2163 pflegt.
1778 2105 1872 2165 Denn
1934 2108 2033 2168 dieses
2073 2109 2178 2169 heiße,

2219 2115 2464 2175 schicksalhaften
2502 2117 2728 2177 Popularität
2779 2120 2969 2180 allerdings
3007 2122 3079 2182 sehr

1311 2146 1498 2206 heimliche,
1538 2147 1645 2207 dieses
1697 2151 1900 2211 himmlische
1929 2155 2058 2215 Lächeln
2110 2156 2172 2216 auf

2216 2161 2317 2221 rasch.
2357 2162 2464 2222 Seine
2493 2165 2680 2225 Tragödien
2737 2168 2849 2228 reiften
2884 2168 2912 2228 in
2947 2170 3081 2230 histori¬

1313 2195 1448 2255 tausend
1483 2198 1777 2258 Mädchenlippen,
1801 2202 1902 2262 dessen
1942 2204 2077 2264 Sänger
2106 2205 2168 2265 und

2216 2207 2290 2267 sches
2332 2210 2407 2270 Maß
2448 2212 2511 2272 und
2540 2211 2569 2271 in
2605 2215 2865 2275 psychologische
2895 2219 3079 2279 Abgrund¬

1308 2243 1460 2303 Causeur
1511 2246 1539 2306 er
1568 2247 1731 2307 gewesen,
1766 2251 1940 2311 erneuerte
1986 2253 2036 2313 sich
2082 2252 2166 2312 nicht

2209 2257 2306 2317 tiefe.
2348 2258 2422 2318 Nur
2469 2258 2526 2318 das
2579 2263 2711 2323 richtige
2740 2264 2884 2324 gesalbte
2914 2267 3074 2327 Theater¬

1306 2291 1421 2351 mehr.
1444 2294 1527 2354 War
1555 2294 1610 2354 die
1638 2296 1732 2356 Welt
1761 2299 1843 2359 älter
1877 2300 2054 2360 geworden
2093 2303 2170 2363 oder

2209 2306 2335 2366 pathos
2365 2309 2421 2369 hat
2445 2309 2479 2369 er
2503 2309 2554 2369 nie
2578 2312 2721 2372 gelernt.
2745 2313 2860 2373 Selbst
2884 2314 2964 2374 seine
2993 2317 3073 2377 Her¬

1310 2340 1381 2400 war
1409 2342 1508 2402 dieses
1542 2344 1630 2404 Wien
1663 2345 1718 2405 der
1746 2347 1817 2407 hold
1846 2350 2171 2410 besinnungslosen,

2212 2356 2289 2416 zöge
2312 2353 2439 2413 blieben
2473 2356 2678 2416 Charmeure
2707 2359 2761 2419 vom
2807 2360 2945 2420 Wiener
2968 2363 3073 2423 Korso

1307 2387 1360 2447 der
1390 2392 1521 2452 tragisch
1551 2395 1789 2455 leichtfertigen
1819 2396 1914 2456 Liebe
1938 2398 2080 2458 wirklich
2105 2398 2169 2458 nur

2209 2399 2260 2459 der
2290 2403 2394 2463 Seele
2441 2404 2504 2464 und
2540 2406 2620 2466 seine
2651 2409 2894 2469 leidgekrönten
2935 2413 3062 2473 Frauen

1310 2437 1423 2497 Vision
1458 2440 1560 2500 seines
1589 2440 1770 2500 Dichters?

2209 2450 2347 2510 machten
2382 2452 2458 2512 fünf
2487 2455 2638 2515 Minuten
2685 2456 2742 2516 vor
2772 2458 2823 2518 dem
2871 2462 3067 2522 Untergang

1392 2487 1563 2547 Tausende
1636 2491 1741 2551 haben
1820 2492 1924 2552 daran
1992 2497 2169 2557 geglaubt.

2208 2498 2279 2558 noch
2314 2499 2363 2559 die
2392 2503 2703 2563 einwandfreiesten
2737 2506 2943 2566 Honneurs.

1306 2535 1487 2595 Schnitzler
1532 2538 1609 2598 war
1654 2540 1742 2600 keine
1770 2541 1891 2601 Mode,
1930 2544 1968 2604 er
2013 2544 2084 2604 war
2113 2544 2162 2604 die

2291 2547 2389 2607 Diese
2435 2553 2597 2613 tadellose
2627 2556 2776 2616 Eleganz
2824 2557 2881 2617 des
2916 2559 3060 2619 Herzens

1418 2628 1567 2688 Mrgen
1603 2627 1740 2687 soricht
1764 2631 1804 2691 an
1839 2631 1936 2691 diese
1983 2634 2086 2694 Stelle
2116 2634 2178 2694 der
2202 2637 2426 2697 Modenchef
2456 2640 2513 2700 der
2537 2640 2628 2700 Tiller
2652 2641 2749 2701 A-G.
2767 2643 2836 2703 Mai
2860 2645 2957 2705 ahlif,
2975 2649 3015 2709 Ob

1415 2678 1449 2738 „1
1467 2676 1559 2736 Rese
1588 2678 1709 2738 ve-Kra
1745 2680 1807 2740 en,
1832 2681 1849 2741 2
1884 2682 2138 2742 Manschetten
2185 2686 2248 2746 aus
2284 2687 2347 2747 der
2382 2690 2590 2750 enguschen
2625 2693 2793 2753 Tasche"
2828 2698 2897 2758 und
2944 2700 3070 2760 „5mal

1410 2724 1644 2784 Hangarbelt
1666 2722 1681 2782 —
1735 2721 1750 2781 —
1809 2728 1884 2788 Dis
1916 2732 2176 2792 ,uosichibare'
2198 2733 2336 2793 Hemd"

1416 2965 1793 3025 lethur
1880 2974 2616 3034 Schnitzlers
2703 2979 3080 3039 Darst

1910 3143 2265 3203 Jahre
2370 3150 2693 3210 ihres
2796 3157 3033 3217 Sar

2206 3237 2228 3297 in
2260 3239 2305 3299 dem
2353 3240 2398 3300 die
2414 3243 2561 3303 Freunde
2585 3243 2787 3303 Schnitzlers,
2803 3248 2895 3308 unter
2919 3249 3049 3309 anderen

3113 3249 3161 3309 als
3188 3252 3245 3312 aus

1564 3255 1717 3315 Raoul
1747 3256 1882 3316 As'an

2206 3282 2318 3342 Namen
2359 3285 2524 3345 natürlich,
2547 3288 2723 3348 auftreten.

3112 3292 3251 3352 Stund

1378 3301 1435 3361 Die
1464 3307 1626 3367 Nachricht
1651 3309 1702 3369 vom
1749 3309 1836 3369 Tode
1865 3312 2051 3372 Schnitzlers
2103 3314 2161 3374 hat

3108 3333 3177 3393 noch
3225 3338 3236 3398 „

1304 3350 1368 3410 mich
1417 3350 1444 3410 so
1477 3350 1536 3410 wie
1563 3350 1644 3410 jeden
1682 3353 1812 3413 anderen
1850 3356 1990 3416 Künstler
2018 3356 2158 3416 schmerz¬

2465 3362 2551 3422 Lint
2572 3364 2786 3424 Marberg

3107 3374 3269 3434 Lebens

1295 3392 1343 3452 lich
1376 3395 1451 3455 nahe
1479 3397 1625 3457 berührt.
1653 3396 1696 3456 Es
1730 3397 1767 3457 ist
1795 3400 1854 3460 eine
1887 3404 1962 3464 ganz
1990 3402 2152 3462 besondere

2279 3410 2335 3470 Nie
2361 3412 2456 3472 werde
2483 3413 2520 3473 ich
2553 3413 2597 3473 die
2623 3416 2788 3476 Gestalten,
2814 3416 2858 3476 die
2884 3417 3036 3477 Schnitzle

3179 3419 3305 3479 Schnitz

1295 3440 1427 3500 Tragik,
1467 3441 1521 3501 daß
1555 3442 1582 3502 in
1616 3442 1710 3502 dieser
1738 3446 1826 3506 Zeit,
1843 3446 1870 3506 in
1904 3447 1953 3507 der
1981 3447 2042 3507 wir
2070 3446 2152 3506 mehr

2199 3452 2279 3512 schuf
2307 3454 2366 3514 und
2405 3454 2454 3514 die
2481 3455 2519 3515 ich
2557 3456 2584 3516 in
2623 3458 2774 3518 mehreren
2819 3461 2915 3521 seiner
2949 3464 3057 3524 Stücke

3109 3464 3166 3524 mit
3188 3464 3230 3524 dem
3275 3466 3288 3526 i

1298 3485 1372 3545 denn
1403 3486 1427 3546 je
1459 3487 1609 3547 Menschen
1645 3488 1786 3548 brauchen
1821 3491 1882 3551 und
1912 3491 1972 3551 uns
1998 3491 2033 3551 an
2064 3491 2153 3551 Men¬

2199 3497 2288 3557 geben
2321 3499 2436 3559 durfte,
2458 3500 2627 3560 vergessen.
2648 3502 2701 3562 Ich
2728 3503 2833 3563 spielte
2865 3505 2922 3565 mit
2950 3506 3044 3566 Harry

3104 3506 3216 3566 gehabt
3239 3507 3288 3567 hab

1297 3529 1368 3589 schen
1397 3529 1496 3589 halten
1547 3532 1685 3592 müssen,
1725 3535 1774 3595 die
1797 3535 1902 3595 geistig
1930 3536 1991 3596 und
2036 3536 2146 3596 seelisch

2201 3541 2370 3601 Walden
2399 3542 2574 3602 gemeinsam
2614 3544 2636 3604 in
2665 3547 3043 3607 „Zwischenspie!"

3101 3547 3284 3607 vorstellung

1296 3574 1470 3634 Oesterreich
1513 3577 1704 3637 angehören,
1737 3577 1799 3637 eine
1837 3580 1927 3640 solche
1964 3580 2155 3640 Persönlich¬

2196 3580 2276 3640 dann
2312 3583 2362 3643 bei
2393 3583 2443 3643 der
2479 3585 2716 3645 Uraufführung
2773 3587 2828 3647 des
2864 3589 3045 3649 „Weiten

3102 3586 3133 3646 36
3166 3592 3311 3652 Jahren.

1296 3620 1351 3680 keit
1377 3622 1523 3682 verlieren
1559 3622 1695 3682 müssen.

2196 3625 2328 3685 Land"
2360 3628 2423 3688 und
2477 3628 2640 3688 schließlich
2678 3631 2704 3691 in
2747 3634 3053 3694 „Schwestern".

3103 3637 3249 3697 souper",
3268 3637 3310 3697 die

2196 3668 2262 3728 Alle
2289 3670 2443 3730 Figuren,
2470 3671 2510 3731 die
2542 3672 2577 3732 ich
2609 3673 2784 3733 verkörpern
2821 3676 2918 3736 sollte,
2945 3676 3042 3736 waren

1368 3674 1423 3734 Als
1451 3676 1674 3736 Schauspieler
1719 3679 1796 3739 habe
1818 3679 1857 3739 ich
1908 3681 1935 3741 in
1963 3680 2146 3740 Schnitzlers

3097 3679 3197 3739 rock.

2195 3714 2376 3774 unheimlich
2411 3715 2577 3775 lebensnah
2617 3715 2670 3775 und
2710 3717 2788 3777 nicht
2818 3718 2876 3778 nur
2906 3719 2955 3779 für
2989 3720 3043 3780 das

3179 3720 3276 3780 Heute
3302 3723 3327 3783 is

1296 3720 1415 3780 Stücken
1451 3720 1736 3780 verhältnismäßig
1768 3723 1871 3783 wenig
1897 3726 2042 3786 gespielt.
2074 3723 2151 3783 Aber

2197 3756 2382 3816 Publikum,
2403 3756 2529 3816 sondern
2564 3759 2630 3819 auch
2666 3759 2716 3819 für
2746 3760 2796 3820 den
2832 3762 3048 3822 Schauspieler

3098 3765 3331 3825 Süßen=Mäde

1287 3762 1315 3822 es
1345 3765 1411 3825 war
1436 3765 1493 3825 mir
1523 3768 1633 3828 immer
1657 3768 1719 3828 eine
1749 3768 1912 3828 besondere
1941 3771 2075 3831 Freude,
2095 3769 2147 3829 mit

2193 3796 2249 3856 tief
2270 3801 2455 3861 ergreifend.
2476 3801 2589 3861 Arthur
2610 3802 2774 3862 Schnitzler
2795 3804 2851 3864 hat
2872 3804 2928 3864 mit
2950 3807 3026 3867 jedem

3093 3807 3164 3867 jetzt
3207 3810 3279 3870 gibt

1288 3810 1455 3870 Schnitzler
1481 3813 1510 3873 zu
1542 3813 1694 3873 arbeiten.
1715 3813 1760 3873 Er
1786 3814 1836 3874 hat
1857 3815 1902 3875 sich
1934 3816 1978 3876 als
2004 3815 2151 3875 außer¬

2198 3840 2291 3900 seiner
2317 3843 2424 3903 Stucke
2450 3843 2547 3903 meine
2573 3846 2774 3906 künstlerische
2804 3846 3050 3906 Vervollkomm¬

3093 3850 3245 3910 mehr...

1284 3858 1583 3918 ordentlicher
1623 3860 1867 3920 Regisseur
1906 3861 2067 3921 erwiesen,
2095 3858 2144 3918 als

2192 3884 2274 3944 nung
2297 3886 2452 3946 gefördert
2475 3888 2530 3948 und
2558 3888 2635 3948 einen
2663 3891 2940 3951 unauslöschlichen
2969 3891 3046 3951 Ein¬

1288 3900 1453 3960 wirklicher
1484 3903 1603 3963 Führer
1650 3903 1701 3963 der
1728 3906 1965 3966 Schauspieler,
2002 3906 2053 3966 der
2095 3903 2141 3963 ein

2191 3926 2278 3986 druck
2305 3929 2528 3989 hinterlassen.

1293 3944 1387 4004 feines
1420 3946 1487 4006 Ohr
1520 3947 1604 4007 hatte
1631 3947 1683 4007 für
1715 3947 1762 4007 den
1800 3949 1910 4009 Willen
1948 3950 1994 4010 des
2032 3948 2142 4008 Schau¬

3178 3979 3264 4039 Mein

1289 3990 1434 4050 spielers.
1484 3990 1538 4050 Ich
1571 3993 1716 4053 erinnere
1749 3995 1813 4055 mich
1852 3996 1938 4056 noch,
1961 3995 2008 4055 daß
2047 3995 2079 4055 ich
2112 3993 2138 4053 in

2195 4007 2375 4067 Leopold
2405 4010 2615 4070 Kramer,
2635 4008 2701 4068 der
2740 4009 2835 4069 erste
2874 4012 3046 4072 Anatol

3094 4022 3236 4082 mödie
3257 4024 3327 4084 der

1292 4034 1385 4094 seiner
1436 4034 1669 4094 „Komödie
1719 4037 1791 4097 der
1830 4040 2113 4100 Verführung

2265 4058 2318 4118 Ich
2346 4059 2421 4119 habe
2443 4061 2519 4121 viel,
2541 4061 2584 4121 ost
2606 4061 2659 4121 und
2692 4061 2778 4121 gerne
2807 4061 2833 4121 in
2861 4064 3044 4124 Schnitzler¬

3091 4064 3145 4124 bei
3168 4066 3212 4126 den
3251 4067 3328 4127 Prol

1290 4077 1348 4137 nur
1380 4079 1443 4139 sehr
1475 4082 1671 4142 widerwillig
1703 4082 1750 4142 die
1783 4083 1872 4143 Rolle
1904 4085 1951 4145 des
1989 4084 2142 4144 Falkenier

2190 4103 2314 4163 Stücken
2341 4103 2487 4163 gespielt.
2504 4104 2557 4164 Ich
2585 4104 2645 4164 war
2672 4103 2758 4163 sein
2786 4106 2915 4166 erster
2938 4109 3045 4169 Ana¬

3090 4109 3234 4169 erhörtes
3258 4110 3333 4170 Erle

1290 4123 1506 4183 übernommen
1543 4126 1630 4186 habe.
1657 4126 1780 4186 Arthur
1807 4129 1972 4189 Schnitzler
1998 4128 2049 4188 hat
2076 4125 2137 4185 mich

2182 4144 2264 4204 tol,
2290 4147 2346 4207 und
2383 4145 2429 4205 die
2461 4147 2636 4207 Gestaltung
2673 4147 2765 4207 dieser
2797 4147 2884 4207 Rolle
2915 4148 2951 4208 ist
2977 4150 3039 4210 mir

3090 4150 3139 4210 ihm
3190 4153 3278 4213 war'
3295 4152 3322 4212 so

1288 4168 1356 4228 nach
1389 4171 1446 4231 und
1478 4171 1541 4231 nach
1573 4172 1668 4232 davon
1705 4176 1890 4236 überzeugt,
1917 4177 1963 4237 daß
1996 4174 2032 4234 ich
2064 4171 2138 4231 diese

2187 4186 2226 4246 ein
2262 4191 2509 4251 unvergeßliches
2540 4189 2700 4249 Erlebnis.
2721 4192 2796 4252 Auch
2827 4195 2852 4255 in
2882 4195 2937 4255 fast
2963 4195 3033 4255 allen

3096 4195 3207 4255 Wollen
3241 4198 3268 4258 so
3296 4198 3324 4258 gu

3146 838 3211 898 hat
3229 843 3285 903 ihn
3319 846 3351 906 ni

3148 889 3196 949 die
3222 891 3363 951 tiefsten,

3148 940 3321 1000 schwersten

3141 986 3234 1046 sagte
3258 989 3287 1049 er
3317 992 3357 1052 sie

3143 1032 3197 1092 der
3225 1040 3362 1100 Wiener

3145 1082 3258 1142 immer
3288 1088 3350 1148 fern

3140 1129 3240 1189 reifer
3267 1136 3329 1196 und
3355 1136 3367 1196 1

3227 1183 3330 1243 Hatte

3138 1228 3254 1288 wollte
3304 1233 3337 1293 er

3140 1275 3231 1335 wart
3251 1280 3355 1340 Zeit!

3136 1323 3243 1383 strahl
3263 1327 3339 1387 fähr

3134 1371 3174 1431 an
3226 1376 3317 1436 uns,

3135 1421 3327 1481 drückende,

3134 1466 3219 1526 keit!

3219 1521 3278 1581 Dos

3140 1565 3301 1625 schwunde

3132 1611 3197 1671 wie
3222 1617 3280 1677 kein

3133 1661 3227 1721 doch,
3246 1666 3270 1726 in

3134 1709 3258 1769 mächtn

3127 1806 3221 1866 Wien
