3392 4256
192 264 249 324 12

373 270 951 330 Schnitzler's
1021 269 1245 329 Deatl

320 678 1028 738 DOBSERVER

409 741 428 801 I.
443 744 563 804 österr.
574 747 728 807 behördl.
738 753 1037 813 konzessioniertes

359 784 594 844 Unternehmen
628 789 675 849 für
700 797 1083 857 Zeitungs-Ausschnitte

411 846 558 906 WIEN,
587 850 635 910 I.,
664 856 945 916 WOLLZEILE
995 861 1036 921 11

505 900 722 960 TELEPHON
761 907 934 967 R-23-0-43

310 1037 526 1097 Ausschnitt
550 1040 640 1100 aus:

479 1183 565 1243 Völk.
573 1183 790 1243 Beobachter,
805 1189 949 1249 München

628 1264 726 1324 23.
739 1258 872 1318 0K1,
899 1252 995 1312 1937

301 1261 410 1321 vom:

390 1371 632 1431 Theater
684 1377 784 1437 und
835 1385 1019 1445 Kunst

442 1425 552 1485 Railhur
575 1432 886 1492 Sihnllanalabe

322 1470 387 1530 Der
405 1473 523 1533 jüdische
542 1481 755 1541 Schriftsteller
774 1485 833 1545 Dr.
846 1488 964 1548 Arthur
982 1494 1142 1554 Schnitz¬

276 1508 342 1568 ler
364 1508 394 1568 ist
415 1511 446 1571 am
483 1515 637 1575 Mittwoch
664 1517 689 1577 im
721 1521 772 1581 69.
788 1527 979 1587 Lebensjahr
1000 1530 1026 1590 in
1052 1532 1134 1592 Wier

269 1548 502 1608 gestorben.
548 1554 593 1614 Am
639 1558 822 1618 Vormittag
873 1565 970 1625 erlitt
1016 1568 1051 1628 er
1082 1569 1137 1629 auf

276 1586 357 1646 einem
406 1592 621 1652 Spaziergang
660 1596 726 1656 eine
760 1604 1014 1664 Gehirnblutung

273 1625 414 1685 verschied
470 1628 535 1688 nach
576 1635 819 1695 mehrstündiger
855 1646 1142 1706 Bewußtlosigkeit.

270 1664 445 1724 Schnitzler,
466 1667 553 1727 dessen
590 1670 687 1730 Vater
713 1674 785 1734 Arzt
811 1681 893 1741 war,
914 1682 1058 1742 widmete
1084 1686 1130 1746 sich

268 1702 419 1762 ebenfalls
455 1707 591 1767 zunächst
627 1713 849 1773 medizinischen
895 1719 1026 1779 Studien
1072 1725 1127 1785 und

267 1741 478 1801 promovierte
507 1744 545 1804 an
584 1746 636 1806 der
671 1751 800 1811 Wiener
834 1757 1045 1817 Universität.
1089 1762 1131 1822 Er

265 1777 329 1837 war
355 1783 627 1843 Regimentsarzt,
648 1789 749 1849 später
769 1793 950 1853 praktischer
971 1801 1062 1861 Arzt,
1083 1801 1117 1861 um

263 1818 302 1878 sich
333 1819 409 1879 dann
440 1822 617 1882 vollständig
649 1825 699 1885 der
725 1831 974 1891 Schriftstellerei
1000 1838 1025 1898 zu
1056 1838 1131 1898 wid¬

263 1854 346 1914 men.
390 1857 468 1917 Eine
498 1861 595 1921 seiner
630 1864 718 1924 ersten
758 1870 924 1930 Novellen,
949 1876 1125 1936 „Leutnant

272 1894 388 1954 Gustl",
408 1895 453 1955 die
484 1896 509 1956 in
540 1900 590 1960 der
621 1903 742 1963 „Neuen
778 1908 884 1968 Freien
915 1912 1036 1972 Presse“
1067 1917 1132 1977 ver¬

258 1933 427 1993 öffentlicht
460 1936 576 1996 wurde,
603 1943 688 2003 hatte
720 1944 773 2004 zur
800 1947 916 2007 Folge,
938 1950 1012 2010 daß
1055 1956 1123 2016 ge¬

269 1972 331 2032 gen
385 1974 453 2034 ihn
501 1979 643 2039 wegen
696 1986 1003 2046 Beleidigung
1051 1993 1124 2053 der

263 2010 410 2070 Armee
454 2014 516 2074 ein
565 2021 956 2081 ehrenrechtliches
1020 2030 1131 2090 Ver¬

268 2049 410 2109 fahren
453 2055 733 2115 eingeleitet
771 2061 855 2121 und
893 2062 940 2122 er
972 2067 1120 2127 seines

263 2090 822 2150 Regimentsarzt=Titels
881 2106 955 2166 für
1020 2108 1119 2168 ver¬

261 2129 388 2189 lustig
426 2134 605 2194 erklärt
636 2138 799 2198 wurde.

484 2598 759 2658 Arthur
809 2603 1214 2663 Schnitzler

370 3690 433 3750 Wie
460 3696 618 3756 gemeldet,
645 3696 681 3756 ist
709 3696 755 3756 der
788 3699 903 3759 Dichter
935 3701 1051 3761 Arthur
1084 3705 1257 3765 Schnitzler,
1284 3709 1368 3769 dessen

364 3729 462 3789 Werke
492 3732 516 3792 im
561 3735 678 3795 Wiener
708 3737 815 3797 Milieu
850 3738 894 3798 der
924 3742 1139 3802 Vorkriegszeit
1164 3747 1311 3807 wurzeln,
1331 3747 1360 3807 im

419 3771 507 3831 Alter
532 3774 586 3834 von
621 3776 654 3836 69
684 3777 797 3837 Jahren
837 3780 915 3840 einem
954 3786 1165 3846 Schlaganfall
1190 3789 1322 3849 erlegen.

1478 270 1602 330 box
1673 276 1859 336 43/1

2126 597 2832 657 DOBSERVER

2209 661 2235 721 I.
2249 661 2369 721 österr.
2379 664 2530 724 behördl.
2544 666 2842 726 konzessioniertes

2164 702 2398 762 Unternehmen
2426 705 2474 765 für
2501 707 2886 767 Zeitungs-Ausschnitte

2220 761 2365 821 WIEN,

2464 770 2750 830 WOLLZEILE
2798 771 2838 831 11

2311 816 2523 876 TELEPHON
2562 819 2736 879 R-23-0-43

2111 953 2335 1013 Ausschnitt
2363 956 2450 1016 aus:

2070 1079 2301 1139 AUSSCHMTT
2320 1088 2398 1148 VOM.
2436 1096 2452 1156 2
2480 1101 2523 1161 3.
2542 1105 2630 1165 OKT.
2649 1111 2755 1171 1931

2101 1270 2190 1330 Der
2241 1273 2520 1333 Deutsche.
2562 1279 2730 1339 Berlin
2782 1279 2850 1339 SW
2911 1284 2970 1344 61

2004 1384 2080 1444 Der
2113 1389 2349 1449 österreichische
2369 1395 2567 1455 Dramatiker
2600 1401 2663 1461 Dr.
2676 1402 2842 1462 Arthur
2862 1407 3098 1467 Schnitzler

1947 1419 1986 1479 ist
2012 1422 2046 1482 am
2087 1427 2273 1487 Mittwoch,
2293 1431 2343 1491 dem
2389 1431 2438 1491 21.
2459 1434 2610 1494 Oktober,
2636 1440 2660 1500 in
2696 1442 2806 1502 Wien,
2826 1443 2851 1503 im
2892 1445 2941 1505 69.
2962 1446 3102 1506 Oebens¬

1948 1461 2036 1521 jahre
2071 1466 2323 1526 gestorben.
2368 1469 2416 1529 Am
2467 1476 2654 1536 Vormittag
2699 1479 2792 1539 erlitt
2827 1479 2861 1539 er
2901 1484 2960 1544 auf
3000 1485 3088 1545 einem

1932 1500 2175 1560 /Syaziergang
2214 1505 2278 1565 eine
2311 1510 2577 1570 Gehirnblutung
2616 1517 2680 1577 und
2720 1519 2865 1579 verschied
2898 1522 2969 1582 nach
3007 1526 3109 1586 mehr¬

1934 1538 2114 1598 stündiger
2149 1544 2444 1604 Bewußtlosigkeit.

2025 1588 2195 1648 Schnitzler
2226 1592 2339 1652 wurde
2371 1595 2407 1655 am
2459 1598 2510 1658 15.
2536 1601 2613 1661 Mai
2645 1601 2716 1661 1862
2754 1603 2784 1663 in
2826 1607 2908 1667 Wien
2950 1611 3104 1671 geboren,

1945 1625 1988 1685 als
2022 1625 2112 1685 Sohn
2151 1628 2204 1688 des
2238 1630 2309 1690 ord.
2339 1635 2526 1695 Professors
2560 1639 2598 1699 an
2637 1640 2689 1700 der
2723 1643 2852 1703 Wiener
2886 1646 3102 1706 Universität,

1943 1662 2009 1722 Dr.
2029 1665 2163 1725 Johann
2197 1669 2383 1729 Schnitzler,
2403 1673 2489 1733 eines
2523 1680 2767 1740 Laryngologen
2806 1683 2858 1743 von
2892 1688 3108 1748 Bedeutung,

1939 1702 1968 1762 zu
2007 1701 2102 1761 dessen
2141 1707 2400 1767 Patientenkreis
2435 1713 2516 1773 viele
2541 1717 2747 1777 prominente
2776 1722 3002 1782 Schauspieler
3036 1725 3093 1785 und

1941 1738 2071 1798 Sänger
2101 1744 2267 1804 gehörten.
2303 1748 2474 1808 Schnitzler
2500 1755 2651 1815 studierte
2681 1759 2857 1819 gleichfalls
2888 1763 3029 1823 Medizin
3065 1765 3089 1825 in

1945 1777 2048 1837 Wien,
2069 1782 2286 1842 promovierte
2321 1786 2404 1846 1885
2435 1790 2498 1850 und
2529 1792 2612 1852 war,
2632 1795 2765 1855 nachdem
2805 1798 2839 1858 er
2870 1798 3101 1858 (1886--189)

1941 1814 1998 1874 auf
2027 1819 2256 1879 verschiedenen
2300 1825 2438 1885 Kliniken
2477 1831 2663 1891 praktiziert
2697 1834 2759 1894 und
2798 1837 2864 1897 auch
2903 1840 2970 1900 eine
3004 1841 3094 1901 Reise

1938 1857 1995 1917 zum
2039 1857 2187 1917 Studium
2231 1861 2283 1921 der
2317 1867 2528 1927 hygienischen
2567 1873 2817 1933 Einrichtungen
2861 1876 2927 1936 nach
2961 1879 3090 1939 London

1939 1890 2000 1950 und
2039 1895 2143 1955 Paris
2183 1898 2426 1958 unternommen
2470 1905 2574 1965 hatte,
2603 1908 2651 1968 bis
2690 1908 2761 1968 1893
2800 1914 2957 1974 Assistent
2991 1917 3091 1977 seines

1938 1929 2052 1989 Vaters
2082 1932 2116 1992 an
2151 1932 2200 1992 der
2230 1938 2358 1998 Wiener
2388 1944 2596 2004 allgemeinen
2631 1950 2823 2010 Poliklinik.
2848 1952 2917 2012 Den
2952 1956 3095 2016 militär¬

1937 1969 2104 2029 ärztlichen
2138 1974 2261 2034 Dienst,
2286 1977 2315 2037 in
2350 1978 2403 2038 den
2438 1981 2467 2041 er
2502 1983 2605 2043 später
2635 1987 2717 2047 trat,
2742 1989 2850 2049 mußte
2875 1991 2909 2051 er
2939 1992 3007 2052 nach
3042 1995 3091 2055 den

1940 2008 2142 2068 Publikation
2187 2013 2285 2073 seines
2325 2019 2512 2079 „Deutnant
2548 2022 2660 2082 Gustl“
2700 2029 2877 2089 aufgeben,
2913 2031 2976 2091 und
3016 2031 3090 2091 bald

1934 2046 2083 2106 widmete
2104 2049 2135 2109 er
2166 2052 2212 2112 sich
2238 2055 2471 2115 ausschließlich
2502 2058 2553 2118 der
2580 2063 2765 2123 Literatur.
2792 2073 2962 2133 Schnitzler
2988 2073 3023 2133 ist
3045 2073 3096 2133 be¬

1936 2087 2068 2147 sonders
2099 2089 2142 2149 als
2173 2093 2379 2153 Dramatiker
2405 2102 2685 2162 hervorgetreten.

2121 2259 2339 2319 Ausschnitt
2367 2265 2453 2325 aus:

2205 2577 2519 2637 Ausschnitt
2556 2580 2620 2640 aus

2245 2680 2490 2740 Heneval
2619 2669 2922 2729 Vineiger

2428 2761 2958 2821 vwusotraten

2206 2868 2289 2928 Nr.
2473 2872 2585 2932 vom.

2347 3038 2593 3098 Schnitzlers
2638 3048 2722 3108 Tod

2264 3087 2376 3147 Mitten
2400 3094 2428 3154 in
2451 3099 2496 3159 der
2519 3104 2627 3164 Arbeit
2644 3114 2786 3174 gestorben

2123 3138 2219 3198 Artur
2242 3149 2462 3209 Schnitzler
2485 3159 2560 3219 war,
2576 3163 2630 3223 wie
2647 3168 2705 3228 aus
2728 3175 2835 3235 Wien
2863 3181 2970 3241 berich¬

2078 3171 2124 3231 tet
2148 3178 2236 3238 wird,
2255 3183 2287 3243 am
2325 3192 2475 3252 Dienstag
2503 3198 2587 3258 abend
2634 3206 2699 3266 noch
2746 3210 2769 3270 im
2825 3219 2970 3279 Theater.

2077 3214 2234 3274 Mittwoch
2263 3224 2316 3284 hat
2335 3228 2368 3288 er
2393 3231 2421 3291 um
2464 3234 2473 3294 9
2503 3237 2565 3297 Uhr
2589 3244 2771 3304 vormittags
2800 3253 2886 3313 seinen
2920 3255 2967 3315 ge¬

2077 3254 2205 3314 wohnten
2239 3265 2440 3325 Spaziergang
2469 3275 2607 3335 gemacht.
2641 3283 2683 3343 Um
2722 3286 2755 3346 11
2780 3290 2841 3350 Uhr
2875 3294 2956 3354 ehrte

2073 3288 2102 3348 er
2127 3293 2185 3353 nach
2211 3299 2309 3359 Hause
2329 3307 2422 3367 zurück
2442 3311 2490 3371 und
2515 3316 2599 3376 begab
2624 3320 2668 3380 sich
2693 3323 2717 3383 in
2742 3329 2796 3389 sein
2821 3332 2958 3392 Arbeits¬

2066 3330 2200 3390 zimmer,
2220 3338 2287 3398 um,
2307 3343 2359 3403 wie
2388 3349 2465 3409 jeden
2499 3356 2629 3416 Mittag,
2653 3362 2744 3422 seiner
2774 3369 2961 3429 Sekretärin,

2064 3368 2108 3428 die
2133 3372 2167 3432 um
2212 3375 2271 3435 ¼12
2302 3382 2360 3442 Uhr
2386 3387 2434 3447 bei
2455 3389 2499 3449 ihm
2539 3398 2691 3458 erscheinen
2722 3405 2820 3465 sollte,
2841 3410 2865 3470 zu
2895 3413 2954 3473 dik¬

2066 3410 2177 3470 tieren.
2196 3413 2251 3473 Als
2280 3419 2322 3479 die
2350 3425 2518 3485 Sekretärin
2551 3434 2602 3494 das
2630 3440 2877 3500 Arbeitszimmer
2906 3448 2952 3508 be¬

2065 3444 2141 3504 trat,
2161 3451 2228 3511 fand
2253 3455 2290 3515 sie
2310 3460 2406 3520 Artur
2431 3469 2589 3529 Schnitzler
2614 3480 2854 3540 bewußtlos
2879 3488 2950 3548 über

2062 3480 2111 3540 dem
2151 3492 2332 3552 Schreibtisch
2362 3502 2470 3562 liegen.
2490 3508 2564 3568 Man
2594 3514 2707 3574 brachte
2732 3518 2775 3578 ihn
2806 3524 2893 3584 sofort
2914 3530 2943 3590 zu

2058 3520 2130 3580 Bett
2154 3527 2208 3587 und
2236 3533 2295 3593 rief
2313 3538 2363 3598 den
2396 3544 2560 3604 Hausarzt,
2578 3550 2637 3610 doch
2665 3556 2760 3616 waren
2793 3561 2847 3621 alle
2871 3564 2947 3624 Ver¬

2054 3563 2140 3623 suche,
2155 3566 2193 3626 ihn
2218 3571 2270 3631 aus
2295 3574 2342 3634 der
2362 3578 2443 3638 tiefen
2473 3588 2727 3648 Bewußtlosigkeit
2747 3598 2770 3658 zu
2795 3603 2943 3663 erwecken,

2059 3603 2231 3663 vergeblich.
2266 3613 2310 3673 Um
2350 3616 2394 3676 ¼7
2420 3621 2483 3681 Uhr
2503 3625 2611 3685 abends
2641 3634 2789 3694 entschlief
2809 3638 2853 3698 er,
2868 3640 2942 3700 ohne

2055 3639 2102 3699 daß
2141 3642 2169 3702 er
2199 3650 2347 3710 nochmals
2381 3657 2452 3717 seine
2486 3666 2659 3726 Umgebung
2697 3673 2817 3733 erkannt
2846 3682 2941 3742 hätte.

2084 3691 2241 3751 Schnitzler
2265 3700 2346 3760 hatte
2376 3704 2399 3764 in
2428 3708 2475 3768 den
2509 3713 2595 3773 letzten
2629 3721 2772 3781 Monaten
2811 3730 2844 3790 an
2882 3735 2929 3795 der

2048 3728 2234 3788 Umdichtung
2264 3736 2316 3796 von
2350 3744 2417 3804 „Ein
2451 3748 2513 3808 Ruf
2537 3751 2585 3811 des
2614 3759 2743 3819 Lebens“
2772 3770 2935 3830 gearbeitet

2042 3763 2101 3823 und
2126 3770 2229 3830 befand
2254 3774 2293 3834 sich
2323 3779 2391 3839 schon
2422 3786 2480 3846 beim
2520 3792 2608 3852 letzten
2639 3798 2707 3858 Akt.
2757 3806 2830 3866 Auch
2875 3810 2933 3870 mit

2042 3807 2254 3867 verschiedenen
2279 3822 2531 3882 Filmprojekten,
2546 3828 2570 3888 so
2595 3832 2649 3892 mit
2670 3839 2713 3899 der
2739 3847 2931 3907 Verfilmung

2041 3840 2085 3900 des
2116 3848 2247 3908 „Jungen
2278 3858 2480 3918 Medardus",
2501 3870 2682 3930 beschäftigte
2703 3878 2733 3938 er
2759 3882 2814 3942 sich.
2850 3887 2920 3947 Sein

2035 3887 2348 3947 Gesundheitszustand
2388 3899 2442 3959 ließ
2478 3906 2551 3966 schon
2582 3910 2636 3970 seit
2662 3916 2731 3976 zwei
2756 3922 2865 3982 Jahren
2895 3927 2919 3987 zu

2037 3921 2181 3981 wünschen
2212 3928 2312 3988 übrig.
2353 3938 2392 3998 Er
2423 3942 2513 4002 klagte
2544 3947 2613 4007 über
2639 3960 2924 4020 Herzbeschwerden.

2034 3956 2073 4016 In
2098 3961 2146 4021 den
2171 3965 2263 4025 letzten
2293 3976 2386 4036 Tagen
2411 3984 2504 4044 klagte
2529 3987 2557 4047 er
2577 3992 2646 4052 über
2671 4002 2910 4062 Beklemmungen

2033 3998 2087 4058 und
2118 4006 2316 4066 Uebelkeiten.
