3392 4320
1417 307 1536 367 box
1617 312 1840 372 43/15

321 315 896 375 Schnitzler's
966 312 1189 372 Deatl

544 869 568 929 zu
594 867 746 927 schmächtig
766 868 805 928 für
831 867 874 927 das
895 870 1092 930 weitmaschige
1112 870 1185 930 Netz.
1201 870 1235 930 Er
1250 872 1378 932 schlüpfte
1398 873 1486 933 durch,

1546 870 1740 930 Schauspiels.
1762 870 1824 930 Und
1851 870 1952 930 wieder
1975 870 2143 930 antwortete
2165 870 2328 930 Schnitzler,
2351 871 2425 931 indem
2470 873 2496 933 er

545 912 609 972 aber
636 912 661 972 er
683 913 742 973 ging
769 915 837 975 nicht
863 915 957 975 unter.
975 914 1008 974 Er
1031 916 1159 976 schwamm
1198 917 1309 977 weiter,
1331 918 1382 978 und
1409 917 1490 977 bevor

1549 918 1653 978 zugleich
1681 917 1735 977 eine
1753 915 1844 975 eigene
1862 915 1962 975 Arbeit
1976 915 2116 975 widmete,
2130 915 2316 975 unverzüglich
2339 918 2389 978 und
2408 918 2498 978 gütig,

546 954 611 1014 seine
635 957 714 1017 Kraft
729 959 836 1019 erlosch,
850 960 892 1020 zog
916 960 949 1020 ein
968 960 1085 1020 anderer
1104 960 1193 1020 Helfer
1212 961 1249 1021 ihn
1268 960 1319 1020 ans
1339 961 1418 1021 Ufer.
1428 960 1488 1020 Das

1544 960 1593 1020 wie
1612 960 1671 1020 sehr
1690 958 1730 1018 das
1749 960 1840 1020 Spiel
1854 960 1890 1020 ihn
1913 960 2036 1020 gefesselt
2054 960 2118 1020 habe
2137 958 2186 1018 und
2209 960 2255 1020 wie
2273 960 2300 1020 er
2319 960 2369 1020 nun
2392 962 2410 1022 in
2438 962 2478 1022 dem

543 998 653 1058 änderte
676 1001 755 1061 nichts
778 1001 804 1061 an
831 1002 876 1062 dem
912 1001 1013 1061 schönen
1040 1005 1168 1065 Erleben,
1187 1004 1231 1064 daß
1254 1005 1297 1065 der
1316 1007 1422 1067 damals
1440 1008 1488 1068 auf

1548 1004 1724 1064 ungekürzten
1746 1004 1794 1064 und
1813 1004 2033 1064 unveränderten
2056 1004 2122 1064 Text
2136 1002 2175 1062 des
2193 1001 2281 1061 Buchs
2299 1003 2343 1063 den
2365 1004 2497 1064 Schlüssel

548 1046 631 1106 seiner
655 1046 852 1106 Mittagshöhe
876 1047 997 1107 stehende
1026 1048 1175 1108 Schnitzler
1199 1050 1236 1110 ihm
1279 1049 1320 1109 die
1344 1050 1423 1110 Hand
1452 1052 1498 1112 ge¬

1549 1049 1571 1109 zu
1598 1049 1721 1109 manchem
1757 1048 1983 1108 Besremdenden
2010 1046 2031 1106 zu
2059 1048 2147 1108 finden
2174 1046 2262 1106 hoffe.
2276 1046 2333 1106 Und
2360 1049 2408 1109 wie
2431 1049 2501 1109 will¬

546 1090 627 1150 reicht
646 1090 695 1150 und
719 1091 755 1151 ihn
783 1091 850 1151 nicht
869 1093 914 1153 für
933 1093 996 1153 ganz
1015 1094 1219 1154 unebenbürtig
1242 1094 1337 1154 erklärt
1356 1094 1442 1154 hutte.

1544 1094 1662 1154 kommen
1685 1093 1707 1153 es
1726 1092 1767 1152 ihm
1799 1092 1890 1152 wäre,
1904 1093 1954 1153 mit
1968 1091 2008 1151 dem
2045 1092 2182 1152 Verfasser
2200 1093 2259 1153 nach
2278 1092 2300 1152 so
2319 1094 2414 1154 langer
2433 1092 2492 1152 Zeit

547 1137 622 1197 Zwei
636 1136 805 1196 Jahrzehnte
823 1137 987 1197 vergingen,
997 1139 1045 1199 aus
1068 1139 1107 1199 dem
1139 1139 1237 1199 jungen
1259 1139 1415 1199 Studenten
1437 1140 1495 1200 war

1548 1138 1647 1198 wieder
1666 1139 1829 1199 beisammen
1857 1139 1879 1199 zu
1907 1139 1956 1199 sein
1984 1137 2033 1197 und
2061 1137 2124 1197 über
2147 1137 2192 1197 sein
2215 1139 2296 1199 Werk
2315 1139 2369 1199 mit
2387 1139 2423 1199 ihm
2460 1139 2482 1199 zu

546 1178 583 1238 ein
607 1180 709 1240 älterer
728 1181 812 1241 Mann
836 1182 994 1242 geworden,
1014 1184 1032 1244 so
1056 1184 1092 1244 alt
1107 1184 1158 1244 wie
1177 1186 1321 1246 Schnitzler
1341 1184 1405 1244 einst
1420 1184 1494 1244 selbst

1544 1182 1686 1242 sprechen.

1544 1226 1604 1286 Der
1623 1226 1706 1286 junge
1725 1225 1855 1285 Student
1874 1225 1929 1285 war
1948 1225 1999 1285 ich,
2018 1225 2074 1285 und
2093 1225 2125 1285 ich
2154 1225 2195 1285 bin
2223 1225 2265 1285 der
2288 1225 2371 1285 ältere
2391 1225 2497 1285 Mann.

548 1222 594 1282 bei
609 1225 688 1285 jenem
725 1225 804 1285 ersten
832 1225 1000 1285 Begegnen.
1024 1225 1065 1285 Da
1094 1228 1219 1288 entschloß
1248 1228 1289 1288 sich
1318 1228 1364 1288 das
1388 1228 1489 1288 wiener

1549 1267 1582 1327 Es
1607 1270 1649 1330 hat
1669 1270 1711 1330 sich
1736 1268 1802 1328 nicht
1822 1270 1897 1330 mehr
1917 1270 2022 1330 gefügt,
2042 1268 2084 1328 daß
2109 1267 2137 1327 ich
2161 1269 2266 1329 Arthur
2281 1270 2428 1330 Schnitzler
2453 1270 2485 1330 ein

550 1270 750 1330 Burgtheater,
773 1270 813 1330 ein
842 1270 914 1330 schon
947 1270 992 1330 von
1029 1271 1166 1331 deutschen
1198 1272 1316 1332 Bühnen
1349 1273 1494 1333 gespieltes

1551 1315 1659 1375 zweites
1678 1315 1736 1375 Mal
1750 1315 1822 1375 sehen
1846 1315 1931 1375 sollte.
1941 1314 1986 1374 Ich
2004 1313 2094 1373 werde
2109 1314 2171 1374 aber
2186 1313 2285 1373 seiner,
2294 1313 2339 1373 des
2353 1314 2493 1374 Dichters,

543 1315 729 1375 Theaterstück
753 1315 837 1375 dieses
871 1315 996 1375 Mannes
1030 1315 1230 1375 aufzuführen,
1260 1315 1310 1375 und
1348 1315 1371 1375 er
1404 1317 1493 1377 hörte,

1539 1357 1584 1417 der
1612 1359 1671 1419 eine
1699 1358 1928 1418 Angelegenheit
1952 1359 2062 1419 meines
2090 1358 2185 1418 dritten
2222 1360 2493 1420 Lebensjahrzehnts

544 1359 648 1419 Arthur
676 1359 825 1419 Schnitzler
853 1359 921 1419 habe
949 1358 989 1418 die
1017 1360 1176 1420 öffentliche
1204 1360 1412 1420 Generalprobe
1445 1358 1490 1418 des

1548 1402 1618 1462 war,
1636 1401 1684 1461 und
1711 1402 1750 1462 des
1773 1403 1879 1463 feinen,
1897 1402 2060 1462 vornehmen
2087 1402 2246 1462 Menschen,
2264 1404 2308 1464 der
2326 1404 2383 1464 eine
2401 1404 2498 1464 Ange¬

552 1401 642 1461 Stücks
656 1403 774 1463 besucht.
784 1402 824 1462 Da
843 1402 934 1462 schrieb
953 1403 975 1463 er
994 1404 1034 1464 dem
1066 1404 1111 1464 ans
1130 1404 1317 1464 Greisenalter
1331 1404 1485 1464 streifenden

1543 1449 1678 1509 legenheit
1698 1448 1763 1508 aller
1782 1449 1875 1509 Zeiten
1899 1448 1997 1508 bleibt,
2016 1449 2085 1509 nicht
2105 1449 2254 1509 vergessen.

542 1446 658 1506 Dichter
682 1449 766 1509 seinen
800 1449 884 1509 Dank
908 1449 959 1509 und
988 1449 1151 1509 übersandte
1181 1450 1222 1510 ihm
1269 1449 1316 1509 das
1345 1449 1414 1509 Buch
1448 1447 1489 1507 des

1369 1659 1665 1719 Nachrichten

543 1745 873 1805 Todesnachrichten.
888 1748 994 1808 Arthur
1010 1749 1188 1809 Schnitzler
1204 1749 1234 1809 ist
1249 1751 1280 1811 am
1316 1749 1361 1809 21.
1377 1748 1488 1808 Oktober

1548 1751 1641 1811 Reiter
1666 1750 1710 1810 auf
1735 1751 1779 1811 dem
1814 1751 2040 1811 Regenbogen",
2060 1751 2133 1811 „Der
2158 1754 2404 1814 Fahnenträger",
2419 1754 2492 1814 „Die

550 1787 569 1847 im
610 1790 690 1850 Alter
711 1788 761 1848 von
787 1790 822 1850 69
848 1793 953 1853 Jahren
984 1793 1054 1853 einem
1095 1794 1296 1854 Schlaganfall
1317 1796 1438 1856 erlegen.
1459 1794 1493 1854 Er

1545 1795 1638 1855 Herrin
1667 1796 1718 1856 und
1742 1794 1783 1854 der
1803 1796 1919 1856 Knecht"
1948 1796 1985 1856 die
2004 1796 2233 1856 erfolgreichsten.
2248 1796 2336 1856 Georg
2361 1798 2449 1858 Engel
2468 1799 2495 1859 ist

550 1837 576 1897 ist
600 1836 631 1896 am
672 1834 722 1894 15.
731 1832 794 1892 Mai
818 1832 885 1892 1862
913 1834 935 1894 in
963 1837 1040 1897 Wien
1072 1837 1185 1897 geboren
1217 1837 1344 1897 worden,
1363 1837 1489 1897 studierte

1549 1839 1589 1899 für
1608 1837 1653 1897 das
1676 1839 1789 1899 deutsche
1812 1840 1961 1900 Schrifttum
1998 1839 2053 1899 auch
2076 1840 2289 1900 organisatorisch
2312 1840 2497 1900 eingetreten.

547 1879 668 1939 Medizin
701 1876 752 1936 und
781 1878 874 1938 wurde
898 1880 978 1940 Arzt.
1002 1881 1062 1941 Mit
1081 1882 1161 1942 Wien
1189 1882 1255 1942 steht
1284 1882 1330 1942 sein
1358 1882 1494 1942 gesamtes

1548 1882 1579 1942 Er
1598 1882 1652 1942 war
1671 1885 1853 1945 Vorsitzender
1872 1885 1913 1945 des
1931 1885 2109 1945 „Verbandes
2124 1885 2269 1945 Deutscher
2283 1885 2424 1945 Erzähler"
2448 1888 2493 1948 und

546 1921 727 1981 dichterisches
755 1922 886 1982 Schaffen
919 1922 941 1982 in
978 1927 1109 1987 engstem,
1132 1927 1264 1987 seelischem
1310 1927 1491 1987 Zusammen¬

1554 1927 1698 1987 Präsident
1708 1928 1748 1988 des
1767 1928 2035 1988 „Reichsverbandes
2053 1927 2098 1987 des
2112 1930 2239 1990 deutschen
2262 1930 2479 1990 Schrifttums".

546 1968 630 2028 hang.
658 1968 746 2028 Schon
784 1968 853 2028 seine
887 1969 951 2029 erste
975 1971 1250 2031 Veröffentlichung,
1273 1972 1319 2032 der
1343 1972 1473 2032 „Anatol“

1550 1973 1621 2033 Fritz
1636 1972 1717 2032 Bley
1746 1972 1774 2032 ist
1794 1972 1822 2032 am
1861 1974 1890 2034 2.
1905 1973 2019 2033 Oktober
2043 1972 2067 2032 im
2101 1972 2177 2032 Alter
2202 1972 2249 2032 von
2278 1973 2307 2033 78
2331 1975 2436 2035 Jahren
2465 1975 2484 2035 in

547 2014 680 2074 bekundet
697 2012 757 2072 das.
771 2014 916 2074 Schnitzler
934 2014 981 2074 hat
999 2014 1016 2074 in
1042 2015 1123 2075 seinen
1149 2017 1291 2077 Dramen,
1309 2017 1386 2077 unter
1403 2017 1485 2077 denen

1547 2015 1622 2075 einem
1658 2017 1772 2077 berliner
1790 2017 1966 2077 Sanatorium
1997 2019 2151 2079 gestorben.
2164 2017 2199 2077 Er
2217 2017 2243 2077 ist
2261 2017 2323 2077 1853
2350 2019 2384 2079 als
2407 2019 2481 2079 Sohn

548 2058 711 2118 „Liebelei",
736 2056 918 2116 „Freiwild",
944 2056 983 2116 die
1008 2059 1200 2119 Szenenfolge
1230 2059 1393 2119 „Reigen",
1413 2061 1486 2121 „Der

1550 2059 1617 2119 eines
1641 2061 1791 2121 Justizrats
1814 2061 1831 2121 in
1860 2061 2055 2121 Quedlinburg
2079 2061 2192 2121 geboren
2220 2061 2347 2121 worden,
2366 2063 2488 2123 studierte

550 2100 669 2160 Schieier
684 2100 727 2160 der
742 2103 904 2163 Beatrice",
914 2103 986 2163 „Der
1001 2103 1116 2163 einsame
1131 2104 1231 2164 Weg",
1241 2104 1476 2164 „Zwischenspiel“

1546 2106 1794 2166 Volkswirtschaft,
1817 2105 1910 2165 wirkte
1941 2106 2003 2166 nach
2034 2106 2242 2166 ausgedehnten
2278 2107 2375 2167 Reisen
2411 2108 2486 2168 durch

548 2149 624 2209 „Der
644 2147 730 2207 junge
755 2146 942 2206 Medardus",
961 2148 1124 2208 „Professor
1149 2148 1326 2208 Bernhardi"
1356 2151 1384 2211 an
1413 2148 1489 2208 erster

1547 2148 1671 2208 Europa,
1685 2151 1871 2211 Südamerika
1893 2151 1942 2211 und
1964 2151 1999 2211 die
2018 2151 2199 2211 Vereinigten
2222 2150 2336 2210 Staaten
2363 2151 2403 2211 bis
2430 2154 2474 2214 zum

543 2190 637 2250 Stelle
663 2190 684 2250 zu
715 2190 817 2250 nennen
847 2190 916 2250 sind,
933 2190 1010 2250 sowie
1037 2193 1058 2253 in
1084 2193 1169 2253 seinen
1195 2193 1341 2253 Romanen
1367 2193 1418 2253 und
1440 2192 1491 2252 Er¬

1555 2194 1633 2254 Jahre
1663 2195 1727 2255 1889
1757 2196 1776 2256 in
1807 2197 1939 2257 Os.afrika
1969 2196 2018 2256 und
2048 2196 2175 2256 betätigte
2206 2196 2244 2256 sich
2274 2196 2373 2256 seither
2393 2197 2495 2257 schrift¬

548 2234 692 2294 zählungen
721 2234 798 2294 „Der
818 2234 880 2294 Weg
904 2234 947 2294 ins
972 2236 1087 2296 Freie“,
1102 2237 1377 2297 „Traumnovelle",
1392 2237 1497 2297 „Spiel

1544 2240 1678 2300 stellerisch
1707 2238 1731 2298 in
1760 2240 1961 2300 Deutschland,
1986 2238 2009 2298 in
2038 2240 2215 2300 Sonderheit
2245 2239 2283 2299 als
2312 2240 2494 2300 Jagdschrift¬

546 2276 568 2336 im
601 2278 846 2338 Morgengrauen"
864 2279 986 2339 spezifisch
1009 2280 1173 2340 wienerische
1196 2281 1341 2341 Probleme
1360 2282 1491 2342 gestaltet.

1545 2283 1629 2343 steller
1659 2285 1861 2345 („Horridoh",
1882 2284 1960 2344 „Vom
2000 2282 2088 2342 Edeln
2118 2282 2257 2342 Hirsche",
2282 2282 2360 2342 „Vom
2405 2285 2493 2345 wehr¬

546 2318 580 2378 Er
599 2321 669 2381 schuf
687 2321 779 2381 Typen
806 2321 850 2381 des
872 2321 973 2381 wiener
991 2322 1154 2382 Menschen:
1172 2324 1216 2384 das
1238 2324 1299 2384 süße
1322 2325 1419 2385 Mädel
1437 2324 1485 2384 und

1544 2324 1632 2384 haften
1660 2327 1875 2387 Raubwilde").
1889 2325 1921 2385 Er
1941 2326 1987 2386 hat
2006 2327 2048 2387 sich
2072 2327 2160 2387 damit
2179 2329 2248 2389 einen
2277 2330 2356 2390 guten
2380 2330 2482 2390 Namen

547 2361 590 2421 den
617 2364 825 2424 jugendlichen,
843 2366 985 2426 erotischen
1012 2367 1237 2427 Melancholiker.
1255 2367 1295 2427 Er
1317 2369 1427 2429 weitete
1450 2369 1489 2429 die

1545 2369 1684 2429 gemacht;
1708 2370 1827 2430 daneben
1857 2369 1937 2429 haben
1967 2369 2039 2429 seine
2063 2370 2173 2430 Bücher
2197 2371 2355 2431 „Durch!",
2379 2372 2479 2432 „Leben

546 2408 647 2468 wiener
669 2411 846 2471 Schauspiele
864 2411 886 2471 zu
913 2411 984 2471 einem
1024 2411 1098 2471 Zeit=
1122 2413 1170 2473 und
1197 2414 1218 2474 in
1241 2414 1364 2474 gewissem
1400 2414 1488 2474 Sinne

1543 2411 1584 2471 des
1607 2414 1831 2474 Reitergenerals
1854 2414 1899 2474 von
1923 2414 2096 2474 Rosenberg"
2120 2416 2169 2476 und
2193 2416 2339 2476 „Deutsche
2362 2417 2494 2477 Pionier¬

540 2452 601 2512 auch
624 2452 646 2512 zu
673 2453 743 2513 einem
775 2452 916 2512 Weltbild.
930 2452 961 2512 Er
979 2455 1080 2515 erfaßte
1094 2456 1138 2516 das
1152 2458 1329 2518 Ineinander
1347 2455 1386 2515 von
1409 2457 1493 2517 Spiel

1544 2458 1637 2518 arbeit
1651 2458 1674 2518 in
1698 2458 1847 2518 Ostafrika"
1871 2458 1894 2518 zu
1918 2458 2002 2518 Recht
2016 2460 2138 2520 Geltung
2166 2458 2315 2518 errungen.

548 2497 598 2557 und
621 2497 798 2557 Wirklichkeit
817 2497 867 2557 und
890 2498 949 2558 fand
972 2499 994 2559 in
1017 2500 1103 2560 seinem
1140 2500 1272 2560 „Grünen
1295 2500 1422 2560 Kakadu"
1446 2500 1491 2560 das

1549 2502 1581 2562 J.
1596 2500 1712 2560 Kastan
1735 2503 1767 2563 ist
1782 2503 1805 2563 im
1838 2503 1889 2563 91.
1903 2503 2080 2563 Lebensjahr,
2099 2503 2131 2563 ein
2155 2503 2266 2563 Senior
2285 2503 2331 2563 der
2350 2503 2480 2563 deutschen

547 2542 648 2602 Höchste
676 2544 759 2604 seines
786 2545 976 2605 dramatischen
1007 2545 1170 2605 Ausdrucks.
1197 2545 1259 2605 Für
1286 2545 1329 2605 das
1361 2546 1484 2606 moderne

1554 2545 1749 2605 Journalisten,
1763 2548 1790 2608 am
1827 2548 1872 2608 14.
1886 2547 1999 2607 Oktober
2018 2546 2036 2606 in
2059 2548 2150 2608 Berlin
2173 2548 2327 2608 gestorben.
2342 2548 2428 2608 Schon
2451 2548 2491 2608 als

548 2587 647 2647 Drama
675 2587 702 2647 ist
721 2588 867 2648 Schnitzler
890 2588 912 2648 in
935 2590 1022 2650 seiner
1041 2592 1113 2652 ganz
1132 2590 1314 2650 eigenartigen
1342 2590 1429 2650 Kunst
1447 2590 1492 2650 der

1549 2590 1676 2650 Student
1699 2593 1740 2653 der
1763 2593 1881 2653 Medizin
1904 2593 1927 2653 in
1954 2593 2068 2653 Breslau
2096 2593 2300 2653 gemaßregelt,
2314 2593 2364 2653 hat
2383 2591 2410 2651 er
2428 2592 2487 2652 nach

555 2632 770 2692 Dialogführung
811 2633 863 2693 und
903 2632 947 2692 dem
991 2635 1251 2695 Stimmunggeben
1282 2634 1484 2694 bahrbrechend

1544 2634 1636 2694 kurzer
1660 2636 1795 2696 Tätigkeit
1823 2635 1860 2695 als
1888 2637 2027 2697 Badearzt
2056 2634 2074 2694 in
2107 2634 2172 2694 Ems
2200 2634 2251 2694 sein
2284 2635 2484 2695 kämpferisches

545 2676 681 2736 gewesen.
696 2676 728 2736 In
752 2675 836 2735 seiner
855 2677 973 2737 Vielfalt
987 2678 1052 2738 stellt
1072 2679 1114 2739 sein
1138 2679 1217 2739 Werk
1231 2679 1288 2739 doch
1312 2679 1367 2739 eine
1387 2679 1494 2739 Einheit

1548 2679 1763 2739 Temperament
1782 2680 1817 2740 als
1835 2679 1989 2739 Journalist
2003 2679 2157 2739 andauernd
2175 2681 2294 2741 betätigt
2308 2682 2356 2742 und
2379 2682 2484 2742 zugleich

546 2719 609 2779 dar,
632 2721 672 2781 die
700 2721 759 2781 auch
786 2722 831 2782 für
859 2721 904 2781 den
936 2722 1076 2782 Menschen
1104 2724 1271 2784 Schnitzler,
1294 2724 1339 2784 der
1367 2724 1402 2784 ein
1430 2724 1488 2784 sehr

1544 2724 1585 2784 sein
1609 2724 1721 2784 reiches,
1731 2726 1820 2786 zumal
1834 2726 2176 2786 naturwissenschaftliches
2190 2724 2284 2784 Wissen
2303 2724 2382 2784 lange
2401 2727 2485 2787 Jahre

548 2766 803 2826 Zurückhaltender,
817 2768 1004 2828 Besinnlicher
1023 2768 1160 2828 gewesen,
1179 2769 1352 2829 bezeichnend
1375 2769 1457 2829 wird.

1543 2769 1664 2829 hindurch
1693 2769 1711 2829 in
1740 2770 1786 2830 den
1814 2771 1912 2831 Dienst
1931 2769 1973 2829 des
2002 2769 2147 2829 „Berliner
2171 2771 2352 2831 Tageblatts"
2376 2772 2493 2832 gestellt.

548 2811 636 2871 Georg
656 2811 758 2871 Engel
773 2811 801 2871 ist
815 2811 843 2871 am
876 2811 922 2871 17.
937 2811 1054 2871 Oktober
1068 2811 1091 2871 im
1120 2811 1171 2871 64.
1181 2814 1349 2874 Lebensjahr
1368 2813 1386 2873 in
1410 2811 1494 2871 seiner

1550 2815 1602 2875 Für
1617 2814 1684 2874 seine
1704 2814 1780 2874 Liebe
1795 2814 1819 2874 zu
1838 2817 1929 2877 Berlin
1949 2815 2001 2875 legt
2016 2816 2063 2876 sein
2083 2814 2150 2874 Buch
2170 2815 2299 2875 „Berlin,
2309 2817 2362 2877 wie
2377 2817 2400 2877 es
2415 2816 2472 2876 war

541 2855 652 2915 berliner
679 2855 826 2915 Wohnung
857 2855 933 2915 einem
974 2855 1178 2915 Schlaganfall
1201 2855 1325 2915 erlegen.
1344 2855 1383 2915 Er
1406 2855 1436 2915 ist
1464 2855 1481 2915 in

1554 2855 1674 2915 Zeugnis
1694 2858 1740 2918 ab.

541 2898 713 2958 Greifswald
736 2899 775 2959 als
798 2898 873 2958 Sohn
900 2900 970 2960 eines
993 2903 1174 2963 Kaufmanns
1196 2900 1249 2960 und
1272 2900 1488 2960 Schiffsreeders

1550 2903 1624 2963 Josef
1648 2902 1834 2962 Froberger
1858 2903 1885 2963 ist
1904 2903 1936 2963 am
1974 2903 2001 2963 1.
2016 2903 2137 2963 Oktober
2156 2903 2179 2963 im
2217 2904 2416 2964 Krankenhaus
2445 2903 2486 2963 der

545 2945 653 3005 geboren
681 2945 808 3005 worden,
823 2945 854 3005 ist
873 2945 932 3005 nach
955 2945 1000 3005 dem
1037 2945 1091 3005 Tod
1114 2945 1201 3005 seines
1219 2945 1323 3005 Vaters
1347 2945 1487 3005 frühzeitig

1544 2945 1756 3005 Barmherzigen
1788 2948 1897 3008 Brüder
1920 2946 1942 3006 in
1970 2946 2051 3006 Bonn
2083 2948 2101 3008 im
2142 2948 2218 3008 Alter
2242 2948 2291 3008 von
2319 2948 2350 3008 60
2378 2948 2477 3008 Jahren

546 2987 599 3047 mit
617 2987 656 3047 der
675 2989 786 3049 Mutter
804 2988 861 3048 nach
884 2988 1000 3048 Breslau
1027 2990 1236 3050 übergesiedelt,
1250 2990 1307 3050 trat
1321 2990 1441 3050 zunächst
1459 2990 1494 3050 als

1549 2990 1698 3050 gestorben.
1717 2990 1754 3050 Er
1782 2990 1810 3050 ist
1833 2990 1861 3050 am
1903 2990 1935 3050 9.
1945 2990 2103 3050 November
2127 2990 2196 3050 1871
2225 2992 2248 3052 in
2276 2993 2415 3053 Hirsingen
2449 2992 2467 3052 im

546 3032 669 3092 Lehrling
692 3035 710 3095 in
733 3034 787 3094 eine
806 3035 1011 3095 Holzhandlung
1034 3035 1088 3095 ein,
1102 3035 1225 3095 studierte
1244 3035 1307 3095 dann
1331 3035 1348 3095 in
1372 3035 1485 3095 Breslau

1543 3035 1680 3095 Sundgau
1711 3035 1893 3095 (Oberelsaß)
1915 3035 2026 3095 geboren
2057 3037 2185 3097 worden,
2208 3038 2332 3098 studierte
2364 3038 2385 3098 in
2413 3038 2474 3098 Rom

546 3076 594 3136 und
616 3077 709 3137 Berlin
736 3076 886 3136 Geschichte
909 3077 957 3137 und
980 3079 1134 3139 Literatur,
1148 3079 1205 3139 ging
1232 3079 1249 3139 in
1276 3079 1320 3139 den
1347 3077 1493 3137 neunziger

1543 3079 1707 3139 Theologie,
1722 3079 1818 3139 bildete
1843 3079 1886 3139 sich
1910 3079 1929 3139 in
1959 3079 2050 3139 Algier
2070 3079 2117 3139 für
2142 3081 2209 3141 seine
2234 3082 2373 3142 Tätigkeit
2393 3082 2412 3142 in
2447 3080 2489 3140 der

551 3121 647 3181 Jahren
674 3124 713 3184 zum
749 3124 960 3184 Journalismus
983 3123 1031 3183 und
1053 3122 1097 3182 zum
1133 3124 1207 3184 freien
1234 3123 1472 3183 Schriftstellertum

1543 3124 1725 3184 afrikanischen
1753 3124 1862 3184 Mission
1890 3124 1958 3184 aus,
1976 3124 2067 3184 wurde
2090 3124 2186 3184 Lektor
2209 3126 2227 3186 in
2255 3127 2300 3187 den
2328 3127 2414 3187 Lehr=
2433 3125 2482 3185 und

542 3166 627 3226 über.
641 3167 678 3227 In
705 3167 791 3227 seinem
828 3166 992 3226 Frühwerk,
1010 3167 1055 3227 das
1083 3169 1210 3229 durchaus
1238 3167 1411 3227 literarischen
1438 3166 1492 3226 An¬

1545 3169 1845 3229 Erziehungsanstalten
1873 3169 1913 3229 der
1932 3169 2041 3229 Weißen
2064 3169 2168 3229 Väter,
2182 3169 2200 3229 in
2228 3171 2300 3231 deren
2328 3172 2441 3232 Auftrag
2465 3170 2491 3230 er

543 3211 606 3271 strich
629 3212 716 3272 hatte,
730 3213 757 3273 ist
771 3211 862 3271 Georg
881 3213 967 3273 Engel
986 3213 1026 3273 zum
1058 3213 1217 3273 Schilderer
1232 3212 1419 3272 Greifswalds
1437 3211 1487 3271 und

1543 3213 1627 3273 später
1646 3213 1908 3273 Missionsanstalten
1935 3214 2086 3274 errichtete.
2100 3211 2135 3271 Er
2157 3213 2224 3273 nahm
2264 3215 2299 3275 als
2327 3216 2491 3276 Provinzial

549 3255 712 3315 Pommerns
739 3255 902 3315 geworden.
920 3258 960 3318 Zu
987 3255 1075 3315 seinem
1111 3255 1159 3315 60.
1173 3258 1340 3318 Geburtstag
1367 3258 1415 3318 ließ
1442 3255 1486 3315 der

1545 3255 1588 3315 der
1612 3258 1722 3318 Weißen
1746 3255 1841 3315 Väter
1861 3258 1947 3318 seinen
1971 3258 2110 3318 Wohnsitz
2125 3258 2143 3318 in
2172 3258 2268 3318 Trier,
2282 3260 2392 3320 siedelte
2412 3258 2478 3318 1910

542 3300 688 3360 Magistrat
716 3299 764 3359 von
795 3300 969 3360 Greifswalo
1000 3300 1031 3360 an
1067 3302 1151 3362 seinem
1196 3300 1395 3360 Geburtshaus
1431 3300 1484 3360 eine

1544 3300 1598 3360 nach
1626 3300 1708 3360 Bonn
1736 3300 1822 3360 über,
1841 3301 1872 3361 um
1909 3301 1950 3361 sich
1982 3302 2068 3362 seiner
2092 3300 2151 3360 litet
2170 3303 2265 3363 rischen
2293 3303 2434 3363 Tätigkeit
2457 3303 2480 3363 zu

544 3343 703 3403 Ehrentafel
722 3345 895 3405 anbringen.
915 3345 975 3405 Für
999 3346 1051 3406 soin
1079 3344 1177 3404 frühes
1201 3345 1337 3405 Schaffen
1366 3347 1398 3407 ist
1417 3345 1487 3405 seine

1543 3345 1675 3405 widmen.
1694 3345 1862 3405 Froberger,
1880 3345 1933 3405 eine
1956 3345 2000 3405 der
2019 3347 2249 3407 sympathischsten
2272 3348 2480 3408 Erscheinungen

541 3387 652 3447 Novelle
679 3390 754 3450 „Das
777 3390 977 3450 Hungerdorf“
1000 3390 1253 3450 bedeutungsvoll.
1267 3393 1360 3453 Engel
1378 3390 1489 3450 wandte

1539 3389 1581 3449 des
1608 3390 1754 3450 modernen
1790 3390 1958 3450 katholischen
1988 3391 2187 3451 Schrifttums,
2209 3391 2256 3451 hat
2283 3392 2356 3452 durch
2387 3393 2490 3453 ausge¬

545 3434 586 3494 sich
609 3434 673 3494 dann
701 3435 751 3495 mit
765 3435 893 3495 Werken,
908 3435 953 3495 von
977 3435 1059 3495 denen
1082 3435 1178 3495 „Hann
1201 3436 1320 3496 Klüth",
1335 3437 1407 3497 „Der
1426 3432 1499 3492 Aus¬

1549 3435 1676 3495 zeichnete
1703 3435 1871 3495 essayistische
1898 3435 2035 3495 Beiträge
2067 3435 2112 3495 zur
2135 3436 2284 3496 Belebung
2316 3438 2484 3498 katholischer

548 3476 595 3536 flug
615 3476 653 3536 ins
673 3477 831 3537 Sittliche",
841 3479 932 3539 „Uber
947 3479 985 3539 den
1004 3479 1162 3539 Wassern",
1173 3479 1244 3539 „Der
1259 3479 1355 3539 scharfe
1370 3477 1470 3537 Junker

1550 3477 1694 3537 Zeitungen
1718 3479 1763 3539 und
1787 3478 1964 3538 Zeitschriften
1987 3478 2000 3538 in
2024 3478 2197 3538 literarischer
2211 3481 2324 3541 Hinsicht
2339 3482 2479 3542 ungemein

549 3524 567 3584 zu
589 3523 695 3583 nennen
718 3521 784 3581 sind,
798 3524 984 3584 dramatischem
1016 3524 1144 3584 Schaffen
1167 3524 1210 3584 zu,
1220 3524 1264 3584 das
1282 3524 1353 3584 nicht
1367 3524 1433 3584 ohne
1451 3521 1495 3581 Er¬

1543 3524 1728 3584 beigetragen,
1750 3522 1845 3582 wobei
1867 3522 1910 3582 ihm
1953 3522 2022 3582 seine
2049 3524 2238 3584 ausgedehnte
2269 3527 2407 3587 Kenntnis
2438 3527 2480 3587 des

543 3563 591 3623 folg
614 3569 697 3629 blieb.
711 3568 795 3628 Unter
813 3567 896 3627 seinen
919 3569 1039 3629 späteren
1061 3569 1225 3629 Romanen,
1238 3569 1278 3629 die
1296 3569 1313 3629 in
1336 3568 1406 3628 ihrer
1424 3566 1490 3626 nicht

1544 3567 1693 3627 spanischen
1725 3568 1929 3628 Geisteslebens
1957 3567 2101 3627 besonders
2133 3569 2160 3629 zu
2193 3569 2265 3629 Hilfe
2293 3571 2369 3631 kam.
2392 3572 2482 3632 Seine

550 3611 599 3671 sehr
618 3614 758 3674 glücklichen
781 3613 958 3673 Verbindung
977 3612 1022 3672 von
1041 3614 1163 3674 Realistik
1181 3612 1231 3672 und
1250 3613 1403 3673 Phantastii
1418 3614 1490 3674 mehr

1543 3611 1647 3671 Schrift
1671 3611 1931 3671 „Weltanschauung
1959 3611 2008 3671 und
2032 3614 2187 3674 Literatur“
2215 3614 2241 3674 ist
2261 3615 2329 3675 über
2352 3617 2388 3677 die
2411 3616 2484 3676 Tage

1543 3656 1610 3716 ihres
1634 3657 1806 3717 Erscheinens
1825 3659 1925 3719 hinaus
1944 3659 2044 3719 wichtig
2067 3659 2222 3719 geblieben.

541 3653 580 3713 ins
608 3656 709 3716 Gebiet
737 3657 781 3717 des
808 3659 1147 3719 Unterhaltungsromans
1170 3659 1267 3719 fallen,
1285 3659 1392 3719 wurden
1419 3659 1494 3719 „Der

1439 3730 1444 3790 «
1479 3728 1547 3788 178
