3344 4320
131 307 194 367 12

1431 300 1559 360 box
1639 298 1831 358 44/1

329 321 805 381 Schnitzler
874 309 901 369 s
969 310 1197 370 Death

1365 758 1725 818 RVERe

915 783 1257 843 DOBSE

1005 839 1030 899 1.
1044 834 1164 894 österr.
1173 828 1322 888 behördl.
1336 818 1636 878 konzessioniertes

962 878 1197 938 Unternehmen
1228 869 1274 929 für
1301 858 1686 918 Zeitungs-Ausschnitte

1015 936 1164 996 WIEN,
1191 935 1236 995 I.,
1263 922 1551 982 WOLLZEILE
1597 915 1635 975 11

1113 983 1331 1043 TELEPHON
1368 971 1541 1031 R-23-0-43

1570 1120 1656 1180 en

927 1134 1145 1194 Ausschnitt
1172 1125 1259 1185 aus:

1193 1198 1280 1258 ene

1299 1287 1387 1347 16.
1401 1275 1527 1335 NOV.
1554 1259 1655 1319 1937

935 1361 1052 1421 vom:

884 1510 1630 1570 Arthur=Schnitzler=Feier
1677 1511 1779 1571 des
1826 1516 1997 1576 Burg¬

1294 1586 1599 1646 theaters.

944 1653 1025 1713 Zum
1082 1652 1339 1712 erstenmal:
1371 1655 1483 1715 „Die
1515 1655 1658 1715 letzten
1697 1655 1934 1715 Masken."

966 1703 1120 1763 Schuberts
1162 1706 1499 1766 II=Moll=Symphonie,
1536 1705 1582 1765 die
1624 1704 1737 1764 Arthur
1774 1706 1933 1766 Schnitzler
1975 1706 2001 1766 so

887 1751 939 1811 sehr
968 1753 1073 1813 geliebt
1107 1751 1159 1811 und
1193 1752 1278 1812 seinem
1327 1754 1431 1814 Werke
1461 1752 1504 1812 als
1542 1754 1800 1814 wesensverwandt
1829 1754 1996 1814 empfunden

877 1798 940 1858 hat,
962 1801 1051 1861 grüßt
1079 1799 1126 1859 den
1159 1800 1259 1860 großen
1297 1799 1403 1859 Toten.
1425 1801 1483 1861 Die
1515 1799 1600 1859 letzten
1638 1800 1749 1860 Klänge
1781 1799 1866 1859 dieser
1893 1801 2010 1861 Musik,

878 1841 922 1901 die
958 1846 1013 1906 von
1059 1846 1104 1906 den
1150 1845 1320 1905 Wiener
1361 1849 1784 1909 Philharmonikern
1835 1846 1915 1906 unter
1956 1847 2001 1907 der

883 1891 996 1951 Leitung
1032 1892 1083 1952 von
1121 1894 1259 1954 Clemens
1291 1894 1430 1954 Krauß
1466 1894 1657 1954 erschütternd
1689 1894 1807 1954 gespielt
1834 1894 1920 1954 wird,
1947 1895 2003 1955 sind

880 1942 1030 2002 verströmt
1071 1941 1126 2001 und
1167 1941 1272 2001 Raoul
1308 1942 1439 2002 Aslan
1490 1941 1590 2001 spricht
1631 1940 1670 2000 die
1711 1942 1938 2002 Gedenkworte,
1974 1942 1998 2002 in

881 1987 960 2047 denen
1001 1988 1101 2048 Oskar
1137 1990 1267 2050 Maurus
1303 1990 1498 2050 Fontana
1539 1989 1584 2049 die
1615 1989 1785 2049 Leitmotive
1821 1989 1845 2049 in
1886 1989 2001 2049 Arthur

883 2035 1131 2095 Schnitzlers
1158 2036 1342 2096 dichterischem
1386 2036 1537 2096 Schaffen,
1559 2034 1597 2094 die
1619 2037 1884 2097 Grundstimmung
1917 2035 2002 2095 seines

875 2082 1097 2142 Lebenswerkes
1124 2084 1250 2144 geistvoll
1272 2083 1441 2143 analysiert.
1458 2082 1558 2142 Raoul
1580 2082 1669 2142 Aslan
1696 2083 1796 2143 spricht
1818 2084 2003 2144 eindringlich

878 2130 936 2190 und
969 2130 1044 2190 jedes
1077 2130 1168 2190 Wort
1196 2130 1352 2190 beseelend.
1380 2129 1444 2189 Mit
1477 2130 1590 2190 feinster
1618 2130 1720 2190 Kunst
1748 2130 1871 2190 zeichnet
1899 2130 1925 2190 er
1958 2131 2001 2191 die

878 2178 1028 2238 Konturen
1064 2175 1143 2235 jener
1174 2178 1405 2238 schwermütigen
1441 2178 1571 2238 Vision:
1607 2176 1641 2236 an
1682 2178 1757 2238 einem
1808 2178 1998 2238 Herbstabend

880 2224 931 2284 sitzt
952 2222 1065 2282 Arthur
1092 2222 1262 2282 Schnitzler,
1283 2223 1324 2283 alt
1346 2223 1397 2283 und
1424 2224 1516 2284 einsam
1553 2222 1718 2282 geworden,
1739 2222 1791 2282 auf
1812 2224 1889 2284 einer
1916 2224 1998 2284 Bank

875 2270 904 2330 am
950 2270 1056 2330 Rande
1087 2270 1131 2330 des
1162 2270 1409 2330 Wienerwaldes,
1435 2272 1546 2332 umfaßt
1577 2271 1627 2331 mit
1658 2270 1733 2330 einem
1784 2272 1995 2332 Abschiedsblich

880 2318 922 2378 die
949 2318 1065 2378 geliebte
1097 2318 1186 2378 Stadt
1219 2318 1272 2378 und
1309 2318 1378 2378 sieht
1410 2319 1468 2379 noch
1505 2318 1616 2378 einmal
1643 2318 1685 2378 die
1718 2318 1881 2378 Gestalten,
1903 2321 1945 2381 die
1977 2321 2003 2381 er

881 2366 1027 2426 geschaffen
1066 2366 1125 2426 hat,
1152 2368 1179 2428 an
1218 2366 1261 2426 sich
1294 2366 1571 2426 vorüberschweben.

963 2413 1047 2473 Dann
1079 2414 1158 2474 steigt
1186 2412 1227 2472 der
1254 2414 1391 2474 Vorhang
1424 2414 1470 2474 und
1497 2416 1560 2476 eine
1582 2414 1666 2474 dieser
1693 2416 1851 2476 Gestalten,
1873 2417 1915 2477 die
1936 2417 1994 2477 eben

877 2458 908 2518 an
946 2460 993 2520 dem
1041 2460 1157 2520 Dichter
1189 2461 1374 2521 schattenhaft
1401 2461 1618 2521 vorbeiglitten,
1645 2462 1714 2522 wird
1746 2462 1931 2522 körperhaft.
1958 2461 2000 2521 Es

883 2504 914 2564 ist
936 2507 978 2567 der
999 2508 1136 2568 sterbende
1163 2509 1237 2569 Karl
1258 2509 1448 2569 Rademacher
1470 2509 1490 2569 in
1517 2511 1564 2571 den
1591 2509 1760 2569 „Letzten
1792 2512 2003 2572 Mashen".

877 2554 937 2614 Mit
968 2554 1069 2614 wirrem
1120 2555 1226 2615 grauen
1273 2556 1358 2616 Haar
1395 2556 1445 2616 und
1481 2556 1577 2616 fahlem
1623 2557 1734 2617 Gesicht
1765 2556 1872 2616 kauert
1903 2554 1932 2614 er
1963 2557 1988 2617 im

885 2602 1049 2662 Lehnstuhl.
1065 2605 1173 2665 Stirn,
1194 2603 1292 2663 Lippen
1328 2602 1379 2662 und
1406 2603 1534 2663 Wangen
1566 2605 1617 2665 sind
1648 2605 1689 2665 ihm
1726 2605 1797 2665 schon
1829 2605 1875 2665 von
1906 2605 1983 2665 jenem

877 2649 998 2709 fremden
1036 2652 1099 2712 Zug
1137 2650 1306 2710 gezeichnet,
1339 2650 1386 2710 der
1419 2652 1471 2712 das
1509 2652 1609 2712 Siegel
1647 2650 1690 2710 der
1727 2652 1918 2712 Vernichtung
1956 2650 2003 2710 ist.

884 2701 956 2761 „Die
997 2699 1089 2759 letzten
1129 2697 1301 2757 Mashen",
1335 2699 1420 2759 dieser
1461 2700 1580 2760 beinahe
1614 2700 1792 2760 unheimlich
1826 2702 1997 2762 hellsichtige

887 2814 1045 2874 Einakter,
1067 2817 1112 2877 der
1139 2817 1312 2877 Geheimstes
1344 2817 1395 2877 und
1421 2817 1641 2877 Verborgenstes
1673 2817 1723 2877 mit
1750 2817 1995 2877 unbarmherziger

878 2862 1166 2922 Illusionslosigkeit
1193 2865 1435 2925 röntgenologisch
1472 2866 1688 2926 durchleuchtet,
1714 2864 1807 2924 waren
1849 2861 1920 2921 schon
1962 2862 1982 2922 im

875 2909 1035 2969 [Deutschen
1076 2909 1287 2969 Volkstheater
1328 2911 1382 2971 und
1423 2909 1448 2969 in
1494 2912 1539 2972 der
1580 2912 1791 2972 Inszenierung
1832 2909 1887 2969 von
1927 2909 1997 2969 Otto

888 2952 980 3012 Brahm
1032 2955 1062 3015 zu
1099 2957 1197 3017 sehen.
1223 2958 1264 3018 Im
1316 2960 1522 3020 Burgtheater,
1554 2959 1595 3019 wo
1632 2958 1683 3018 dos
1714 2957 1802 3017 Werk
1839 2956 1884 3016 bei
1916 2956 2003 3016 dieser

882 3000 1045 3060 Totenfeier
1072 3002 1140 3062 seine
1168 3005 1415 3065 Erstaufführung
1448 3005 1547 3065 erlebt,
1569 3004 1648 3064 führt
1675 3004 1775 3064 Albert
1802 3002 1933 3062 Heine
1960 3003 2002 3063 die

890 3046 987 3106 Regie.
1009 3047 1047 3107 Es
1074 3049 1106 3109 ist
1128 3050 1187 3110 eine
1210 3052 1442 3112 Inszenierung,
1459 3052 1501 3112 die
1524 3052 1583 3112 ihre
1611 3050 1719 3110 eigenen
1746 3049 1832 3109 Wege
1855 3050 1935 3110 geht.
1952 3050 2005 3110 Sie

880 3094 993 3154 bemüht
1025 3096 1071 3156 sich
1108 3094 1159 3154 vor
1196 3097 1263 3157 allem
1310 3100 1434 3160 darum,
1461 3098 1507 3158 den
1544 3099 1673 3159 geistigen
1715 3098 1766 3158 und
1803 3095 1994 3155 gedanklichen

885 3141 993 3201 Gehalt
1021 3142 1063 3202 der
1097 3145 1237 3205 Dichtung
1271 3147 1406 3207 deutlich,
1434 3145 1461 3205 ja
1494 3145 1634 3205 bisweilen
1673 3145 1863 3205 überdeutlich
1896 3145 2004 3205 werden

885 3187 911 3247 zu
943 3190 1048 3250 lassen.
1070 3192 1207 3252 Dadurch
1239 3192 1308 3252 wird
1335 3190 1382 3250 der
1414 3193 1588 3253 Totentanz,
1615 3193 1663 3253 der
1690 3193 1774 3253 dieses
1806 3193 1938 3253 Zimmer
1965 3191 1991 3251 im

882 3238 1078 3298 Allgemeinen
1123 3240 1345 3300 Krankenhaus
1386 3241 1602 3301 durchgeistert,
1638 3241 1869 3301 gewissermaßen
1920 3241 2005 3301 ratio¬

883 3285 1026 3345 nalisiert.
1054 3287 1176 3347 Manche
1210 3286 1309 3346 Szene
1343 3285 1415 3345 büßt
1443 3287 1476 3347 an
1516 3288 1721 3348 gespenstischem
1771 3287 1920 3347 Zwielicht
1954 3289 2015 3349 ein,

879 3330 938 3390 was
973 3333 1012 3393 sie
1043 3333 1076 3393 an
1112 3333 1338 3393 intellektueller
1369 3334 1615 3394 Durchdringung
1655 3333 1798 3393 gewinnt.
1823 3334 1892 3394 Das
1927 3333 2005 3393 Grau

877 3378 898 3438 in
942 3377 1028 3437 Grau
1073 3380 1154 3440 dieses
1198 3383 1399 3443 Schauspieles
1438 3383 1525 3443 aber,
1558 3382 1628 3442 seine
1667 3379 1737 3439 tiefe
1770 3380 1912 3440 Skepsis,
1950 3381 1998 3441 sein

880 3428 1070 3488 schneidender
1097 3430 1303 3490 Pessimismus
1331 3431 1438 3491 könnte
1465 3430 1537 3490 kaum
1584 3429 1682 3489 klarer
1708 3429 1765 3489 und
1797 3429 1910 3489 schärfer
1942 3429 1987 3489 zum

888 3473 1028 3533 Ausdruck
1059 3476 1189 3536 gebracht
1220 3476 1325 3536 werden
1361 3477 1401 3537 als
1432 3476 1512 3536 durch
1548 3476 1648 3536 Albert
1679 3476 1784 3536 Heines
1820 3476 1920 3536 Regie.

968 3521 1126 3581 Ferdinand
1158 3524 1273 3584 Onno
1306 3524 1389 3584 bietet
1411 3524 1437 3584 in
1474 3522 1516 3582 der
1548 3523 1632 3583 Rolle
1659 3524 1706 3584 des
1738 3524 1932 3584 Erfolglosen,
1959 3524 2001 3584 der

882 3569 906 3629 in
946 3569 990 3629 der
1025 3569 1113 3629 letzten
1153 3572 1365 3632 Biertelstunde
1400 3571 1483 3631 seines
1523 3571 1631 3631 Lebens
1666 3571 1720 3631 mit
1755 3572 1798 3632 dem
1849 3570 2006 3630 beneideten

880 3617 931 3677 und
962 3617 1096 3677 gehaßten
1133 3618 1344 3678 Erfolgreichen
1381 3620 1525 3680 abrechnen
1562 3618 1639 3678 will,
1666 3618 1727 3678 weit
1759 3619 1835 3679 mehr
1862 3619 1908 3679 als
1939 3620 2001 3680 bloß

883 3662 939 3722 eine
965 3664 1156 3724 meisterhafte
1177 3667 1311 3727 klinische
1332 3667 1450 3727 Studie.
1472 3665 1595 3725 Gewiß,
1611 3664 1636 3724 er
1663 3664 1750 3724 bleibt
1771 3666 1828 3726 kein
1859 3665 2003 3725 klinisches

881 3709 980 3769 Detail
1005 3712 1143 3772 schuldig,
1168 3712 1242 3772 nicht
1268 3712 1312 3772 den
1347 3712 1520 3772 flackernden
1560 3709 1634 3769 Blick
1669 3710 1723 3770 und
1754 3709 1797 3769 den
1833 3711 2005 3771 keuchenden

883 3757 976 3817 Atem,
999 3757 1074 3817 nicht
1092 3757 1132 3817 die
1159 3755 1283 3815 fahrigen
1314 3754 1510 3814 Bewegungen
1541 3754 1585 3814 der
1608 3751 1710 3811 Hände
1737 3751 1789 3811 und
1816 3751 1856 3811 die
1884 3751 2012 3811 krampf¬

877 3803 949 3863 hafte
978 3802 1166 3862 Verzerrung
1196 3799 1243 3859 des
1273 3799 1417 3859 Mundes.
1442 3798 1504 3858 Ins
1538 3796 1736 3856 Symbolische
1765 3795 1818 3855 und
1852 3792 2011 3852 Schiksal¬

880 3851 950 3911 hafte
981 3848 1047 3908 aber
1078 3849 1188 3909 steigert
1220 3847 1250 3907 er
1276 3846 1320 3906 die
1346 3846 1463 3906 Gestalt
1489 3844 1513 3904 in
1550 3843 1595 3903 der
1626 3842 1737 3902 Szene,
1763 3841 1788 3901 in
1819 3840 1864 3900 der
1895 3838 1925 3898 er
1956 3840 2006 3900 mit

882 3894 1124 3954 geringschätziger
1156 3894 1409 3954 Gleichgültigkeit
1436 3891 1540 3951 darauf
1562 3888 1720 3948 verzichtet,
1741 3888 1788 3948 dem
1831 3885 1909 3945 eiteln
1947 3884 1999 3944 und

885 3942 1096 4002 aufgeblasenen
1134 3939 1255 3999 Poseur,
1282 3939 1324 3999 der
1356 3939 1398 3999 ihn
1430 3939 1557 3999 besucht,
1579 3936 1870 3996 niederschmetternde
1902 3931 2007 3991 Wahr¬

885 3989 966 4049 heiten
999 3987 1047 4047 ins
1075 3987 1188 4047 Gesicht
1216 3987 1242 4047 zu
1275 3987 1383 4047 sagen:
1411 3986 1481 4046 denn
1514 3985 1540 4045 es
1568 3983 1638 4043 steht
1665 3981 1692 4041 ja
1720 3981 1778 4041 doch
1812 3981 1887 4041 nicht
1909 3981 2006 4041 dafür,

883 4037 912 4097 es
943 4035 972 4095 ist
1003 4035 1068 4095 alles
1098 4035 1123 4095 so
1154 4035 1254 4095 nichtig
1285 4033 1339 4093 und
1370 4032 1521 4092 wesenlos,
1541 4031 1621 4091 wenn
1652 4029 1711 4089 man
1748 4029 1833 4089 weiß,
1858 4028 1903 4088 daß
1939 4026 1998 4086 man

882 4080 992 4140 morgen
1027 4081 1097 4141 nicht
1123 4079 1203 4139 mehr
1228 4079 1258 4139 am
1304 4079 1384 4139 Leben
1420 4078 1469 4138 sein
1500 4078 1585 4138 wird.
1611 4076 1706 4136 Diesen
1741 4074 1937 4134 Arrivierten,
1958 4074 2002 4134 der

885 4127 905 4187 im
952 4127 1090 4187 Schmuck
1128 4127 1210 4187 seines
1241 4124 1396 4184 gepflegten
1433 4124 1613 4184 Vollbartes,
1645 4122 1696 4182 mit
1727 4120 1867 4180 eleganten
1903 4118 2006 4178 Glacé¬

885 4175 1071 4235 handschuhen
1112 4175 1247 4235 spielend,
1278 4174 1439 4234 gechenhaft
1471 4172 1515 4232 bei
1546 4172 1596 4232 dem
1642 4170 1818 4230 Sterbenden
1859 4166 1914 4226 sitzt
1950 4164 2000 4224 und
