3392 4320
476 106 553 166 schon
593 106 630 166 die
662 103 787 163 stärkere
808 103 866 163 und
886 100 1139 160 faßzinierendere
1169 94 1354 154 Wielchkeit
1374 92 1422 152 als

479 160 521 220 die
545 160 633 220 müde
657 157 810 217 Substanz
829 156 875 216 des
899 153 1030 213 Lebens.
1049 151 1188 211 Überall,
1198 150 1240 210 wo
1268 148 1426 208 Schnitzler

483 213 569 273 tiefer
583 211 700 271 ansetzt,
710 209 796 269 spürt
814 207 877 267 man
905 206 950 266 den
978 204 1091 264 Vorzug
1118 203 1208 263 seines
1236 200 1345 260 Lebens
1368 199 1422 259 und

479 267 570 327 seiner
595 264 758 324 Herkunft.
778 261 864 321 Wäre
889 260 941 320 sein
970 258 1066 318 Vater
1091 256 1167 316 nicht
1187 255 1259 315 Arzt
1279 255 1432 315 gewesen,

479 318 556 378 hätte
580 318 609 378 er
634 317 706 377 nicht
725 315 822 375 selber
842 312 967 372 Medizin
996 312 1136 372 studiert,
1151 310 1204 370 mit
1224 309 1431 369 gründlichster

484 369 703 429 Vorbereitung
727 370 769 430 als
784 368 999 428 mehrjäbriger
1018 364 1149 424 Assistent
1163 363 1182 423 im
1220 360 1421 420 Allgemeinen

482 425 701 485 Krankenhaus
726 421 749 481 in
778 417 859 477 Wien
888 420 945 480 und
975 417 1018 477 als
1042 417 1180 477 Assistent
1200 413 1247 473 der
1276 413 1429 473 Poliklinik

482 476 539 536 und
570 479 671 539 endlich
703 478 746 538 als
773 475 963 535 ausübender
990 472 1127 532 Arzt...
1150 468 1211 528 wer
1233 467 1326 527 weiß,
1344 465 1374 525 ob
1401 464 1432 524 er

481 530 599 590 gelernt
627 529 723 589 hätte,
746 528 901 588 Menschen
934 526 975 586 als
1007 523 1149 583 Abbilder
1177 519 1226 579 des
1259 518 1373 578 Lebens
1405 515 1428 575 so

488 580 617 640 herzecht
637 582 689 642 auf
713 580 761 640 die
785 580 895 640 Bühne
919 580 947 640 zu
972 578 1106 638 stellen."
1131 575 1250 635 Eduard
1279 574 1432 634 Korrodi

495 637 544 697 (N.
561 637 639 697 Zür.
656 635 722 695 Ztg.
739 634 844 694 2001).

488 695 557 755 „Ich
581 691 703 751 besinne
727 690 815 750 mich,
830 689 862 749 um
900 687 993 747 etwas
1017 685 1068 745 von
1097 685 1143 745 den
1172 682 1288 742 Dingen
1312 679 1438 739 wieder¬

490 746 638 806 zugeben,
658 745 700 805 die
730 745 887 805 Schnitzler
912 742 968 802 mir
993 742 1016 802 in
1050 741 1088 801 all
1113 739 1160 799 den
1189 737 1304 797 Jahren
1333 733 1433 793 gesagt

1502 836 1650 896 träumte.
1666 832 1749 892 Ibsen
1775 826 1843 886 hielt
1858 827 2046 887 Gerichtstag
2066 827 2120 887 mit
2135 823 2185 883 der
2205 825 2382 885 Menschheit
2398 825 2446 885 ab.

505 852 573 912 hat,
594 852 627 912 ich
662 852 770 912 denke,
791 849 962 909 manchmal
987 846 1011 906 in
1041 843 1095 903 der
1121 843 1248 903 Absicht,
1268 842 1302 902 ich
1337 840 1445 900 möchte

1497 891 1655 951 Schnitzler
1685 886 1794 946 feierte
1824 884 2120 944 Versöhnungsfeste
2155 880 2214 940 mit
2244 880 2298 940 dem
2353 881 2441 941 Leid,

507 906 540 966 sie
564 908 631 968 nach
655 906 751 966 seinem
790 905 870 965 Tode
895 900 1158 960 niederschreiben.
1177 897 1254 957 Aber
1274 896 1307 956 ich
1336 892 1445 952 komme

1507 945 1559 1005 mit
1579 944 1626 1004 der
1646 941 1818 1001 Schwäche,
1833 937 1885 997 mit
1905 939 1952 999 dem
1987 939 2068 999 Tod.
2083 936 2168 996 Ibsen
2193 933 2322 993 forderte
2342 933 2447 993 Moral

506 960 558 1020 von
587 960 639 1020 dem
678 960 817 1020 Eindruck
842 958 889 1018 des
913 955 1081 1015 allerletzten
1110 951 1273 1011 Gesprächs
1302 949 1373 1009 nicht
1393 947 1450 1007 los.

1510 995 1554 1055 für
1575 997 1610 1057 die
1635 994 1741 1054 Seele.
1757 993 1914 1053 Schnitzler
1934 992 2126 1052 rechtfertigte
2146 989 2187 1049 die
2207 988 2303 1048 Seele
2324 987 2369 1047 für
2384 987 2444 1047 ihre

507 1013 543 1073 Es
564 1015 636 1075 sieht
657 1013 843 1073 nachträglich
870 1010 921 1070 sast
943 1007 1119 1067 gespenstisch
1145 1006 1212 1066 aus.
1228 1007 1295 1067 Wir
1317 1002 1440 1062 sprachen

1509 1051 1676 1111 moralische
1711 1049 1888 1109 Schwäche.
1923 1045 1986 1105 Der
2026 1046 2193 1106 Mediziner
2233 1043 2360 1103 begreift
2400 1040 2444 1100 die

512 1070 573 1130 eine
596 1070 680 1130 halbe
704 1066 825 1126 Stunde
848 1063 899 1123 vom
937 1061 1161 1121 Spiritismus,
1176 1059 1226 1119 von
1255 1057 1301 1117 der
1325 1055 1455 1115 Wieder¬

1512 1106 1670 1166 Schwäche
1696 1102 1790 1162 besser
1820 1101 1864 1161 als
1895 1101 1939 1161 die
1969 1100 2098 1160 Stärke.
2123 1099 2182 1159 Die
2212 1097 2449 1157 Psychoanalyse

511 1122 574 1182 kehr
604 1122 668 1182 nach
698 1122 751 1182 dem
796 1120 898 1180 Tode!
923 1118 1094 1178 (Schnitzler
1124 1115 1212 1175 zeigte
1242 1113 1330 1173 dieser
1360 1109 1448 1169 Lehre

1509 1160 1619 1220 fordert
1649 1158 1734 1218 nicht.
1759 1157 1816 1217 Sie
1846 1157 1975 1217 versteht
2005 1155 2076 1215 alles
2105 1154 2163 1214 und
2192 1151 2321 1211 verzeiht
2341 1150 2431 1210 alles.

506 1178 683 1238 gegenüber
708 1176 752 1236 die
782 1175 891 1235 tiefste,
911 1173 970 1233 eine
1000 1170 1132 1230 ärztliche
1158 1169 1276 1229 Skepsis
1306 1167 1360 1227 und
1390 1165 1453 1225 doch

1519 1213 1668 1273 Bernhard
1690 1210 1844 1270 Diebold
1866 1212 2005 1272 (Frankf.
2027 1207 2096 1267 Ztg.
2113 1204 2256 1264 789/90).

514 1231 624 1291 wieder
650 1230 712 1290 eine
736 1228 794 1288 Art
814 1225 1002 1285 Sehnsucht¬

1514 1276 1686 1336 „Schnitzler
1706 1274 1765 1334 war
1785 1273 1824 1333 ein
1845 1273 1977 1333 geistiger
1997 1270 2124 1330 Nachbar
2145 1270 2297 1330 Sigmund
2322 1267 2454 1327 Freuds,

512 1283 570 1343 Wir
594 1285 726 1345 sprachen
759 1288 808 1348 von
836 1287 909 1347 allen
942 1283 1060 1343 unseren
1088 1282 1312 1342 gemeinsamen
1340 1279 1458 1339 Freun¬

1513 1332 1559 1392 des
1583 1327 1746 1387 Schöpfers
1775 1327 1821 1387 der
1845 1324 2101 1384 problematischen
2134 1321 2386 1381 Psychoanalyse.
2401 1320 2442 1380 In

513 1342 585 1402 den,
607 1342 667 1402 und
694 1339 732 1399 ich
767 1338 865 1398 werde
896 1338 1033 1398 manchem
1081 1335 1132 1395 von
1167 1335 1253 1395 ihnen
1292 1332 1352 1392 eine
1382 1330 1459 1390 letzte

1512 1385 1561 1445 der
1576 1383 1734 1443 Erzählung
1759 1381 1907 1441 „Fräulein
1927 1376 2021 1436 Else",
2031 1376 2070 1436 die
2086 1375 2164 1435 durch
2185 1374 2223 1434 die
2244 1373 2455 1433 Verfilmung,

518 1394 671 1454 Botschaft
690 1393 714 1453 zu
748 1392 934 1452 übermitteln
964 1390 1078 1450 haben,
1093 1390 1150 1450 nur
1170 1386 1270 1446 Worte
1295 1387 1347 1447 der
1367 1384 1467 1444 Güte,

1518 1437 1570 1497 mit
1585 1434 1728 1494 Elisabeth
1753 1433 1891 1493 Bergner
1911 1431 1929 1491 in
1954 1429 2001 1489 der
2021 1428 2193 1488 Titelrolle,
2203 1426 2226 1486 in
2251 1428 2337 1488 weite
2356 1425 2452 1485 Kreise

517 1449 566 1509 des
592 1446 793 1506 Verstehens.

1518 1491 1686 1551 gedrungen
1716 1488 1765 1548 ist,
1791 1485 1874 1545 spielt
1905 1485 1949 1545 die
1979 1482 2266 1542 psychoanalytische
2296 1479 2464 1539 „Selbster¬

517 1506 556 1566 Er
576 1508 654 1568 war,
669 1507 713 1567 bei
733 1506 771 1566 all
787 1505 879 1565 seinem
919 1500 1075 1560 beißenden
1100 1499 1188 1559 Witz,
1198 1499 1305 1559 immer
1326 1494 1349 1554 so
1370 1494 1457 1554 milde

1519 1544 1667 1604 kenntnis'
1687 1542 1744 1602 eine
1768 1541 1898 1601 wichtige
1922 1538 2022 1598 Rolle.
2037 1536 2214 1596 Schnitzler,
2229 1534 2276 1594 der
2296 1533 2381 1593 Arzt,
2396 1533 2453 1593 war

517 1562 540 1622 im
584 1560 760 1620 Beurteilen
795 1558 938 1618 einzelner
963 1555 1139 1615 Menschen.
1159 1554 1269 1614 Scharf
1293 1550 1393 1610 wurde
1423 1549 1470 1609 er,

1518 1599 1560 1659 als
1602 1598 1891 1658 Seelenanalytiker
1929 1592 2078 1652 durchaus
2121 1589 2363 1649 Naturforscher,
2401 1587 2452 1647 den

520 1616 603 1676 wenn
633 1614 657 1674 er
682 1613 730 1673 von
756 1611 995 1671 Institutionen,
1010 1607 1147 1667 Massen,
1162 1605 1456 1665 Zeiterscheinungen

1520 1650 1663 1710 mystische
1692 1649 1902 1709 Untergründe
1936 1647 1983 1707 des
2017 1644 2127 1704 Lebens
2161 1642 2241 1702 mehr
2271 1642 2375 1702 reizten
2414 1640 2452 1700 als

520 1671 648 1731 redete."
675 1670 789 1730 Arnold
815 1665 1043 1725 Hoellriegel
1064 1663 1121 1723 (B.
1132 1661 1173 1721 T.
1184 1661 1271 1721 502).

1521 1706 1727 1766 metaphysisch
1753 1702 2000 1762 beunruhigten."
2031 1697 2117 1757 Hugo
2147 1697 2268 1757 Kubsch
2304 1696 2460 1756 (Deutsche

526 1730 722 1790 „Einsamkeit
747 1725 801 1785 der
826 1726 978 1786 Menschen
1013 1722 1268 1782 untereinander,
1288 1715 1465 1775 Fremdbeit

1521 1763 1690 1823 Tagesztg.
1708 1757 1794 1817 484).

523 1785 572 1845 vom
617 1782 754 1842 Nächsten
784 1781 833 1841 zum
878 1777 1035 1837 Nächsten,
1056 1775 1104 1835 das
1134 1775 1168 1835 ist
1189 1774 1232 1834 die
1257 1772 1473 1832 Schwermut,

1525 1819 1718 1879 „Schnitzlers
1738 1816 1921 1876 Sanftheit,
1937 1814 1976 1874 die
1996 1813 2129 1873 Anmut,
2145 1811 2199 1871 mit
2220 1808 2268 1868 der
2289 1808 2318 1868 er
2338 1808 2466 1868 Lebens¬

518 1840 567 1900 aus
593 1837 642 1897 der
667 1836 845 1896 Schnitzlers
870 1833 964 1893 Kunst
984 1830 1033 1890 von
1064 1828 1127 1888 früh
1158 1828 1187 1888 an
1217 1827 1276 1887 ihre
1301 1825 1395 1885 Säfte
1415 1824 1469 1884 ge¬

1527 1874 1611 1934 rätsel
1627 1872 1695 1932 löst,
1712 1870 1806 1930 verrät
1828 1870 1912 1930 stets,
1929 1870 1976 1930 daß
2003 1867 2034 1927 er
2055 1865 2113 1925 sehr
2134 1864 2193 1924 viel
2214 1864 2303 1924 Musik
2325 1863 2346 1923 im
2388 1860 2462 1920 Blut

524 1894 602 1954 sogen
632 1891 700 1951 hat.
721 1890 794 1950 Auch
819 1888 843 1948 im
888 1886 1026 1946 Anfang,
1046 1884 1183 1944 damals,
1204 1882 1242 1942 als
1267 1879 1316 1939 er,
1337 1877 1469 1937 Gerhart

1524 1930 1618 1990 hatte:
1648 1927 1707 1987 eine
1737 1924 1855 1984 leichte,
1875 1923 2097 1983 schwingende,
2112 1918 2319 1978 schwebende.
2345 1915 2467 1975 Gehen,

523 1947 741 2007 Hauptmanns
761 1941 1017 2001 Altersgefährte,
1027 1937 1087 1997 beim
1120 1936 1241 1996 Ansturm
1279 1934 1358 1994 einer
1372 1933 1461 1993 neuen

1527 1982 1581 2042 wie
1607 1983 1626 2043 im
1672 1980 1838 2040 „Einsamen
1868 1977 1973 2037 Weg',
1989 1975 2034 2035 die
2060 1975 2129 2035 Entw
2170 1972 2300 2032 erzelten,
2321 1971 2361 2031 die
2391 1969 2466 2029 nicht

526 2002 709 2062 Generation
738 1999 781 2059 die
801 1995 983 2055 wienerische
1004 1991 1167 2051 Heiterkeit
1187 1989 1206 2049 in
1235 1987 1341 2047 Person
1370 1987 1476 2047 darzu¬

1530 2037 1608 2097 mehr
1633 2034 1681 2094 zur
1702 2032 1877 2092 erdenfesten
1902 2031 2093 2091 Gesellschaft
2113 2028 2259 2088 gehoren,
2274 2025 2337 2085 gern
2367 2025 2386 2085 in
2416 2022 2455 2082 ein

525 2054 618 2114 stellen
643 2055 751 2115 schien.
766 2051 912 2111 Janerlich
938 2048 1016 2108 stand
1041 2046 1084 2106 er,
1100 2045 1138 2105 ein
1163 2043 1286 2103 Jünger
1306 2041 1354 2101 der
1370 2040 1472 2100 roma¬

1530 2091 1731 2151 unbekanntes
1755 2087 1913 2147 Jenseits,
1934 2085 2005 2145 dann
2039 2083 2154 2143 trällert
2183 2079 2207 2139 es
2236 2079 2303 2139 noch
2337 2077 2375 2137 ein
2409 2075 2471 2135 biß¬

530 2109 633 2169 nischen
663 2106 933 2166 Formenmeister,
948 2102 997 2162 den
1027 2100 1194 2160 Propheten
1224 2097 1272 2157 der
1292 2097 1473 2157 Formlosig¬

1530 2146 1589 2206 chen
1615 2145 1635 2205 in
1660 2144 1735 2204 ihrer
1756 2142 1866 2202 Seele.
1877 2142 1942 2202 Das
1967 2138 2269 2198 Nachtigallmäßige,
2285 2131 2334 2191 das
2355 2133 2470 2193 Amsel¬

529 2163 583 2223 keit
608 2163 686 2223 zwar
706 2161 785 2221 schon
815 2160 839 2220 zu
869 2159 952 2219 jener
978 2154 1046 2214 Zeit
1071 2154 1263 2214 meilenfern.
1283 2151 1352 2211 Nur
1372 2148 1396 2208 in
1426 2148 1475 2208 der

1531 2199 1666 2259 mäßige,
1692 2197 1787 2257 etwas
1818 2195 2065 2255 seltsam=kostbar
2101 2190 2226 2250 zwischen
2267 2188 2322 2248 den
2358 2185 2463 2245 Zeiten

532 2217 708 2277 Ablehnung
742 2212 937 2272 bürgerlicher
967 2210 1167 2270 Vorurteile,
1186 2206 1210 2266 in
1248 2205 1300 2265 der
1330 2204 1467 2264 ethischen

1535 2252 1752 2312 Schwebendes
1777 2247 1806 2307 ist
1827 2247 1875 2307 das
1900 2246 1999 2306 Wesen
2029 2244 2078 2304 der
2098 2242 2334 2302 Schnitzlerschen
2360 2239 2472 2299 Weich¬

532 2273 676 2333 Toleranz
700 2270 767 2330 glich
796 2267 824 2327 er
844 2266 935 2326 seinem
979 2264 1184 2324 Kameraden.

1528 2309 1598 2369 heit.
1614 2306 1721 2366 Dieser
1737 2303 1920 2363 geduldige,
1931 2298 2237 2358 schwermütig=frohe
2263 2294 2477 2354 Menschenge¬

531 2324 586 2384 Aus
612 2324 662 2384 dem
698 2321 784 2381 Geist
810 2321 860 2381 der
881 2318 1078 2378 Schwermut
1099 2318 1129 2378 ist
1155 2316 1230 2376 schon
1262 2313 1312 2373 sein
1338 2312 1484 2372 Erstling,

1533 2362 1628 2422 stalter
1649 2360 1719 2420 starb
1749 2359 1770 2419 in
1806 2358 1886 2418 einer
1912 2355 1992 2415 Zeit,
2013 2354 2038 2414 in
2069 2354 2113 2414 der
2139 2352 2149 2412 —
2200 2351 2224 2411 so
2246 2348 2356 2408 scheint
2377 2347 2407 2407 es
2432 2343 2472 2403 --

534 2381 583 2441 sein
614 2378 755 2438 „Anatol'
775 2376 921 2436 geboren,
942 2374 992 2434 der
1013 2372 1209 2432 leichtsinnige
1235 2366 1486 2426 Melancholiker,

1533 2415 1619 2475 dieses
1639 2415 1724 2475 milde
1744 2411 1850 2471 Fühlen
1874 2411 1931 2471 und
1951 2409 2066 2469 Denken
2085 2406 2176 2466 keinen
2201 2405 2282 2465 Raum
2316 2402 2397 2462 mehr
2417 2402 2474 2462 hat.

532 2432 603 2492 über
623 2434 671 2494 den
700 2432 719 2492 so
743 2431 791 2491 oft
806 2431 829 2491 in
854 2427 1002 2487 deutschen
1027 2426 1176 2486 Theatern
1196 2422 1339 2482 gelächelt
1359 2420 1473 2480 worden

1537 2471 1594 2531 Und
1623 2469 1676 2529 das
1696 2467 1728 2527 ist
1748 2466 1795 2526 das
1825 2463 2079 2523 Unvergängliche
2099 2461 2132 2521 an
2161 2459 2247 2519 diesem
2291 2458 2429 2518 Dichter:
2449 2455 2477 2515 er

532 2490 579 2550 ist.
594 2488 670 2548 Naiv
694 2487 751 2547 und
776 2485 895 2545 blasiert
915 2482 1057 2542 zugleich,
1072 2479 1239 2539 Lebemann
1269 2474 1325 2534 und
1350 2471 1478 2531 Lebens¬

1537 2524 1585 2584 hat
1603 2523 1665 2583 eine
1683 2521 1780 2581 Welt,
1794 2520 1833 2580 die
1851 2518 1860 2578 —
1905 2518 1984 2578 wenn
2012 2516 2073 2576 auch
2100 2513 2170 2573 nicht
2189 2510 2294 2570 immer
2317 2509 2370 2569 und
2392 2512 2476 2572 heute

535 2542 742 2602 klippschüler,
757 2539 870 2599 ironisch
901 2536 954 2596 und
979 2535 1147 2595 ironisiert,
1162 2533 1187 2593 so
1212 2531 1335 2591 erleidet
1355 2528 1384 2588 er
1409 2529 1483 2589 seine

1537 2579 1608 2639 nicht
1633 2578 1714 2638 mehr
1734 2576 1776 2636 die
1801 2573 1901 2633 unsere
1925 2573 1934 2633 —
1982 2570 2035 2630 das
2059 2566 2322 2626 Kulturgeschehen
2351 2566 2403 2626 und
2432 2565 2470 2625 die

530 2595 735 2655 ruhmreichen
773 2593 963 2653 Niederlagen
1007 2588 1029 2648 im
1076 2587 1193 2647 Kampf
1226 2585 1281 2645 mit
1310 2584 1361 2644 der
1389 2584 1487 2644 Frau.

1533 2632 1714 2692 menschliche
1745 2629 1947 2689 Entwicklung
1983 2625 2058 2685 stark
2089 2621 2296 2681 beeinflußte,
2322 2620 2347 2680 in
2388 2617 2473 2677 fester

536 2648 585 2708 Als
615 2648 689 2708 diese
715 2646 813 2706 Figur
833 2645 858 2705 in
888 2641 1066 2701 Schnitzlers
1096 2640 1249 2700 wärmstem
1294 2634 1491 2694 Schauspiel,

1544 2684 1679 2744 Prägung
1708 2681 1759 2741 für
1783 2680 1825 2740 die
1849 2680 2073 2740 Weltliteratur
2093 2676 2247 2736 erhalten,
2262 2673 2346 2733 jenes
2370 2673 2482 2733 wiene¬

536 2703 559 2763 in
589 2701 641 2761 der
671 2700 819 2760 Liebelei'
839 2697 1064 2757 wiederkehrte,
1084 2694 1223 2754 verflocht
1243 2693 1285 2753 sich
1314 2691 1367 2751 mit
1387 2688 1468 2748 ihrem

1538 2739 1619 2799 rische
1653 2737 1705 2797 und
1734 2734 1953 2794 österreichische
1978 2730 2097 2790 Wesen,
2121 2728 2169 2788 das
2198 2726 2393 2786 jammervoll
2418 2725 2475 2785 und

535 2757 665 2817 Geschick
701 2753 755 2813 das
791 2753 886 2813 Fatum
942 2750 1022 2810 jenes
1058 2749 1153 2809 „süßen
1194 2748 1304 2808 wiener
1340 2743 1490 2803 Mädels',

1544 2794 1593 2854 still
1619 2792 1750 2852 einging,
1771 2789 1821 2849 hat
1847 2788 1877 2848 er
1898 2788 1922 2848 im
1968 2787 2059 2847 letzten
2090 2784 2267 2844 Augenblick
2288 2778 2378 2838 seines
2404 2777 2484 2837 Ver¬

543 2811 630 2871 dessen
661 2811 743 2871 Ruhm
785 2807 883 2867 syäter
904 2805 996 2865 seinem
1039 2802 1188 2862 Schöpfer
1209 2802 1229 2862 so
1255 2800 1342 2860 heftig
1369 2799 1420 2859 auf
1441 2799 1482 2859 die

1542 2847 1669 2907 klingens
1690 2843 1744 2903 und
1759 2843 1936 2903 Vergehens
1951 2842 1995 2902 für
2015 2840 2054 2900 die
2069 2838 2216 2898 Nachwelt
2232 2836 2467 2896 aufgezeichnet.

543 2865 658 2925 Nerven
685 2864 764 2924 fiel."
791 2861 896 2921 Monty
923 2859 1059 2919 Jacobs
1081 2855 1180 2915 (Voss.
1202 2855 1270 2915 Ztg.
1292 2852 1375 2912 498).

1548 2903 1614 2963 Mar
1636 2900 1811 2960 Hochdorf
1827 2897 1899 2957 (Ab.
1915 2894 2023 2954 Vorw.
2039 2894 2121 2954 496).

547 2927 647 2987 „Kaum
687 2924 763 2984 einer
783 2921 806 2981 in
827 2921 1024 2981 Deutschland
1048 2917 1125 2977 hatte
1145 2917 1251 2977 jemals
1271 2914 1289 2974 so
1314 2912 1357 2972 die
1372 2909 1492 2969 drama¬

1554 2961 1635 3021 „Eine
1659 2959 1730 3019 hohe
1754 2957 1921 3017 Begabung
1945 2955 1978 3015 ist
1998 2954 2030 3014 an
2060 2951 2107 3011 der
2126 2950 2216 3010 engen
2246 2948 2298 3008 und
2327 2945 2474 3005 morbiden

538 2980 623 3040 tische
648 2975 757 3035 Grazie
786 2975 838 3035 und
868 2975 920 3035 das
945 2972 1087 3032 leichteste
1112 2971 1236 3031 Können
1265 2967 1317 3027 vor
1342 2966 1479 3026 schweren

1545 3014 1731 3074 Wirklichkeit
1757 3012 1848 3072 seiner
1874 3011 1944 3071 Zeit
1971 3009 2026 3069 und
2052 3005 2127 3065 ihrer
2153 3003 2350 3063 bedenklichen
2387 2999 2492 3059 Kunst¬

544 3033 593 3093 und
633 3032 895 3092 problematischen
930 3026 1088 3086 Themen.
1123 3023 1286 3083 Schnitzler
1316 3020 1405 3080 spielt
1435 3020 1488 3080 mit

1542 3069 1655 3129 theorie
1680 3064 1866 3124 zerbrochen.
1891 3062 2048 3122 Vielleicht
2073 3058 2215 3118 empfand
2246 3055 2407 3115 Schnitzler
2432 3053 2481 3113 das

546 3086 595 3146 der
618 3085 777 3145 Schwere.
795 3083 836 3143 Er
859 3082 926 3142 hat,
941 3082 995 3142 wie
1022 3079 1163 3139 niemand
1190 3076 1240 3136 auf
1263 3076 1312 3136 der
1336 3073 1485 3133 deutschen

1540 3124 1727 3184 gelegentlich
1758 3117 1859 3177 selbst,
1880 3117 2063 3177 wenigstens
2094 3113 2195 3173 schrieb
2227 3107 2262 3167 er
2288 3107 2312 3167 im
2364 3107 2480 3167 „jungen

550 3142 658 3202 Bühne
683 3139 870 3199 französische
895 3136 1017 3196 Technik
1043 3133 1096 3193 mit
1121 3132 1263 3192 deutschem
1308 3127 1494 3187 Sentiment

1550 3175 1727 3235 Medardus'
1752 3173 1867 3233 einmal
1891 3171 2016 3231 Worte,
2036 3167 2078 3227 die
2103 3166 2155 3226 sein
2189 3163 2280 3223 Leben
2319 3160 2372 3220 und
2401 3157 2487 3217 Werk

545 3196 756 3256 gehandhabt.
776 3194 834 3254 Die
858 3190 1070 3250 Problematik
1089 3187 1152 3247 war
1176 3185 1209 3245 an
1239 3184 1330 3244 Ibsen
1355 3181 1499 3241 geschult.

1549 3232 1713 3292 schlagartig
1746 3226 1900 3286 erhellen:
1929 3224 2013 3284 „Man
2047 3223 2154 3283 könnte
2187 3219 2267 3279 einer
2296 3217 2398 3277 Krone
2427 3213 2492 3273 ent¬

552 3249 817 3309 „Zwischenspiel,
833 3247 872 3307 die
892 3243 1123 3303 Tragikomödie
1143 3239 1192 3299 der
1213 3238 1380 3298 sterbenden
1410 3235 1492 3295 Liebe

1549 3283 1803 3343 gegenträumen,
1822 3282 1839 3342 ja
1867 3282 1930 3342 man
1958 3278 2062 3338 könnte
2086 3276 2117 3336 sie
2140 3273 2285 3333 errungen
2313 3272 2399 3332 haben
2431 3269 2485 3329 und

544 3306 650 3366 zweier
676 3301 854 3361 Menschen,
875 3300 921 3360 die
947 3299 982 3359 an
1013 3297 1058 3357 die
1085 3294 1232 3354 Ewigkeit
1258 3292 1334 3352 ihres
1360 3288 1497 3348 Gefühls

1543 3341 1572 3401 an
1606 3336 1688 3396 einem
1737 3336 1872 3396 späteren
1906 3334 1988 3394 Tage
2023 3330 2192 3390 entdecken,
2212 3325 2264 3385 daß
2299 3325 2352 3385 der
2381 3321 2492 3381 reichste

548 3359 672 3419 glauben
702 3357 830 3417 wollen,
845 3354 878 3414 ist
903 3353 960 3413 eine
985 3351 1138 3411 Tragödie
1163 3348 1215 3408 mit
1235 3347 1498 3407 Tiefenwirkung,

1556 3393 1724 3453 Augenblick
1738 3391 1788 3451 von
1816 3390 1883 3450 allen
1911 3388 1988 3448 einer
2007 3386 2085 3446 war,
2099 3384 2126 3444 da
2149 3381 2212 3441 man
2236 3381 2258 3441 in
2281 3380 2363 3440 einem
2400 3375 2495 3435 Früh¬

553 3414 607 3474 und
642 3410 774 3470 dennoch
823 3408 857 3468 in
898 3405 1123 3465 Puppenspiel.
1153 3402 1241 3462 Ibsen
1286 3400 1354 3460 wird
1394 3399 1487 3459 geistig

1554 3447 1732 3507 lingsgarten
1761 3444 1824 3504 nach
1849 3442 2123 3502 Schmetterlingen
2153 3435 2292 3495 haschte.“
2307 3432 2345 3492 Er
2365 3432 2418 3492 gab
2447 3427 2490 3487 sich

555 3467 708 3527 jongliert.
718 3464 782 3524 Der
802 3461 915 3521 Dichter
936 3460 955 3520 in
980 3458 1138 3518 Schnitzler
1153 3456 1212 3516 gibt
1228 3456 1266 3516 sich
1292 3456 1415 3516 weicher
1430 3452 1479 3512 dem

1551 3500 1600 3560 der
1621 3500 1747 3560 Illusion
1778 3497 1828 3557 der
1849 3496 2042 3556 trügerischen
2072 3489 2259 3549 Wirklichkeit
2280 3488 2345 3548 hin,
2361 3485 2432 3545 statt
2452 3485 2492 3545 die

553 3521 697 3581 Schmerz
721 3518 764 3578 hin
793 3517 836 3577 als
856 3514 966 3574 jemals
995 3512 1043 3572 der
1067 3512 1148 3572 harte
1173 3511 1283 3571 Ibsen.
1303 3506 1379 3566 Aber
1404 3506 1432 3566 er
1457 3504 1499 3564 di¬

1551 3554 1733 3614 Wirklichkeit
1769 3551 1820 3611 der
1856 3549 2054 3609 dichterischen
2090 3546 2222 3606 Illusion
2263 3542 2293 3602 zu
2334 3540 2486 3600 schaffen."

548 3577 689 3637 stanziert
704 3572 746 3632 sich
775 3572 817 3632 als
836 3568 963 3628 Spieler
983 3567 1039 3627 und
1063 3565 1213 3625 Träumer
1233 3563 1284 3623 vor
1303 3562 1350 3622 dem
1388 3560 1506 3620 Einzel¬

1556 3612 1605 3672 Hz.
1627 3611 1683 3671 St.
1700 3609 1810 3669 (Köln.
1828 3605 1983 3665 Volksztg.
2000 3602 2089 3662 500).

556 3631 621 3691 fall,
635 3629 686 3689 wie
705 3629 836 3689 niemals
855 3626 892 3686 ein
916 3623 1027 3683 Ibsen,
1042 3622 1088 3682 der
1103 3620 1238 3680 schwerer
1257 3619 1331 3679 lebte
1351 3616 1401 3676 und
1425 3614 1500 3674 nicht

1438 3688 1443 3748 «
1483 3688 1554 3748 147
1588 3688 1604 3748 )
