3344 4320
188 298 303 358 12.

385 306 858 366 Schnitzler
927 309 966 369 s
1034 308 1266 368 Death

442 431 475 491 P

517 575 603 635 18.
616 585 752 645 N0V.
766 589 838 649 195

273 927 293 987 X
334 934 633 994 Schuitzler-Feter
661 943 673 1003 m
722 949 857 1009 Brünn.
898 957 1101 1017 (Deutsches

217 972 390 1032 Theater.)
416 977 479 1037 Dr.
500 983 603 1043 Guido
629 987 777 1047 GucK
807 995 921 1055 leitete
946 999 996 1059 die
1021 1001 1104 1061 wür¬

219 1013 288 1073 dige
318 1016 411 1076 Feier
437 1023 495 1083 mit
520 1028 663 1088 klugen,
678 1036 934 1096 sachkundigen
964 1045 1092 1105 Worten

219 1058 293 1118 über
322 1058 377 1118 den
410 1067 550 1127 Dichter
579 1073 644 1133 ein.
668 1077 799 1137 Sodann
832 1084 944 1144 wurde
986 1090 1103 1150 „Lie¬

211 1101 357 1161 belei“
394 1110 612 1170 aufgeführt,
648 1120 708 1180 mit
735 1121 815 1181 Lilly
851 1129 1095 1189 Stepanek

211 1142 234 1202 in
267 1144 323 1204 der
348 1150 437 1210 Rolle
465 1154 517 1214 der
546 1163 979 1223 sentimental-tragischen
1008 1177 1106 1237 Chri¬

205 1186 310 1246 stine.
325 1190 388 1250 Der
412 1195 531 1255 jungen
564 1205 802 1265 Darstellerin,
821 1209 867 1269 die
895 1215 959 1275 sich
987 1218 1009 1278 in
1037 1220 1097 1280 das

207 1229 286 1289 echt
309 1237 520 1297 wienerische
552 1245 662 1305 Wesen
693 1248 746 1308 der
773 1252 905 1312 Gestalt
932 1261 1090 1321 vollkom¬

209 1273 278 1333 men
312 1279 481 1339 eingelebt
505 1287 618 1347 hatte,
642 1291 759 1351 gelang
793 1297 839 1357 die
868 1303 1098 1363 dramatische

204 1318 404 1378 Steigerung
431 1327 515 1387 ihres
542 1334 732 1394 Schicksals
754 1340 896 1400 überaus
923 1347 1065 1407 eindring

204 1361 261 1421 lich
300 1365 371 1425 Das
401 1370 525 1430 Wiener
554 1376 635 1436 süße
664 1381 778 1441 Mädel
798 1388 1018 1448 verkörperte
1052 1396 1080 1456 in

223 1505 303 1565 allen
331 1509 461 1569 Phasen
489 1512 564 1572 Frl.
586 1518 824 1578 Kradner,
852 1524 1009 1584 während
1048 1524 1096 1584 die

223 1548 334 1608 beiden
363 1555 503 1615 Amants
527 1557 606 1617 sehr
630 1561 690 1621 gut
709 1563 765 1623 von
793 1564 849 1624 den
878 1566 1004 1626 Herren
1032 1567 1102 1627 L'o¬

219 1593 331 1653 renz
382 1599 445 1659 und
482 1602 599 1662 Koch
649 1607 917 1667 wiedergegeben
954 1610 1103 1670 wurden.

222 1636 325 1696 Unter
351 1640 399 1700 der
424 1643 631 1703 zielsicheren
661 1651 872 1711 Spielleitung
898 1653 961 1713 Dr.
976 1654 1094 1714 Glücks

220 1680 295 1740 übte
329 1684 377 1744 die
404 1688 620 1748 Aufführung
659 1693 745 1753 einen
778 1695 875 1755 tiefen
913 1698 1097 1758 Eindruck.

946 1742 1051 1802 J.N.

316 2208 1043 2268 OBSERVER

406 2270 428 2330 l.
443 2268 565 2328 österr.
575 2272 725 2332 behördl.
739 2273 1039 2333 konzessioniertes

360 2314 595 2374 Unternehmen
623 2312 672 2372 für
695 2312 1085 2372 Zeitungs-Ausschnitte

411 2372 562 2432 WIEN,
584 2375 631 2435 I.,
660 2375 948 2435 WOLLZEILE
991 2375 1038 2435 11

508 2423 726 2483 TELEPHON
765 2426 934 2486 R-23-0-43

307 2569 533 2629 Ausschnitt
555 2566 648 2626 aus:

539 2702 845 2762 Lakalanzeiger,
863 2697 968 2757 Berlin

309 2796 423 2856 vom:

614 2921 704 2981 19.
723 2909 851 2969 NOV.
880 2901 979 2961 1937

332 3064 1031 3124 Schnitzler=Feiern.

359 3160 641 3220 „Professor
680 3159 923 3219 Bernhardi.

288 3214 359 3274 Man
394 3216 455 3276 muß
485 3214 527 3274 die
552 3212 739 3272 Trauerfeste
759 3213 869 3273 feiern,
889 3214 936 3274 wie
961 3211 994 3271 sie
1018 3213 1119 3273 fallen.

250 3256 304 3316 Die
329 3258 535 3318 Gedenkfeiern
560 3255 609 3315 für
629 3255 786 3315 Schnitzler
807 3254 865 3314 sind
890 3253 935 3313 für
960 3255 1003 3315 den
1033 3255 1116 3315 Buß¬

245 3303 289 3363 tag
312 3303 485 3363 aufgespart
503 3299 641 3359 worden,
655 3299 726 3359 weil
744 3299 775 3359 sie
798 3297 828 3357 da
851 3298 900 3358 den
927 3300 1047 3360 Betrieb
1070 3300 1100 3360 am

250 3346 399 3406 wenigsten
422 3345 530 3405 stören.
563 3345 603 3405 So
626 3345 703 3405 hörte
726 3344 785 3404 man
808 3342 912 3402 gestern
939 3344 962 3404 im
994 3343 1116 3403 Deut¬

248 3390 349 3450 schen
403 3388 787 3448 Künstlertheater
836 3387 889 3447 den
942 3387 1115 3447 „Professor

250 3435 455 3495 Bernhardi“,
470 3433 540 3493 diese
569 3432 812 3492 „Tragikomödie
831 3429 882 3489 des
907 3429 1117 3489 Eigensinns“,

254 3477 295 3537 die
318 3476 363 3536 den
391 3476 504 3536 Anlauf
523 3476 572 3536 zum
605 3476 846 3536 Tendenzdrama
870 3475 978 3535 nimmt
997 3473 1047 3533 und
1070 3473 1111 3533 sich

250 3521 320 3581 dann
353 3521 381 3581 in
414 3521 456 3581 ein
489 3519 686 3579 behagliches,
710 3518 766 3578 echt
795 3518 991 3578 wienerisches
1025 3518 1113 3578 Spiel

253 3566 286 3626 um
325 3566 439 3626 Politik
464 3563 516 3623 und
545 3563 626 3623 Tanz
651 3562 775 3622 auflöst.
814 3560 991 3620 Schnitzler,
1010 3562 1058 3622 der
1087 3563 1110 3623 ja

245 3608 277 3668 am
318 3609 432 3669 Beginn
465 3608 560 3668 seiner
588 3608 739 3668 Laufbahn
771 3605 867 3665 selber
895 3605 949 3665 mit
977 3605 1027 3665 von
1064 3604 1109 3664 der

253 3653 356 3713 Partie
384 3653 461 3713 war,
476 3653 598 3713 zeichnet
621 3650 666 3710 die
689 3651 839 3711 ärztlichen
872 3650 962 3710 Typen
995 3648 1026 3708 um
1063 3649 1108 3709 den

247 3696 529 3756 altösterreichischen
602 3694 784 3754 Wurstkessel
847 3693 904 3753 mit
967 3691 1115 3751 klinischer

250 3741 387 3801 Schärfe.
422 3740 466 3800 Es
491 3739 594 3799 gehört
619 3739 667 3799 zum
707 3738 810 3798 Bilde,
830 3737 879 3797 daß
914 3738 992 3798 mehr
1017 3736 1110 3796 Worte

256 3784 429 3844 gewechselt,
443 3784 485 3844 als
509 3784 597 3844 Taten
626 3783 738 3843 gesehen
767 3781 893 3841 werden.
926 3781 987 3841 Der
1011 3781 1118 3841 Kampf

251 3831 282 3891 um
324 3829 369 3889 ein
402 3829 529 3889 Prinzip
566 3826 652 3886 endet
680 3825 693 3885 —
748 3824 802 3884 mit
830 3824 880 3884 dem
926 3826 998 3886 Sieg
1035 3826 1112 3886 einer

253 3871 526 3931 feuilletonistischen
560 3870 685 3930 Pointe.
724 3868 781 3928 Die
810 3868 1011 3928 Schauspieler
1040 3868 1117 3928 Bar¬

253 3917 402 3977 nowskys,
421 3916 477 3976 mit
506 3913 692 3973 Kortner
721 3911 767 3971 als
796 3912 987 3972 Bernhardi,
1006 3912 1108 3972 spielen

252 3960 304 4020 das
328 3962 415 4022 Stück
439 3959 462 4019 im
501 3957 597 4017 Sinne
622 3957 669 4017 des
694 3957 842 4017 Dichters.
877 3957 996 4017 Vorher
1021 3957 1111 4017 sprach

252 4005 331 4065 Egon
365 4004 569 4064 Friedell
598 4002 705 4062 Worte
734 4003 785 4063 des
814 4002 1006 4062 Gedenkens.
1058 4001 1114 4061 Sie

252 4047 347 4107 waren
382 4047 426 4107 rei
478 4047 511 4107 an
547 4047 670 4107 witzigen
705 4046 897 4106 Antithesen,
915 4047 1010 4107 hatten
1045 4044 1112 4104 aber

254 4092 302 4152 der
330 4094 416 4154 Liebe
438 4091 529 4151 nicht.

1485 291 1610 351 box
1682 291 1870 351 44/1

1857 924 2567 984 OBSERVER

1947 984 1965 1044 I.
1979 984 2099 1044 österr.
2113 981 2261 1041 behördl.
2275 978 2575 1038 konzessioniertes

2005 1022 2133 1082 nehmen
2163 1019 2207 1079 für
2232 1019 2622 1079 Zeitungs-Ausschnitte

2327 1405 2403 1465 19.
2423 1410 2518 1470 NOV.
2539 1413 2644 1473 1931

1730 1530 2771 1590 SCHNITZLER-MEMORIAL.

1721 1650 1786 1710 Sein
1822 1646 1989 1706 Gedenken
2021 1647 2104 1707 ehrte
2136 1645 2321 1705 Barnowsky
2353 1641 2569 1701 verdienstlich
2605 1642 2661 1702 und
2688 1640 2842 1700 ernsthaft

1666 1697 1688 1757 im
1734 1692 2006 1752 Künstlertheater
2030 1688 2120 1748 durch
2153 1688 2207 1748 den
2239 1683 2416 1743 „Professor
2444 1686 2653 1746 Bernhardi“.
2685 1686 2739 1746 (Am
2780 1685 2839 1745 Tag

1668 1741 1718 1801 der
1743 1733 2238 1793 republikanisch-erzwungenen
2267 1727 2514 1787 Busse-Musse).

1724 1783 1825 1843 Durch
1854 1779 1910 1839 das
1938 1778 2143 1838 Meisterwerk
2180 1777 2269 1837 unter
2297 1775 2348 1835 den
2386 1775 2600 1835 Zeitstücken.
2637 1774 2702 1834 Das
2731 1773 2846 1833 gebaut

1669 1827 1746 1887 statt
1769 1824 1965 1884 geschmiert
1992 1824 2043 1884 ist.

1720 1871 1803 1931 Auch
1837 1867 1899 1927 wer
1924 1867 1982 1927 nur
2012 1866 2095 1926 einen
2129 1865 2191 1925 Akt
2212 1864 2282 1924 sehn
2312 1864 2445 1924 konnte,
2466 1861 2553 1921 weiss
2583 1861 2633 1921 das
2662 1860 2845 1920 wiederum.

1675 1915 1732 1975 Und
1764 1913 1913 1973 Kortners
1936 1909 2333 1969 herrschend-beherrschte
2360 1906 2452 1966 Kraft
2466 1906 2567 1966 bleibt
2581 1906 2647 1966 hier
2669 1904 2748 1964 nicht
2771 1903 2850 1963 weg¬

1672 1957 1851 2017 zudenken.
1896 1957 1971 2017 Kein
2006 1954 2120 2014 andrer
2151 1952 2182 2012 an
2217 1953 2301 2013 seine
2332 1951 2428 2011 Stelle
2464 1951 2494 2011 zu
2530 1951 2671 2011 denken.
2715 1950 2772 2010 Das
2808 1948 2847 2008 ist

1676 2002 1957 2062 Menschenkunst.

1738 2044 1807 2104 (Der
1832 2046 2054 2106 Schauspieler
2079 2040 2167 2100 Willy
2192 2041 2271 2101 Grill
2292 2040 2375 2100 stand
2410 2038 2459 2098 für
2485 2037 2652 2097 Bressart.)

1731 2141 1782 2201 Die
1815 2140 2020 2200 Gedenkrede
2048 2138 2100 2198 bei
2123 2137 2179 2197 der
2203 2136 2291 2196 Feier
2315 2136 2393 2196 hielt
2412 2133 2492 2193 Egon
2520 2136 2673 2196 Friedell.
2706 2134 2757 2194 Sie
2786 2133 2846 2193 war

1671 2187 1929 2247 ausgezeichnet.
1966 2182 2045 2242 Auch
2075 2181 2241 2241 Schnitzler
2266 2180 2320 2240 kam
2358 2178 2440 2238 darin
2470 2178 2536 2238 vor.

1734 2226 1874 2286 Friedell
1893 2228 1942 2288 bat
1965 2226 2110 2286 zunächst
2129 2225 2174 2285 ein
2201 2223 2337 2283 bisschen
2364 2222 2409 2282 die
2432 2222 2586 2282 Literatur
2610 2220 2659 2280 vor
2678 2219 2849 2279 Schnitzler

1676 2273 1857 2333 vertobakt.
1897 2270 2034 2330 Hernach
2069 2270 2133 2330 fast
2153 2269 2201 2329 ihn
2231 2266 2349 2326 selber.
2393 2265 2486 2325 Nein,
2512 2267 2560 2327 das
2595 2267 2693 2327 nicht.
2733 2264 2845 2324 Jedoch

1678 2315 1704 2375 er
1730 2318 1782 2378 hat
1804 2318 1847 2378 ihn
1878 2318 1916 2378 ..
1934 2315 1951 2375 .
1969 2315 2051 2375 bloss
2078 2312 2294 2372 eingeordnet.

1738 2360 2014 2420 Gewissermassen
2043 2359 2086 2419 als
2106 2356 2445 2416 Friedhofsinspektor,
2460 2354 2512 2414 der
2541 2354 2622 2414 einen
2651 2354 2703 2414 Ort
2723 2353 2770 2413 für
2794 2351 2842 2411 den

1677 2408 1830 2468 Leichnam
1868 2405 2044 2465 bestimmt.

1731 2490 1877 2550 Friedell
1899 2488 1996 2548 puffte
2029 2488 2060 2548 zu
2099 2488 2212 2548 Beginn
2246 2484 2364 2544 Geibel
2391 2484 2450 2544 und
2483 2482 2694 2542 Bodenstedt.
2738 2480 2846 2540 Wurde

1675 2536 1926 2596 zwischendurch
1953 2533 2046 2593 leicht
2064 2530 2262 2590 unangenehm
2298 2527 2395 2587 gegen
2422 2527 2660 2587 Anzengruber.
2696 2524 2757 2584 Hat
2775 2522 2859 2582 hier¬

1680 2579 1750 2639 nach
1778 2578 1857 2638 Paul
1880 2577 1997 2637 Heyse,
2020 2575 2071 2635 wie
2100 2574 2215 2634 üblich,
2234 2571 2458 2631 unterschätzt.
2495 2570 2653 2630 Rempelte
2682 2569 2756 2629 dann
2789 2567 2858 2627 (un¬

1682 2623 1849 2683 zutreffend
1882 2620 1904 2680 in
1940 2618 2040 2678 diesem
2087 2618 2373 2678 Zusammenhang)
2400 2611 2604 2671 Freiligrath.

1738 2665 1799 2725 Und
1829 2665 1952 2725 verging
1977 2664 2029 2724 sich
2058 2663 2120 2723 orst
2139 2661 2206 2721 nach
2230 2658 2330 2718 dieser
2355 2655 2579 2715 Vorbereitung
2608 2656 2636 2716 an
2665 2655 2717 2715 dem
2751 2655 2856 2715 Heim¬

1680 2712 1896 2772 gegangenen.
1968 2707 2064 2767 Durch
2127 2703 2352 2763 Registration,
2405 2703 2616 2763 Eintragung,
2664 2700 2861 2760 Einengung,

1681 2755 1858 2815 Zwängung
1887 2755 1924 2815 ..
1944 2754 1957 2814 .
1976 2752 2013 2812 als
2042 2751 2290 2811 Nurhistoriker.

1743 2846 1812 2906 Wer
1843 2849 1973 2909 sprach?
2029 2846 2119 2906 Nicht
2149 2844 2189 2904 ein
2230 2843 2425 2903 Dolmetsch;
2456 2839 2541 2899 nicht
2571 2839 2616 2899 ein
2652 2838 2862 2898 Dankender;

1685 2894 1769 2954 nicht
1810 2893 1855 2953 ein
1901 2889 2086 2949 Versteher;
2127 2887 2212 2947 nicht
2253 2885 2297 2945 ein
2343 2885 2639 2945 Wiedergestalter;
2680 2882 2765 2942 nicht
2811 2880 2850 2940 ein

1684 2937 1805 2997 Freund
1834 2936 1886 2996 —:
1902 2934 1959 2994 nur
1979 2933 2020 2993 ein
2049 2929 2303 2989 Platzanweiser.

1737 2981 1773 3041 So
1801 2981 1855 3041 kam
1896 2977 1987 3037 etwas
2015 2977 2160 3037 Witziges
2183 2975 2237 3035 und
2265 2974 2360 3034 etwas
2388 2971 2547 3031 Dürftiges
2570 2969 2697 3029 heraus.

1741 3024 1802 3084 Das
1829 3022 2018 3082 verborgene
2045 3021 2243 3081 Kämpfertum
2283 3014 2468 3074 Schnitzlers
2494 3014 2569 3074 blieb
2601 3014 2693 3074 neben
2724 3011 2847 3071 Andrem

1687 3067 1854 3127 übersehn.
1903 3065 1965 3125 Der
1992 3063 2079 3123 Mann
2115 3063 2194 3123 hatte
2230 3061 2318 3121 mehr
2349 3058 2450 3118 Seiten
2486 3058 2547 3118 als:
2574 3058 2626 3118 der
2662 3056 2860 3116 Dramatiker

1683 3112 1772 3172 einer
1800 3111 1890 3171 Stadt
1913 3108 1944 3168 zu
1976 3106 2034 3166 sein

1746 3156 1780 3216 Er
1816 3155 1895 3215 war,
1922 3153 1943 3213 in
1979 3151 2239 3211 umfünglicherem
2288 3146 2375 3206 Sinn,
2407 3145 2450 3205 ein
2486 3145 2631 3205 Arbeiter
2662 3143 2693 3203 an
2733 3142 2785 3202 der
2817 3140 2865 3200 so¬

1688 3199 1859 3259 genannten
1890 3196 2122 3256 Entwicklung;
2141 3193 2171 3253 an
2198 3192 2250 3252 der
2272 3190 2540 3250 Durchleuchtung
2571 3187 2720 3247 irdischer
2743 3184 2870 3244 Seelen.

1749 3243 1807 3303 Der
1835 3241 1907 3301 sehr
1930 3241 2020 3301 kluge
2048 3237 2183 3297 Friedell
2206 3235 2256 3295 hat
2279 3235 2338 3295 mit
2361 3232 2455 3292 Recht
2479 3233 2578 3293 Angst
2601 3231 2650 3291 vor
2678 3232 2727 3292 dem
2768 3228 2867 3288 Rühr¬

1686 3288 1790 3348 samen
1822 3285 1954 3345 gehabt.
1996 3282 2031 3342 Er
2059 3282 2123 3342 rief
2146 3279 2205 3339 sich
2237 3277 2287 3337 zu,
2315 3276 2373 3336 was
2406 3278 2524 3338 Philipp
2561 3276 2678 3336 (glaub'
2702 3273 2770 3333 ich)
2798 3273 2852 3333 dem

1691 3333 1765 3393 Alba
1793 3330 1919 3390 zuruft:
1938 3327 2087 3387 „Toledo,
2106 3323 2152 3383 ihr
2176 3323 2236 3383 seid
2270 3323 2311 3383 ein
2344 3321 2465 3381 Mann!“
2503 3321 2615 3381 Jedoch
2643 3317 2754 3377 Toledo
2783 3315 2862 3375 blieb

1693 3378 1737 3438 ein
1768 3375 1820 3435 gar
1842 3375 1872 3435 zu
1903 3371 2091 3431 knausriger
2118 3369 2223 3429 Mann.

1758 3461 1835 3521 Wird
1867 3460 1898 3520 es
1930 3458 1998 3518 noch
2034 3457 2120 3517 lange
2153 3455 2275 3515 möglich
2311 3453 2392 3513 sein,
2420 3450 2579 3510 wertvolle
2607 3450 2719 3510 Stücke
2747 3448 2869 3508 solcher

1697 3509 1762 3569 Art
1785 3511 1813 3571 zu
1850 3507 1987 3567 spielen?
2032 3505 2103 3565 ...
2126 3500 2286 3560 Bestimmt
2316 3497 2402 3557 nicht
2425 3498 2453 3558 im
2498 3497 2613 3557 Dritten
2650 3497 2737 3557 Reich
2774 3497 2860 3557 (auch

1687 3587 1755 3647 dies
1790 3584 1875 3644 Wort
1902 3582 2004 3642 geit
2030 3577 2086 3637 aus
2120 3575 2171 3635 dem
2219 3569 2408 3629 „welschen“
2442 3566 2562 3626 fascio-
2576 3563 2678 3623 Wort:
2713 3563 2738 3623 la
2782 3560 2862 3620 terza

1688 3632 1795 3692 Italia;
1817 3626 1962 3686 während
1988 3621 2104 3681 Henrik
2134 3618 2220 3678 Ibsen
2246 3614 2336 3674 unter
2362 3613 2413 3673 dem
2452 3611 2572 3671 Dritten
2603 3608 2688 3668 Reich
2719 3605 2765 3665 die
2791 3601 2868 3661 Ver¬

1688 3673 1883 3733 schmelzung
1908 3667 1958 3727 von
1987 3665 2078 3725 Athen
2108 3662 2157 3722 und
2187 3659 2327 3719 Nazareth
2353 3656 2519 3716 verstand;
2536 3654 2548 3714 —
2590 3653 2714 3713 wieviel
2731 3648 2847 3708 Schleim

1693 3718 1768 3778 heut
1794 3715 1827 3775 um
1869 3712 1923 3772 den
1953 3709 2091 3769 gleichen
2120 3704 2229 3764 Laut).

1754 3758 1831 3818 Wird
1870 3754 1900 3814 es
1935 3754 1960 3814 in
1999 3751 2141 3811 Zukunft
2167 3748 2236 3808 noch
2275 3743 2399 3803 erlaubt
2430 3742 2515 3802 sein,
2541 3739 2726 3799 menschlich
2765 3734 2864 3794 ernste

1693 3804 1805 3864 Stücke
1831 3802 1861 3862 zu
1888 3796 2030 3856 spielen?
2078 3793 2112 3853 Es
2138 3789 2233 3849 wird:

1754 3846 1845 3906 Wenn
1883 3842 1925 3902 ein
1959 3838 2079 3898 einiger
2109 3837 2209 3897 linker
2239 3832 2330 3892 Damm
2377 3830 2510 3890 ersteht.

1753 3888 1863 3948 Dieser
1886 3885 1978 3945 Damm
2018 3884 2070 3944 ist,
2088 3881 2136 3941 ist,
2154 3879 2193 3939 ist
2212 3879 2238 3939 zu
2265 3877 2361 3937 bauen
2388 3877 2401 3937 —
2445 3875 2511 3935 fünf
2533 3870 2665 3930 Minuten
2692 3868 2740 3928 vor
2763 3866 2868 3926 Zwöll.

2593 3916 2703 3976 Alfred
2734 3913 2824 3973 Kerr.
