3344 4384
1408 360 1536 420 box
1609 360 1803 420 44/3

308 365 895 425 Schnitzler's
965 360 1193 420 Deatl

110 366 245 426 12.

145 656 614 716 „OBSERVER'

385 703 404 763 1.
425 703 527 763 österr.
545 703 698 763 behördlich
732 703 986 763 konzessioniertes

381 742 587 802 Unternehmen
604 739 646 799 für
661 742 985 802 Zeitungs-Ausschnitte

402 781 493 841 Wienl
506 781 643 841 Wolele
657 781 690 841 l,
703 781 829 841 releghon
853 766 1421 826 eFonntagsbeilage
1459 767 1527 827 der
1575 766 1758 826 Wiener
1783 763 1992 823 Zeitung,
2016 765 2096 825 18.
2120 763 2304 823 Oktober
2340 761 2455 821 1936

2254 872 2400 932 Theodor
2425 870 2559 930 Kramer

240 879 349 939 Otto
397 883 598 943 Fröhlich

2327 969 2489 1029 Letzter
2526 968 2619 1028 Tag
2655 969 2688 1029 im
2751 966 3155 1026 Schrebergarten

575 1023 770 1083 Das
872 1027 1138 1087 weite
1212 1029 1466 1089 Land
1552 1026 1692 1086 der
1764 1023 2032 1083 Seele

2333 1046 2393 1106 Den
2427 1045 2525 1105 Kürbis
2554 1044 2600 1104 hat
2624 1044 2657 1104 ein
2686 1045 2770 1105 Hauch
2799 1044 2841 1104 vom
2879 1043 2987 1103 Strunk
3016 1044 3128 1104 gedreht,

2329 1088 2391 1148 weiß
2420 1088 2496 1148 starrt
2519 1088 2559 1148 die
2582 1088 2690 1148 Narbe,
2709 1086 2745 1146 die
2768 1085 2808 1145 ins
2836 1085 2925 1145 Dürre
2949 1085 3020 1145 geht;

587 1109 636 1169 Zu
679 1112 795 1172 Artur
830 1115 1046 1175 Schnitzlers
1081 1115 1222 1175 fünftem
1274 1115 1474 1175 Todestag
1508 1115 1549 1175 am
1601 1114 1667 1174 21.
1684 1112 1851 1172 Oktober

2337 1132 2419 1192 längst
2447 1133 2597 1193 abgeerntet
2621 1133 2693 1193 steh'n
2726 1131 2840 1191 Spalier
2873 1130 2918 1190 und
2946 1129 3028 1189 Beet.

2334 1193 2397 1253 Der
2421 1193 2645 1253 Schrebergarten
2673 1193 2737 1253 liegt
2760 1193 2782 1253 im
2820 1191 2897 1251 letzten
2930 1190 3016 1250 Glast,

287 1197 392 1257 Artur
417 1199 578 1259 Schnitzler
604 1199 708 1259 schrieb
742 1201 791 1261 ein
824 1204 953 1264 Dutzend
987 1202 1157 1262 Rövellen,
1182 1203 1222 1263 die
1247 1204 1344 1264 Welt
1378 1204 1540 1264 verloren.
1565 1205 1694 1265 Anders
1727 1202 1817 1262 sein,
1842 1201 1890 1261 das
1924 1200 1996 1260 darf
2029 1202 2093 1262 man
2135 1203 2231 1263 unter

2337 1237 2373 1297 die
2401 1237 2492 1297 Stütze
2520 1239 2612 1299 spreizt
2635 1236 2745 1296 verzerrt
2769 1235 2810 1295 den
2842 1235 2925 1295 kahlen
2957 1235 3016 1295 Ast,

234 1244 292 1304 mit
324 1247 372 1307 dem
420 1247 676 1307 psychologischen
719 1250 879 1310 Spürsinn
917 1249 970 1309 des
1008 1251 1140 1311 Arztes,
1168 1250 1226 1310 mit

1258 1251 1495 1311 Gewöhnlichen
1529 1253 1615 1313 sicher
1648 1250 1739 1310 nicht.

2341 1281 2422 1341 scharf
2447 1282 2508 1342 steht
2534 1282 2571 1342 der
2596 1282 2667 1342 Zaun
2702 1279 2745 1339 von
2774 1279 2904 1339 Scherben
2933 1279 3072 1339 eingefaßt.

233 1288 283 1348 der
334 1293 589 1353 nimmermüden
625 1294 798 1354 Phantasie
850 1297 900 1357 des
936 1297 1073 1357 Dichters
1110 1298 1135 1358 in
1171 1297 1221 1357 das

1299 1295 1371 1355 Von
1412 1297 1469 1357 den
1516 1297 1671 1357 „Masken
1718 1295 1780 1355 und
1827 1294 2013 1354 Wundern“
2060 1294 2111 1354 der
2148 1294 2235 1354 Welt

2341 1342 2427 1402 Gerät
2452 1342 2499 1402 und
2529 1342 2624 1402 Karren
2658 1342 2744 1402 lehnen
2774 1339 2797 1399 im
2832 1342 2990 1402 Verschlag;

224 1340 394 1400 mystische,
455 1342 872 1402 unerklärlich-rätselhafte
939 1345 1004 1405 und
1071 1346 1136 1406 doch

1259 1348 1351 1408 hören
1393 1345 1449 1405 wir
1485 1345 1546 1405 nun
1588 1345 1654 1405 eine
1686 1345 1815 1405 Kunde,
1841 1342 1887 1402 die
1918 1342 1979 1402 uns
2016 1344 2133 1404 bewegt
2165 1342 2226 1402 und

2337 1384 2389 1444 hier
2419 1386 2476 1446 noch
2510 1384 2543 1444 ein
2577 1385 2706 1445 Schnitt,
2731 1384 2788 1444 dort
2812 1383 2869 1443 noch
2899 1382 2937 1442 ein
2971 1383 3148 1443 Harkenschlag

228 1387 365 1447 lockende
421 1387 554 1447 Dunkel
605 1390 655 1450 der
712 1391 809 1451 Seele
866 1393 1115 1453 hinabtauchen.
1162 1393 1227 1453 Der

1256 1393 1409 1453 ergreift,
1436 1395 1515 1455 denn
1558 1395 1632 1455 auch
1669 1393 1733 1453 uns
1770 1391 1801 1451 ist
1834 1390 1886 1450 das
1924 1393 2040 1453 Dasein
2083 1393 2136 1453 oft
2168 1393 2231 1453 eine

2339 1429 2385 1489 das
2413 1429 2483 1489 hallt
2507 1429 2553 1489 und
2587 1429 2689 1489 bröckelt
2718 1429 2788 1489 durch
2816 1426 2858 1486 den
2887 1426 3069 1486 Nachmittag.

230 1435 588 1495 Gesellschaftskritiker
632 1438 712 1498 wird
755 1438 814 1498 für
858 1441 926 1501 eine
971 1441 1071 1501 Weile
1116 1439 1211 1499 verab

1256 1444 1369 1504 Quelle
1400 1441 1451 1501 der
1483 1441 1627 1501 Wonne,
1648 1441 1694 1501 oft
1721 1440 1787 1500 eine
1819 1438 1906 1498 Kette
1938 1438 1994 1498 von
2031 1441 2179 1501 Qualen,
2201 1441 2226 1501 es

233 1483 374 1543 schiedet,
403 1483 453 1543 der
487 1484 634 1544 ironische
663 1485 826 1545 Skeptiker
861 1489 973 1549 meldet
1008 1489 1052 1549 sich
1087 1489 1148 1549 nur
1183 1490 1211 1550 in
1257 1492 1380 1552 zwingt
1409 1492 1488 1552 uns,
1505 1492 1635 1552 Masken
1670 1490 1697 1550 zu
1732 1489 1855 1549 tragen,
1879 1489 1912 1549 um
1952 1489 1980 1549 zu
2015 1489 2133 1549 schützen
2167 1490 2229 1550 und

2337 1489 2391 1549 Die
2426 1491 2525 1551 Krume
2560 1492 2688 1552 sprenkelt
2719 1489 2936 1549 schieferfarb'ner
2971 1489 3084 1549 Schein,

2340 1534 2417 1594 leicht
2440 1533 2481 1593 tun
2513 1533 2549 1593 die
2577 1533 2677 1593 Samen
2709 1531 2749 1591 sich
2778 1530 2814 1590 ins
2841 1532 2964 1592 Säckchen
2996 1533 3050 1593 ein;

230 1530 581 1590 Randbemerkungen.
631 1533 695 1593 Die
728 1535 906 1595 Romantik
940 1536 1091 1596 entfaltet
1124 1536 1204 1596 ihren
1255 1539 1286 1599 zu
1325 1539 1476 1599 wahren,
1504 1538 1568 1598 was
1601 1536 1660 1596 uns
1694 1536 1785 1596 teuer
1813 1536 1866 1596 ist,
1910 1536 1975 1596 und
2008 1536 2034 1596 es
2073 1536 2143 1596 läßt
2170 1536 2229 1596 uns

2330 1578 2396 1638 nicht
2420 1578 2477 1638 viel
2502 1578 2530 1638 an
2564 1576 2635 1636 ihnen
2670 1575 2731 1635 wird
2765 1575 2783 1635 zu
2817 1575 2894 1635 sieben
2928 1575 2989 1635 sein.

234 1577 425 1637 betörenden
460 1579 583 1639 Glanz.
607 1581 691 1641 „Wir
726 1583 821 1643 wissen
856 1582 951 1642 nichts
985 1583 1035 1643 von
1070 1584 1205 1644 anderen

1261 1587 1440 1647 manchmal
1467 1586 1540 1646 trotz
1561 1584 1613 1644 der
1640 1584 1729 1644 hellen
1762 1584 1945 1644 Vernunft,
1967 1584 2019 1644 auf
2046 1584 2093 1644 die
2120 1584 2177 1644 wir
2204 1584 2230 1644 so

229 1626 327 1686 nichts
364 1626 421 1686 von
458 1626 556 1686 uns.“
588 1626 681 1686 Diese
713 1629 899 1689 resignierte
926 1632 1124 1692 Erkenntnis
1160 1629 1222 1689 ver¬

1256 1633 1331 1693 stolz
1359 1635 1439 1695 sind,
1461 1635 1482 1695 in
1515 1634 1639 1694 Demut
1661 1632 1715 1692 vor
1742 1632 1828 1692 einen
1861 1632 1990 1692 höheren
2023 1632 2131 1692 Willen
2164 1632 2212 1692 hin

2338 1638 2400 1698 Das
2432 1638 2494 1698 Licht
2521 1636 2562 1696 des
2593 1637 2677 1697 Tages
2703 1637 2791 1697 weicht
2813 1635 2859 1695 aus
2891 1635 2958 1695 Gelb
2985 1635 3031 1695 und
3063 1639 3120 1699 Rot

235 1672 313 1732 liert
362 1673 445 1733 ihren
483 1674 630 1734 Stachel,
673 1676 726 1736 das
763 1677 858 1737 Leben
895 1677 964 1737 ruft
991 1680 1016 1740 in
1054 1680 1096 1740 all
1123 1680 1223 1740 seiner

2340 1682 2379 1742 die
2402 1680 2495 1740 Stille
2518 1681 2602 1741 hängt
2624 1682 2704 1742 herein
2736 1680 2775 1740 als
2802 1678 2851 1738 wie
2878 1679 2909 1739 ein
2940 1681 2997 1741 Lot;

1257 1682 1378 1742 sinken,
1395 1683 1501 1743 mögen
1533 1683 1585 1743 wir
1613 1682 1654 1742 ihn
1687 1680 1750 1740 nun
1777 1681 1898 1741 Zufall,
1915 1680 2137 1740 Bestimmung
2164 1681 2232 1741 oder

229 1721 369 1781 Vielfalt
400 1721 462 1781 und
499 1721 675 1781 Schönheit
707 1721 769 1781 und
806 1725 899 1785 dankt
931 1725 1081 1785 vielleicht
1112 1725 1221 1785 gerade

2341 1724 2382 1784 den
2411 1724 2504 1784 blassen
2537 1724 2626 1784 Bogen
2660 1722 2715 1782 teilt
2744 1724 2776 1784 ein
2805 1722 2936 1782 schwarzer
2965 1723 3077 1783 Schlot.

1249 1725 1338 1785 Gott
1366 1730 1519 1790 nennen.
1546 1729 1716 1789 Schnitzler
1748 1727 1939 1787 formuliert
1971 1727 2072 1787 seinen
2110 1728 2220 1788 ethisch

233 1769 328 1829 jenem
371 1769 465 1829 letzten
503 1767 576 1827 Rest
603 1768 656 1828 von
688 1772 984 1832 Fragwürdigkeit,
1006 1772 1058 1832 der
1085 1772 1222 1832 Mensch¬

1249 1778 1419 1838 religiösen
1467 1778 1690 1838 Standpunkt
1723 1775 1755 1835 in
1798 1775 1850 1835 der
1893 1775 2095 1835 „Dreifachen
2144 1776 2239 1836 War¬

2341 1786 2398 1846 Der
2423 1784 2519 1844 Rechen
2549 1784 2645 1844 kämmt
2669 1784 2702 1844 die
2728 1784 2833 1844 Ranken
2863 1784 2891 1844 an
2921 1784 2959 1844 den
2989 1785 3080 1845 Rand,

235 1817 326 1877 lichem
370 1817 434 1877 nun
467 1816 585 1876 einmal
612 1817 774 1877 anhaftet,
796 1819 882 1879 ihren
915 1819 1049 1879 stärksten
1087 1820 1228 1880 Zauber.
1255 1824 1395 1884 nung".
1411 1823 1475 1883 Der
1503 1826 1696 1886 unsichtbare
1724 1823 1810 1883 Geist
1833 1825 2010 1885 entgegnet
2037 1823 2085 1883 dem
2129 1826 2215 1886 Jüng

2337 1829 2379 1889 das
2412 1829 2473 1889 erste
2498 1829 2639 1889 Zündholz
2659 1829 2715 1889 setzt
2739 1826 2781 1886 den
2815 1826 2885 1886 Mist
2910 1826 2928 1886 in
2962 1828 3056 1888 Brand

234 1865 277 1925 Im
322 1865 459 1925 Schaffen
493 1864 576 1924 jedes
604 1865 791 1925 Künstlers,
814 1866 857 1926 sei
880 1865 913 1925 er
941 1865 990 1925 der
1018 1867 1222 1927 Wirklichkeit
1256 1868 1327 1928 ling
1361 1871 1416 1931 auf
1444 1871 1487 1931 die
1516 1874 1637 1934 Frage,
1660 1875 1720 1935 wer
1748 1874 1780 1934 er
1808 1874 1868 1934 sei:
1891 1873 2062 1933 „Erkannt
2085 1873 2139 1933 hat
2168 1875 2233 1935 mich

2345 1871 2364 1931 im
2400 1871 2496 1931 Wind,
2517 1874 2557 1934 der
2583 1874 2689 1934 anhebt,
2710 1874 2796 1934 zittert
2816 1871 2892 1931 leicht
2913 1873 2948 1933 die
2974 1874 3059 1934 Hand.

233 1911 306 1971 noch
339 1913 364 1973 so
397 1913 465 1973 sehr
497 1913 671 1973 verhaftet,
692 1913 761 1973 gibt
788 1913 819 1973 es
857 1913 920 1973 eine
952 1913 1099 1973 Stunde,
1121 1913 1152 1973 da
1190 1913 1221 1973 er

1250 1916 1316 1976 kein
1353 1916 1544 1976 Sterblicher
1575 1918 1662 1978 noch,
1683 1919 1734 1979 der
1761 1919 1879 1979 Namen
1911 1921 1967 1981 hab
1994 1920 2034 1980 ich
2061 1920 2163 1980 viele,
2179 1920 2235 1980 Be¬

230 1957 289 2017 vor
322 1959 370 2019 sich
403 1958 506 2018 selbst,
550 1960 608 2020 vor
642 1960 696 2020 den
734 1958 875 2018 Freuden
913 1958 978 2018 und
1011 1957 1216 2017 Bitternissen

1250 1963 1430 2023 stimmung
1468 1963 1595 2023 nennen
1638 1966 1712 2026 mich
1750 1963 1797 2023 die
1835 1966 2142 2026 Abergläubischen,

2263 1996 2422 2056 stürmisch
2453 1996 2588 2056 hervor,
2607 1996 2772 2056 schließlich
2802 1996 2920 2056 werden
2962 1999 3038 2059 seine
3068 1999 3239 2059 Gedanken

236 2008 322 2068 jedes
349 2006 446 2066 neuen
484 2007 587 2067 Tages
620 2005 646 2065 in
684 2006 738 2066 das
776 2007 932 2067 Paradies
965 2006 1019 2066 der
1052 2005 1218 2065 Phantasie
1257 2011 1359 2071 Toren
1397 2013 1510 2073 Zufall
1537 2011 1597 2071 und
1635 2013 1678 2073 die
1711 2014 1877 2074 Frommen
1916 2014 2012 2074 Gott.
2035 2015 2169 2075 Denen,
2191 2016 2239 2076 die

2264 2044 2328 2104 von
2361 2044 2447 2104 einem
2485 2044 2582 2104 Wahn
2616 2044 2642 2104 in
2670 2044 2718 2104 die
2745 2044 2820 2104 Irre
2843 2045 3021 2105 getrieben,
3038 2047 3069 2107 er
3097 2047 3248 2107 vergiftet

238 2056 380 2116 flüchtet,
409 2055 680 2115 Wunschträumen
721 2056 913 2116 nachhängt,
942 2056 998 2116 mit
1027 2053 1129 2113 seinen
1163 2053 1208 2113 Ge

1255 2061 1304 2121 sich
1338 2060 1387 2120 die
1415 2060 1536 2120 Weisen
1570 2062 1713 2122 dünken,
1742 2062 1785 2122 bin
1819 2062 1863 2122 ich
1891 2062 1940 2122 die
1968 2062 2084 2122 Kraft,
2107 2062 2156 2122 die
2184 2062 2222 2122 am

2268 2090 2358 2150 Elise
2387 2091 2465 2151 ohne
2494 2092 2601 2152 Reue,
2625 2092 2697 2152 ohne
2732 2091 2890 2151 Skrupel.
2907 2092 2997 2152 Erst,
3015 2095 3060 2155 als
3089 2095 3122 2155 er
3151 2095 3246 2155 Adele

238 2104 342 2164 stalten
371 2104 437 2164 eins
465 2104 515 2164 ist,
532 2104 609 2164 nicht
632 2104 731 2164 fragt,
749 2104 904 2164 sondern,
915 2104 965 2164 dem
1004 2104 1226 2164 Schöpfungs¬

1250 2110 1388 2170 Anfang
1420 2110 1491 2170 aller
1518 2110 1599 2170 Tage
1626 2110 1687 2170 war
1713 2110 1775 2170 und
1801 2110 1909 2170 weiter
1935 2110 2022 2170 wirkt
2043 2110 2223 2170 unaufhalt

2268 2137 2400 2197 trotzdem
2462 2140 2605 2200 verliert
2650 2139 2715 2199 und
2766 2140 2820 2200 der
2854 2140 2970 2200 Pistole
3020 2141 3075 2201 des
3109 2143 3241 2203 Rächers

228 2151 336 2211 drang
363 2150 574 2210 hingegeben,
597 2152 662 2212 nach
689 2152 813 2212 eigenem
858 2152 965 2212 Willen
993 2152 1096 2212 Wesen
1129 2151 1226 2211 bildet

1264 2157 1316 2217 sam
1364 2157 1390 2217 in
1428 2157 1475 2217 die
1502 2157 1661 2217 Ewigkeit
1688 2157 1772 2217 durch
1810 2158 1884 2218 alles
1916 2157 2123 2217 Geschehen.“
2171 2156 2239 2216 Der

2269 2184 2546 2244 gegenübersteht,
2564 2186 2621 2246 erst
2644 2184 2667 2244 im
2714 2188 2876 2248 Angesicht
2900 2189 2951 2249 des
2980 2187 3078 2247 Todes
3102 2189 3176 2249 fällt
3200 2190 3246 2250 die

241 2199 299 2259 und
335 2200 370 2260 sie
400 2198 453 2258 ins
483 2198 582 2258 Glück
607 2198 682 2258 oder
713 2199 741 2259 in
777 2200 830 2260 den
866 2201 931 2261 Tod
961 2201 1072 2261 führt,
1097 2199 1155 2259 wie
1185 2200 1214 2260 es
1250 2207 1414 2267 Jüngling
1456 2206 1520 2266 will
1556 2205 1598 2265 die
1634 2207 1816 2267 Wahrheit,
1846 2205 1886 2265 die
1922 2208 2169 2268 Entscheidung,
2200 2208 2228 2268 de

2268 2232 2384 2292 Maske
2434 2232 2489 2292 von
2528 2234 2627 2294 seinem
2672 2235 2793 2295 Antlitz
2843 2235 2903 2295 und
2932 2235 2964 2295 er
3009 2236 3252 2296 entschwindet,

231 2248 304 2308 eben
338 2248 390 2308 den
430 2247 652 2307 individuellen
687 2247 823 2307 Gesetzen
858 2248 1045 2308 entspricht.

1247 2253 1351 2313 stürzt
1375 2256 1424 2316 er,
1447 2256 1496 2316 „in
1536 2255 1579 2315 ein
1613 2253 1740 2313 Dunkel
1769 2253 1852 2313 darin
1891 2256 1940 2316 die
1969 2256 2085 2316 Nächte
2114 2255 2224 2315 lauern

2272 2282 2340 2342 „ein
2368 2283 2588 2343 Entfühnter,
2616 2283 2643 2343 zu
2679 2283 2747 2343 ihr,
2768 2285 2795 2345 zu
2830 2284 2913 2344 Elise
2941 2286 2988 2346 ins
3016 2286 3140 2346 Nichts,
3161 2286 3250 2346 nach¬

283 2303 541 2363 Wunschträume
563 2301 578 2361 —
628 2303 714 2363 ihnen
747 2304 806 2364 sind
833 2304 881 2364 die
903 2304 1065 2364 seltsamen
1093 2304 1211 2364 Frauen
1249 2301 1302 2361 die
1335 2304 1508 2364 gekommen
1546 2304 1610 2364 sind
1643 2303 1702 2363 und
1740 2301 1870 2361 kommen
1913 2304 2031 2364 werden
2070 2302 2123 2362 vom
2172 2303 2220 2363 An

2262 2331 2321 2391 dem
2359 2328 2389 2388 er
2420 2329 2468 2389 sich
2493 2331 2590 2391 lange
2614 2331 2748 2391 gesehnt
2773 2331 2888 2391 hatte".

239 2349 303 2409 und
331 2352 476 2412 Männer
504 2352 676 2412 verfallen,
698 2352 746 2412 die
768 2352 837 2412 jetzt
860 2352 913 2412 vor
941 2352 1069 2412 unseren
1103 2352 1210 2412 Augen
1254 2351 1366 2411 beginn
1399 2352 1442 2412 bis
1475 2352 1528 2412 zum
1567 2352 1652 2412 Ende
1680 2350 1728 2410 der
1756 2350 1917 2410 Welten“.

2308 2379 2371 2439 Der
2398 2381 2604 2441 Junggeselle
2631 2382 2694 2442 war
2715 2382 2772 2442 für
2792 2381 2876 2441 seine
2902 2384 3050 2444 Freunde
3070 2384 3244 2444 zeitlebens

239 2399 401 2459 nochmals
429 2399 472 2459 ihr
499 2399 645 2459 Schicksal
662 2399 786 2459 erfüllen
825 2399 960 2459 werden,
982 2400 1155 2460 Stäubchen
1183 2399 1210 2459 im

1294 2405 1378 2465 Eine
1408 2405 1557 2465 Rettung
1593 2405 1650 2465 vor
1686 2405 1735 2465 dem
1779 2408 1885 2468 Nichts
1921 2408 1992 2468 gibt
2021 2408 2056 2468 es
2086 2407 2142 2467 für
2178 2409 2227 2469 den
2271 2427 2313 2487 ein
2349 2429 2563 2489 Komödiant.
2599 2429 2648 2489 In
2699 2431 2805 2491 seinem
2870 2430 3048 2490 Testament
3098 2433 3169 2493 will
3213 2434 3240 2494 er

239 2447 407 2507 Kreislauf
439 2447 492 2507 der
524 2447 693 2507 Ewigkeit,
720 2447 794 2507 aber
826 2447 1005 2507 notwendig
1043 2447 1106 2507 und
1143 2446 1222 2506 sinn¬

1252 2454 1425 2514 modernen
1470 2456 1635 2516 Menschen
1673 2455 1817 2515 lediglich
1847 2455 1875 2515 in
1919 2455 1969 2515 der
2006 2456 2230 2516 inbrünstigen
2275 2477 2463 2537 wenigstens
2493 2477 2571 2537 seine
2601 2478 2890 2538 Mittelmäßigkeit
2913 2480 3086 2540 überragen
3123 2480 3180 2540 und
3210 2480 3238 2540 se

240 2495 307 2555 voll
336 2495 387 2555 wie
422 2495 477 2555 das
513 2495 631 2555 kleinste
666 2495 807 2555 Rädchen
848 2496 870 2556 im
921 2498 1034 2558 großen
1069 2495 1137 2555 Bau
1171 2495 1221 2555 der

1254 2506 1397 2566 Hingabe
1429 2503 1460 2563 an
1498 2502 1556 2562 das
1588 2504 1704 2564 Leben.
1736 2504 1804 2564 Uns
1837 2504 1926 2564 selbst
1953 2504 2069 2564 müssen
2108 2505 2165 2565 wir
2192 2507 2239 2567 die

2267 2522 2340 2582 sagt
2363 2522 2391 2582 er
2425 2523 2475 2583 den
2510 2523 2651 2583 Dreien,
2674 2525 2702 2585 er
2731 2525 2804 2585 habe
2833 2528 2900 2588 ihre
2929 2528 3052 2588 Frauen
3087 2528 3256 2588 verführt.

241 2543 451 2603 Weltenuhr.

1252 2552 1360 2612 Treue
1383 2552 1512 2612 halten,
1535 2552 1592 2612 alle
1615 2552 1847 2612 Möglichkeiten
1884 2554 2109 2614 ausschöpfen,
2132 2555 2181 2615 die
2204 2559 2232 2619 in
2269 2569 2443 2629 Wahrheit
2466 2571 2545 2631 oder
2575 2573 2683 2633 Lüge?
2735 2574 2806 2634 Vom
2851 2575 3068 2635 Standpunkt
3113 2576 3249 2636 höherer

280 2598 592 2658 „Dämmerseelen.“
647 2599 803 2659 Zunächst
857 2599 938 2659 zwei
992 2599 1219 2659 merkwürdige
1257 2599 1321 2659 uns
1359 2601 1586 2661 schlummern.
1619 2599 1764 2659 Deshalb
1797 2602 1926 2662 entläßt
1954 2602 2120 2662 Erasmus
2159 2600 2239 2660 seine

2264 2617 2479 2677 Sittlichkeit,
2502 2619 2558 2679 vom
2604 2620 2824 2680 Standpunkt
2870 2620 2921 2680 des
2950 2622 3142 2682 Lebendigen
3199 2625 3232 2685 ge

231 2647 417 2707 Schicksale,
463 2647 513 2707 die
554 2647 644 2707 durch
690 2647 740 2707 die
775 2648 922 2708 ivonische
951 2648 1126 2708 Färbung,
1172 2648 1222 2708 die

1249 2651 1351 2711 junge
1390 2650 1508 2710 Gattin
1552 2650 1730 2710 Dionysia,
1764 2649 1801 2709 sie
1839 2649 1920 2709 darf
1958 2650 2012 2710 dem
2067 2650 2136 2710 Ton
2185 2650 2233 2710 der

2270 2665 2377 2725 sehen,
2400 2666 2434 2726 ist
2457 2665 2490 2725 es
2519 2668 2695 2728 zweifellos
2730 2668 2825 2728 Lüge.
2849 2671 2939 2731 Denn
2974 2671 3042 2731 mag
3071 2671 3121 2731 der
3150 2671 3251 2731 Treu¬

237 2696 332 2756 ihnen
369 2695 538 2755 Schnitzler
587 2695 756 2755 zeitweilig
809 2695 963 2755 verleiht,
1011 2698 1036 2758 in
1091 2695 1222 2755 apartes

1247 2698 1494 2758 „Hirtenflöte"
1527 2698 1651 2758 folgen,
1673 2695 1716 2755 ein
1749 2696 1888 2756 Märchen
1927 2698 1980 2758 von
2019 2698 2126 2758 Liebe,
2148 2698 2239 2758 Glüch

2264 2713 2357 2773 bruch
2385 2714 2506 2774 einmal
2534 2716 2694 2776 begangen
2727 2716 2849 2776 worden
2888 2717 2970 2777 sein,
2987 2719 3108 2779 spätere
3136 2718 3246 2778 Kame¬

234 2743 395 2803 Zwielicht
428 2743 547 2803 gerückt
580 2743 720 2803 werden.
753 2743 833 2803 „Das
872 2746 1022 2806 Schicksal
1050 2744 1103 2804 des
1137 2742 1222 2802 Frei¬

1250 2746 1319 2806 und
1355 2745 1415 2805 Tod
1451 2744 1480 2804 in
1521 2746 1606 2806 einem
1657 2746 1843 2806 Wachtraum
1889 2746 2014 2806 erleben
2055 2746 2119 2806 und
2155 2746 2220 2806 kehr

2260 2761 2424 2821 radschaft
2448 2761 2503 2821 hat
2533 2763 2578 2823 ihn
2618 2764 2833 2824 ausgelöscht.
2874 2764 2941 2824 Und
2970 2764 3049 2824 recht
3100 2765 3242 2825 behalten

238 2791 331 2851 herrn
376 2791 436 2851 von
487 2791 702 2851 Leisenbohg“
747 2791 835 2851 wäre
879 2790 979 2850 Stoff
1024 2791 1084 2851 für
1129 2791 1211 2851 einen
1256 2793 1339 2853 dann
1378 2794 1488 2854 müde,
1510 2795 1637 2855 beladen
1677 2792 1737 2852 mit
1765 2793 1880 2853 Schuld
1915 2794 1975 2854 und
2014 2796 2179 2856 Schicksal,
2202 2797 2235 2857 zu

2269 2809 2434 2869 schließlich
2469 2810 2509 2870 die
2545 2811 2675 2871 Tätigen
2717 2812 2793 2872 nicht
2821 2811 2868 2871 die
2904 2813 3020 2873 Toten.
3055 2814 3144 2874 („Der
3179 2814 3240 2874 Tod

238 2838 416 2898 Satiriker,
438 2841 530 2901 ginge
564 2838 617 2898 der
645 2838 813 2898 treffliche,
841 2839 970 2899 korrekte
1004 2838 1106 2898 Mann
1145 2838 1226 2898 nicht

1254 2842 1336 2902 ihrem
1388 2842 1517 2902 Manne
1554 2841 1683 2901 zurück,
1709 2841 1766 2901 der
1802 2842 1838 2902 sie
1875 2843 1957 2903 ohne
1994 2844 2159 2904 Vorwurf
2190 2841 2226 2901 be

2264 2856 2322 2916 des
2346 2856 2634 2916 Junggesellen".)

237 2888 417 2948 zugrunde.
466 2886 742 2946 Jahrzehntelang
774 2887 875 2947 wirbt
902 2889 933 2949 er
966 2889 1003 2949 um
1051 2889 1093 2949 die
1126 2886 1226 2946 Gunst

1255 2892 1367 2952 grüßt.
1401 2889 1459 2949 Ein
1492 2892 1611 2952 Weiser
1650 2890 1709 2950 wie
1747 2889 1779 2949 er
1817 2890 1936 2950 meint,
1969 2890 2039 2950 doch
2077 2891 2233 2951 Dionysig

2310 2910 2449 2970 Deshalb
2478 2913 2561 2973 wird
2590 2915 2659 2975 auch
2688 2916 2737 2976 der
2766 2917 2849 2977 „tote
2878 2916 3031 2976 Gabriel"
3060 2916 3108 2976 den
3144 2918 3235 2978 Gang

239 2934 326 2994 einer
362 2934 546 2994 Sängerin,
593 2934 665 2994 wird
722 2937 834 2997 immer
891 2937 947 2997 von
1009 2935 1214 2995 glücklicheren
1255 2938 1342 2998 lehrt
1394 2940 1440 3000 ihn
1502 2940 1558 3000 den
1620 2940 1747 3000 tieferen
1805 2940 1891 3000 Sinn
1953 2940 2040 3000 ihrer
2092 2940 2225 3000 innerer

2261 2960 2318 3020 der
2347 2961 2526 3021 Ereignisse
2555 2962 2647 3022 durch
2683 2964 2780 3024 seinen
2821 2964 3017 3024 Selbstmord
3052 2966 3132 3026 nicht
3162 2967 3213 3027 hem

242 2982 377 3042 Rivalen
413 2982 593 3042 verdrängt
624 2982 684 3042 und
719 2983 810 3043 gerät
841 2984 900 3044 just
931 2982 956 3042 in
997 2984 1046 3044 dem
1097 2982 1202 3042 Augen

1251 2988 1439 3048 Wandlung
1478 2988 1661 3048 begreifen:
1694 2988 1764 3048 „Du
1802 2986 1845 3046 ein
1889 2988 2029 3048 Weiser?
2068 2988 2137 3048 Und
2176 2988 2229 3048 haf

2261 3007 2353 3067 men.
2394 3007 2463 3067 Die
2492 3009 2753 3069 Schauspielerin
2812 3012 3014 3072 Wilhelmine
3050 3012 3084 3072 ist
3113 3012 3159 3072 die
3188 3012 3251 3072 Ge¬

239 3028 333 3088 blick,
349 3029 397 3089 als
424 3029 455 3089 er
482 3030 529 3090 die
556 3029 694 3089 Geliebte
721 3029 746 3089 in
784 3029 831 3089 den
869 3029 980 3089 Armen
1017 3029 1097 3089 hält,
1113 3029 1139 3089 in
1171 3029 1218 3089 der

1251 3035 1333 3095 nicht
1365 3035 1520 3095 erkannt,
1546 3035 1602 3095 das
1634 3035 1722 3095 jedem
1769 3035 1981 3095 menschlichen
2023 3035 2136 3095 Dasein
2178 3035 2239 3095 nur

2264 3053 2360 3113 liebte
2388 3056 2485 3116 seines
2512 3056 2679 3116 Freundes
2707 3059 2896 3119 Ferdinand
2923 3059 3085 3119 geworden
3118 3062 3177 3122 und
3204 3061 3236 3121 an

237 3075 332 3135 Bann
372 3078 457 3138 eines
493 3077 643 3137 Fluches,
674 3077 724 3137 den
765 3080 825 3140 sein
866 3078 1107 3138 unmittelbarer
1142 3074 1222 3134 Vor¬

1253 3083 1303 3143 ein
1349 3083 1500 3143 schmaler
1540 3083 1648 3143 Strich
1688 3083 1834 3143 gegönnt
1874 3083 1930 3143 ist,
1953 3083 2015 3143 sein
2049 3083 2156 3143 Wesen
2196 3087 2229 3147 zu

2261 3101 2387 3161 Irene,
2411 3102 2457 3162 die
2492 3104 2537 3164 ihn
2579 3104 2688 3164 liebte,
2711 3105 2763 3165 sah
2792 3104 2826 3164 er
2856 3107 2982 3167 vorbei.
3006 3107 3115 3167 Dieses
3151 3107 3248 3167 Mäd¬

239 3127 360 3187 gänger
387 3127 413 3187 in
445 3126 497 3186 der
519 3125 735 3185 Todesstunde
762 3125 915 3185 ausstieß.
932 3127 1042 3187 Zufall
1064 3125 1132 3185 oder
1165 3123 1206 3183 Be

1250 3133 1409 3193 verstehen
1452 3134 1514 3194 und
1557 3133 1584 3193 zu
1626 3131 1785 3191 erfüllen?
1817 3131 1907 3191 Dort
1939 3133 1986 3193 wo
2018 3131 2077 3191 das
2119 3135 2235 3195 einzige

2265 3150 2328 3210 chen
2386 3149 2483 3209 merkt
2530 3152 2674 3212 entsetzt,
2715 3155 2772 3215 daß
2825 3153 2871 3213 die
2900 3154 3003 3214 beiden
3056 3156 3147 3216 ruhig
3177 3155 3246 3215 ihre

239 3176 429 3236 stimmung,
455 3173 520 3233 wer
551 3173 625 3233 weiß
661 3173 721 3233 es?
772 3174 817 3234 Er
853 3175 917 3235 war
953 3175 1003 3235 der
1039 3173 1214 3233 anmutigen

1254 3184 1312 3244 mit
1344 3182 1465 3242 einmal
1498 3181 1651 3241 geborene
1688 3181 1752 3241 und
1784 3182 1927 3242 niemals
1959 3181 2234 3241 wiederkehrende

2271 3197 2360 3257 Bahn
2418 3199 2703 3259 weiterschreiten,
2751 3200 2845 3260 lachen
2904 3200 2966 3260 und
3019 3200 3140 3260 weinen
3183 3202 3240 3262 und

235 3219 329 3279 Klüre
359 3222 424 3282 nur
460 3221 624 3281 Werkzeug
667 3221 725 3281 und
761 3221 813 3281 dem
861 3222 967 3282 Tenor
1003 3223 1127 3283 Sigurd
1163 3222 1221 3282 erst
1252 3228 1370 3288 Rätsel
1400 3229 1505 3289 seines
1542 3229 1671 3289 Wesens
1701 3229 1730 3289 im
1778 3229 1901 3289 gleichen
1955 3230 2031 3290 Bett
2073 3230 2132 3290 mit
2174 3231 2226 3291 den

2266 3245 2472 3305 aneinander
2498 3246 2635 3306 Gefühle
2661 3246 2723 3306 und
2749 3248 2994 3308 Leidenschaften
3026 3250 3251 3310 vortäuschen,

235 3268 337 3328 recht;
365 3269 434 3329 jetzt
462 3268 515 3328 hat
543 3268 597 3328 der
624 3270 764 3330 ominöse
797 3268 889 3328 Fluch
922 3268 1002 3328 seine
1035 3268 1126 3328 Kraft
1159 3264 1207 3324 ver

1251 3277 1347 3337 hohen
1380 3277 1520 3337 Gesetzen
1553 3276 1715 3336 göttlicher
1743 3275 1802 3335 und
1835 3277 2046 3337 menschlicher
2073 3277 2235 3337 Ordnung

2264 3292 2417 3352 während
2446 3294 2587 3354 Gabriel
2611 3294 2701 3354 unter
2730 3295 2780 3355 der
2804 3295 2883 3355 Erde
2912 3295 2991 3355 liegt
3014 3295 3070 3355 und
3099 3296 3138 3356 sie
3162 3295 3251 3355 selbst

243 3316 329 3376 loren
357 3316 415 3376 und
449 3317 480 3377 sie
503 3317 610 3377 dürfen
638 3317 686 3377 sich
713 3318 859 3378 furchtlos
886 3316 967 3376 ihrer
995 3316 1075 3376 Liebe
1103 3314 1226 3374 freuen.

1257 3328 1371 3388 läuft?
1402 3325 1462 3385 Ein
1494 3325 1668 3385 Liebender
1692 3325 1759 3385 du?
1791 3325 1866 3385 Und
1890 3325 1950 3385 bist
1973 3325 2056 3385 nicht
2080 3325 2171 3385 selbst
2194 3329 2224 3389 an
2271 3337 2331 3397 aus
2362 3342 2513 3402 Haßliebe
2537 3341 2643 3401 seinen
2682 3342 2818 3402 Rivalen
2872 3343 2940 3403 beim
2987 3343 3123 3403 Abschied
3162 3345 3252 3405 küßt.

283 3364 350 3424 Dem
397 3364 535 3424 biederen
572 3364 721 3424 Andreas
748 3364 927 3424 Thameyer
954 3363 1062 3423 ergeht
1088 3364 1113 3424 es
1145 3363 1227 3423 nicht

1254 3377 1346 3437 jenem
1389 3376 1496 3436 fernen
1533 3373 1667 3433 Morgen
1704 3373 1755 3433 ins
1787 3373 1848 3433 Tal
1870 3376 2149 3436 hinabgestiegen,
2170 3373 2216 3433 ein

2273 3388 2324 3448 Ein
2360 3388 2475 3448 Rätsel
2499 3388 2538 3448 ist
2562 3391 2619 3451 das
2649 3391 2915 3451 Menschenherz.

234 3412 348 3472 besser.
370 3413 446 3473 Auch
474 3412 501 3472 er
529 3412 610 3472 nicht
632 3412 801 3472 Hammer,
823 3412 954 3472 sondern
987 3412 1106 3472 Amboß
1134 3412 1221 3472 eines

1257 3427 1346 3487 Flöte
1374 3427 1405 3487 zu
1437 3424 1638 3484 zerbrechen,
1655 3424 1744 3484 deren
1776 3422 1861 3482 Töne
1888 3423 1940 3483 der
1962 3423 2125 3483 Geliebten
2163 3424 2226 3484 Ver

2309 3441 2373 3501 Zum
2421 3442 2568 3502 Schlusse
2598 3441 2668 3501 noch
2704 3439 2751 3499 die
2782 3442 3047 3502 Traumnovellen
3083 3442 3100 3502 —
3153 3447 3247 3507 kurze

238 3461 411 3521 boshaften
471 3460 644 3520 Geschicks.
694 3463 758 3523 Hat
814 3460 900 3520 seine
933 3463 1047 3523 Frau,
1097 3460 1145 3520 die
1178 3460 1220 3520 ein

1252 3473 1400 3533 führung
1427 3471 1585 3531 drohten?
1623 3471 1702 3531 Dein
1735 3471 1819 3531 Herz
1846 3471 1909 3531 war
1941 3471 2042 3531 müd',
2063 3471 2243 3531 Erasmus,

2268 3487 2339 3547 Zeit
2367 3486 2422 3546 vor
2450 3487 2505 3547 dem
2550 3488 2632 3548 Tode
2661 3489 2848 3549 Schnitzlers
2876 3492 3070 3552 erschienen.
3092 3489 3152 3549 Die
3181 3491 3252 3551 ver¬

242 3510 409 3570 schwarzes
447 3507 528 3567 Kind
566 3508 706 3568 gebiert,
734 3510 782 3570 sich
815 3510 988 3570 tatsächlich
1026 3508 1096 3568 bloß
1134 3508 1226 3568 „ver¬

1250 3522 1358 3582 darum
1400 3522 1507 3582 ließest
1534 3519 1569 3579 du
1606 3521 1677 3581 mich
1709 3519 1858 3579 scheiden,
1884 3519 1961 3579 ohne
1993 3519 2080 3579 einen
2117 3519 2240 3579 Kampf

2268 3535 2444 3595 schiedenen
2478 3537 2637 3597 Themen,
2677 3537 2727 3597 die
2757 3537 2807 3597 ihn
2841 3537 2914 3597 stets
2966 3537 3039 3597 aufs
3074 3539 3153 3599 neue
3199 3537 3232 3597 be

242 3558 371 3618 sehen",
394 3557 469 3617 oder
497 3558 610 3618 beging
638 3558 675 3618 sie
708 3558 795 3618 einen
828 3555 1012 3615 Fehltritt?
1034 3558 1212 3618 Gleichviel

1253 3570 1512 3630 aufzunehmen,
1537 3570 1591 3630 der
1616 3568 1743 3628 damals
1773 3567 1841 3627 noch
1871 3567 1954 3627 nicht
1979 3567 2121 3627 verloren
2161 3567 2243 3627 war.

2268 3582 2472 3642 schäftigten,
2496 3585 2615 3645 werden
2655 3582 2683 3642 in
2717 3584 2808 3644 einem
2854 3585 3093 3645 Brennspiegel
3144 3585 3251 3645 einge¬

233 3606 384 3666 Andreas
436 3606 511 3666 kann
547 3604 592 3664 die
618 3603 694 3663 üble
725 3606 881 3666 Nachrede
928 3606 1013 3666 nicht
1059 3606 1206 3666 ertragen

1252 3619 1336 3679 Dein
1374 3617 1468 3677 Geist
1500 3616 1568 3676 war
1601 3615 1748 3675 erwürgt
1791 3615 1817 3675 im
1881 3615 1976 3675 kalten
2024 3615 2224 3675 Krallengrif

2263 3630 2406 3690 fangen.
2445 3633 2594 3693 Fridolin
2650 3631 2710 3691 und
2744 3633 2910 3693 Albertine
2939 3633 2999 3693 sind
3049 3633 3231 3693 verheirate

244 3657 373 3717 schreibt
408 3654 509 3714 seinen
555 3654 679 3714 „letzten
725 3654 838 3714 Brief“
878 3656 940 3716 und
981 3657 1133 3717 erschießt
1167 3657 1212 3717 sich

1251 3668 1317 3728 von
1352 3666 1507 3726 Worten,
1535 3665 1635 3725 darum
1683 3663 1885 3723 vermeintest
1920 3664 1959 3724 du
2007 3663 2067 3723 des
2109 3663 2230 3723 Lebens
2271 3674 2331 3734 und
2365 3678 2574 3738 anscheinend
2602 3678 2756 3738 glücklich.
2784 3679 2831 3739 An
2865 3681 2932 3741 eine
2960 3680 3060 3740 ideale
3095 3681 3223 3741 Gemein

239 3704 295 3764 Ein
330 3704 495 3764 Spielball
519 3704 684 3764 unseliger
713 3704 849 3764 Zufälle.

1247 3716 1441 3776 ungeheure
1480 3716 1588 3776 Fülle,
1621 3713 1674 3773 das
1718 3710 1799 3770 Hin=
1838 3710 1897 3770 und
1941 3710 2136 3770 Widerspiel
2175 3710 2228 3770 von

2268 3725 2362 3785 schaft
2390 3725 2445 3785 von
2478 3726 2584 3786 Mann
2623 3726 2683 3786 und
2717 3725 2800 3785 Frau
2834 3727 2889 3787 hat
2917 3728 3083 3788 Schnitzler
3117 3728 3166 3788 nie
3200 3730 3233 3790 ge

282 3758 324 3818 In
356 3760 409 3820 der
436 3760 691 3820 „Weissagung“
718 3761 791 3821 geht
813 3761 866 3821 der
888 3759 1010 3819 Dichter
1037 3760 1095 3820 mit
1117 3759 1211 3819 vollen

1255 3764 1427 3824 Millionen
1460 3764 1589 3824 Kräften
1622 3761 1649 3821 im
1693 3761 1795 3821 hohlen
1833 3761 1968 3821 Spiegel
1991 3759 2077 3819 einer
2105 3759 2239 3819 Formel

2264 3773 2396 3833 glaubt.
2419 3776 2556 3836 „Keiner
2585 3774 2678 3834 kennt
2701 3773 2755 3833 den
2789 3773 2927 3833 andern,
2950 3776 3032 3836 jeder
3061 3776 3093 3836 ist
3116 3774 3231 3834 allein“

233 3805 333 3865 Ernst
376 3809 412 3869 an
450 3808 496 3868 die
518 3808 735 3868 Geheimnisse
783 3809 835 3869 der
862 3809 956 3869 Seele
1004 3809 1099 3869 heran
1158 3809 1215 3869 und
1258 3815 1490 3875 einzufangen.
1512 3812 1569 3872 Ja,
1586 3812 1675 3872 wärst
1697 3809 1733 3869 du
1760 3808 1950 3868 erschaudert
1972 3807 2024 3867 vor
2051 3809 2098 3869 dem
2141 3809 2235 3869 Hauck

2263 3818 2345 3878 Doch
2379 3821 2423 3881 die
2452 3822 2634 3882 Sehnsucht
2685 3821 2757 3881 nach
2791 3821 2996 3881 Abenteuern
3035 3821 3096 3881 und
3130 3823 3246 3883 Genuß

243 3857 369 3917 schließt
396 3856 526 3916 bewußt
559 3856 616 3916 mit
643 3856 732 3916 einem
774 3858 1021 3918 Fragezeichen.
1043 3857 1110 3917 Der
1143 3857 1226 3917 Hell=
1253 3860 1305 3920 der
1337 3861 1468 3921 tausend
1500 3860 1679 3920 Schicksale,
1700 3857 1752 3917 der
1779 3857 1815 3917 um
1863 3856 1963 3916 meine
1990 3855 2105 3915 Stirne
2132 3858 2226 3918 fließt

2260 3866 2405 3926 brennt,
2433 3869 2464 3929 so
2498 3869 2594 3929 lange
2633 3869 2692 3929 wir
2725 3869 2854 3929 atmen,
2881 3869 2940 3929 wir
2979 3869 3081 3929 wollen
3125 3871 3151 3931 in
3195 3872 3248 3932 ge¬

241 3907 328 3967 seher
355 3905 432 3965 kann
468 3905 520 3965 dem
562 3905 659 3965 Herrn
696 3905 753 3965 von
790 3907 960 3967 Umprecht
987 3905 1038 3965 den
1075 3905 1229 3965 Moment

1256 3913 1281 3973 so
1312 3908 1394 3968 hätt'
1410 3907 1446 3967 ich
1472 3907 1590 3967 bleiben
1622 3906 1729 3966 dürfen
1761 3905 1817 3965 und
1848 3905 1956 3965 unsere
1982 3902 2090 3962 Seelen
2126 3902 2229 3962 wären

2262 3913 2425 3973 steigerten
2463 3916 2684 3976 Augenblicken
2743 3915 2795 3975 den
2827 3916 2911 3976 Sinn
2965 3916 3017 3976 des
3049 3916 3165 3976 Lebens
3197 3916 3228 3976 er

244 3956 344 4016 seines
371 3954 481 4014 Endes
513 3952 560 4012 als
586 3954 691 4014 Vision
723 3955 912 4015 vorgaukeln
950 3955 1012 4015 und
1039 3954 1091 4014 das
1118 3952 1223 4012 Opfer
1255 3957 1412 4017 vielleicht
1455 3954 1649 4014 ineinander
1697 3952 1913 4012 verschmolzen
1971 3951 1997 4011 in
2050 3950 2107 4010 der
2155 3949 2239 4009 Glut

2266 3961 2357 4021 fassen
2396 3962 2460 4022 und
2493 3963 2520 4023 in
2558 3964 2666 4024 seliger
2699 3962 2898 4022 Umarmung
2931 3964 2990 4024 alle
3017 3964 3152 4024 Zweifel
3174 3963 3228 4023 ver

228 4002 365 4062 entgeht
392 4002 450 4062 der
477 4003 694 4063 Weissagung
753 4003 832 4063 trotz
880 4003 1119 4063 verzweifelter
1151 4001 1220 4061 An=
1253 4005 1453 4065 namenloser
1481 4002 1682 4062 Schmerzen.
1704 4000 1745 4060 So
1778 4000 1846 4060 aber
1873 4000 1979 4060 tiefer,
2001 3997 2043 4057 als
2075 3997 2128 4057 vor
2155 3998 2228 4058 allen

2264 4009 2382 4069 gessen.
2410 4011 2522 4071 Uralte
2555 4010 2734 4070 Sehnsucht
2761 4009 2842 4069 jedes
2875 4011 3129 4071 Erdenpilgers,
3157 4012 3242 4072 jedes

241 4053 415 4113 strengung
447 4051 541 4111 nicht.
560 4051 641 4111 Sind
673 4051 728 4111 wir
754 4052 816 4112 also
849 4052 979 4112 unserer
1005 4051 1217 4111 Bestimmung
1255 4053 1386 4113 Masken
1424 4051 1487 4111 und
1513 4051 1675 4111 Wundern
1707 4048 1756 4108 der
1788 4048 1869 4108 Welt
1894 4047 1987 4107 graut
2020 4046 2076 4106 mir
2102 4045 2157 4105 vor
2183 4045 2232 4105 der
2264 4057 2495 4117 Gottsuchers,
2515 4060 2595 4120 heiße
2621 4060 2652 4120 er
2678 4060 2734 4120 nun
2766 4059 2865 4119 Faust
2885 4057 2953 4117 oder
2978 4058 3040 4118 Don
3072 4060 3178 4120 Juan.
3197 4060 3240 4120 So

1250 4101 1426 4161 steinernen
1482 4099 1587 4159 Fratze
1638 4096 1748 4156 deiner
1798 4093 1987 4153 Weisheit.“
2032 4092 2115 4152 Eine
2171 4093 2225 4153 ver

242 4101 398 4161 untertan
431 4101 495 4161 und
528 4101 641 4161 wickelt
669 4101 712 4161 sich
745 4100 842 4160 unser
869 4099 966 4159 Leben
1005 4099 1036 4159 ab
1064 4099 1134 4159 nach
1167 4098 1204 4158 un

2269 4105 2366 4165 stürzt
2390 4108 2430 4168 sich
2459 4105 2604 4165 Fridolin
2633 4105 2685 4165 für
2708 4106 2777 4166 eine
2801 4105 2893 4165 Nacht
2916 4105 2945 4165 in
2969 4106 3020 4166 den
3050 4105 3246 4165 geheimnis¬

232 4146 492 4206 veränderlichen
530 4147 692 4207 Gesetzen,
715 4148 768 4208 die
801 4147 860 4207 wir
888 4148 974 4208 nicht
1002 4146 1207 4206 beeinflussen
1251 4146 1419 4206 nichtende
1473 4144 1597 4204 Absage
1652 4143 1689 4203 an
1750 4140 1944 4200 hochmütige
1983 4139 2226 4199 Überlegenheit

2260 4151 2364 4211 vollen
2398 4153 2525 4213 Trubel
2548 4152 2635 4212 eines
2669 4152 2917 4212 Maskenfestes,
2940 4152 3067 4212 nachdem
3112 4152 3139 4212 er
3172 4152 3227 4212 vor

1251 4194 1304 4254 ein
1342 4193 1754 4253 dichterisch=beschwingtes
1787 4188 1992 4248 Bekenntnis
2025 4191 2078 4251 zum
2127 4188 2219 4248 Leben

243 4195 390 4255 können?
421 4195 484 4255 Der
514 4194 637 4254 Dichter
667 4194 769 4254 bleibt
795 4194 853 4254 uns
888 4195 932 4255 die
962 4195 1045 4255 klare
1075 4194 1208 4254 Antwor

2269 4200 2322 4260 her
2350 4200 2402 4260 ein
2430 4200 2609 4260 Dirnchen,
2655 4203 2698 4263 ein
2726 4203 2860 4263 armes,
2897 4201 2994 4261 liebes
3023 4202 3129 4262 Kind,
3166 4201 3236 4261 eine
