3392 4352
110 318 239 378 12.
302 327 904 387 Schnitzler's
976 328 1206 388 Death

267 969 991 1029 OBSERVER

351 1022 377 1082 I.
391 1022 515 1082 österr.
525 1025 676 1085 behördl.
690 1025 987 1085 konzessioniertes

308 1064 543 1124 Unternehmen
575 1064 624 1124 für
646 1067 1038 1127 Zeitungs-Ausschnitte

369 1122 515 1182 WIEN,
543 1125 589 1185 I.,
616 1128 897 1188 WOLLZEILE
945 1130 991 1190 11

466 1177 677 1237 TELEPHON
711 1177 884 1237 R-23-0-43

264 1318 482 1378 Ausschnitt
510 1318 594 1378 aus:

917 1392 1092 1452 Berlin

343 1392 828 1452 Uhr-Abendblatt

520 1512 857 1572 4.10.1931.

263 1542 374 1602 vom:

464 1652 856 1712 Schnitzler-

380 1738 883 1798 Erinnerungen.

602 1804 669 1864 Von

450 1855 573 1915 Adele
601 1861 820 1921 Sandrock.

266 1906 380 1966 Arthur
404 1913 619 1973 Schnitzler
644 1918 734 1978 lernte
759 1919 792 1979 ich
821 1922 883 1982 nach
912 1924 959 1984 dem
998 1927 1055 1987 Tod

208 1946 292 2006 seines
319 1951 425 2011 Vaters
457 1954 576 2014 kennen,
598 1959 638 2019 als
665 1959 691 2019 er
718 1962 775 2022 mir
798 1965 949 2025 schüchtern
980 1968 1055 2028 einen

208 1990 343 2050 Einakter
367 1995 423 2055 zur
452 1998 563 2058 Lektüre
587 2001 708 2061 brachte.
751 2004 792 2064 An
826 2007 872 2067 der
900 2010 961 2070 Tür
989 2013 1063 2073 sagte

205 2029 250 2089 er,
273 2033 313 2093 als
346 2034 372 2094 er
400 2038 445 2098 sich
472 2042 685 2102 verabschiedete
717 2049 771 2109 „Um
817 2052 916 2112 Gottes
948 2055 1061 2115 willen,

203 2075 286 2135 lassen
315 2078 366 2138 Sie
385 2079 450 2139 mich
479 2085 548 2145 nicht
572 2087 651 2147 auch
675 2091 801 2151 warten!

257 2118 314 2178 Der
348 2122 487 2182 Einakter
521 2130 584 2190 hieß
627 2136 1060 2196 „Abschindssouper“.

261 2159 298 2219 Am
336 2164 456 2224 nächsten
485 2169 541 2229 Tag
569 2171 620 2231 rief
639 2173 671 2233 ich
695 2178 849 2238 Schnitzter
873 2179 900 2239 an
929 2183 984 2243 und
1008 2183 1058 2243 bat

201 2204 234 2264 ihn
268 2204 292 2264 zu
326 2208 398 2268 mir.
422 2213 533 2273 „Aber,
553 2216 687 2276 Doktor,“
707 2219 784 2279 sagte
818 2222 861 2282 ch,
881 2225 962 2285 „was
986 2228 1053 2288 fällt

197 2246 289 2306 Ihnen
323 2249 378 2309 ein,
397 2251 435 2311 ich
463 2254 505 2314 bin
529 2257 589 2317 doch
617 2261 762 2321 Tragödin
795 2261 804 2321 —
847 2264 898 2324 wie
922 2269 992 2329 kann
1020 2271 1052 2331 ich

196 2289 235 2349 ein
275 2291 392 2351 Wiener
427 2297 574 2357 Flitscherl
608 2302 745 2362 spielen!“
780 2302 794 2362 —
854 2309 927 2369 „Sie
962 2312 1040 2372 sollen

194 2331 251 2391 mir
282 2334 339 2394 nur
371 2339 428 2399 Ihr
459 2341 556 2401 Urteil
583 2344 680 2404 sagen.
725 2347 791 2407 Seit
822 2347 897 2407 einem
947 2354 1043 2414 halben

198 2375 269 2435 Jahr
293 2377 356 2437 läßt
379 2381 442 2441 mich
469 2383 660 2443 Blumenthal
678 2389 728 2449 vom
764 2392 900 2452 Berliver
928 2398 1049 2458 Lessing¬

192 2419 311 2479 Theater
347 2422 400 2482 auf
431 2425 573 2485 Antwort
604 2431 733 2491 warten.
778 2434 897 2494 Warten
934 2440 968 2500 ist
1000 2440 1048 2500 für

191 2460 267 2520 einen
300 2465 500 2525 Schriftsteller
523 2471 636 2531 tödlich.

251 2503 287 2563 Am
335 2508 456 2568 nächsten
494 2514 555 2574 Tag
583 2515 696 2575 brachte
724 2518 752 2578 er
785 2520 846 2580 mir
879 2524 930 2584 sein
964 2527 1052 2587 Stück

192 2547 270 2607 „Das
310 2551 483 2611 Märchen“.
528 2558 581 2618 Ich
617 2559 715 2619 spielte
750 2559 779 2619 es
814 2562 839 2622 im
893 2568 1040 2628 Deutschen

186 2590 398 2650 Volkstheater,
429 2595 469 2655 wo
505 2599 540 2659 ich
576 2601 606 2661 es
642 2602 686 2662 bei
717 2605 854 2665 Direktor
890 2610 1040 2670 Bucowicz

184 2634 366 2694 durchgesetzt
385 2638 480 2698 hatte.
518 2642 576 2702 Der
604 2644 704 2704 Erfolg
732 2648 791 2708 war
819 2653 932 2713 mäßig.

240 2676 321 2736 Stets
360 2679 403 2739 lag
450 2682 514 2742 aber
549 2685 596 2745 dem
644 2688 751 2748 Dichter
782 2691 832 2751 das
872 2696 1047 2756 „Abschieds¬

183 2721 303 2781 souper“
324 2721 353 2781 am
395 2726 515 2786 Herzen,
537 2728 586 2788 und
616 2729 678 2789 weil
695 2732 724 2792 er
745 2732 791 2792 bei
812 2735 853 2795 all
878 2738 961 2798 seinen
991 2738 1044 2798 Be¬

183 2762 265 2822 suchen
312 2763 415 2823 immer
445 2769 556 2829 darauf
594 2774 769 2834 zurückkam,
807 2780 881 2840 sagte
911 2781 943 2841 ich
981 2782 1022 2842 ihm

177 2805 340 2865 schließlich:
367 2810 450 2870 „Also
486 2813 534 2873 zum
583 2817 816 2877 Donnerwetter,
843 2823 913 2883 dann
953 2827 1023 2887 werd

180 2848 211 2908 ich
239 2847 265 2907 es
298 2850 398 2910 spielen
435 2853 443 2913 —
494 2858 553 2918 Ihr
581 2860 831 2920 Abschiedssouper
864 2867 954 2927 hängt
982 2870 1036 2930 mir

179 2889 243 2949 schon
278 2894 320 2954 zum
359 2895 427 2955 Hals
454 2900 591 2960 heraus!“
626 2903 664 2963 Im
703 2904 815 2964 Wiener
837 2910 1038 2970 Sophiensaal

177 2932 266 2992 spielte
288 2936 322 2996 ich
344 2938 413 2998 dann
443 2940 464 3000 in
486 2941 563 3001 einer
589 2944 714 3004 Matinec
731 2947 774 3007 die
796 2950 886 3010 Annie
908 2953 929 3013 im
968 2955 1036 3015 „Ab¬

174 2978 404 3038 schiedssouper".
467 2986 524 3046 Der
569 2988 671 3048 Erfolg
720 2989 781 3049 war
826 2995 901 3055 ganz
946 2999 1039 3059 groß.

170 3022 440 3082 Schildkraut
464 3028 510 3088 gab
539 3028 581 3088 den
609 3031 740 3091 Kellner.
778 3036 829 3096 Die
852 3037 946 3097 Presse
970 3042 1030 3102 war

174 3066 306 3126 herzlich.

224 3108 347 3168 Darauf
370 3111 413 3171 kam
458 3115 608 3175 „Liebelei“
635 3118 656 3178 im
701 3124 895 3184 Burgtheater
922 3126 1027 3186 heraus

222 3147 256 3207 ich
279 3152 393 3212 kreierte
415 3155 459 3215 die
477 3159 631 3219 Christine.
667 3163 719 3223 Die
742 3165 829 3225 beiden
856 3167 939 3227 ersten
966 3168 1027 3228 Akte

166 3193 238 3253 fielen
280 3197 424 3257 sozusagen
461 3200 511 3260 ab.
552 3204 706 3264 Schnitzler
748 3207 802 3267 lief
839 3210 933 3270 hinter
975 3212 1024 3272 der

164 3236 254 3296 Szene
277 3240 390 3300 traurig
418 3243 535 3303 umher.
567 3247 617 3307 Ich
645 3249 717 3309 selbst
740 3251 798 3311 war
822 3253 894 3313 nicht
917 3255 1025 3315 minder

165 3279 301 3339 verstört,
328 3282 394 3342 aber
425 3285 540 3345 plötzlich
571 3288 615 3348 kam
655 3291 725 3351 mir,
757 3294 800 3354 als
836 3294 871 3354 ich
903 3297 955 3357 auf
978 3298 1021 3358 der

163 3322 262 3382 Bühne
290 3324 385 3384 stand,
417 3328 466 3388 der
494 3330 617 3390 Einfall,
644 3333 689 3393 den
735 3337 839 3397 großen
876 3339 1021 3399 Ausbruch

161 3362 203 3422 der
222 3367 367 3427 Christine
387 3371 410 3431 im
448 3374 532 3434 letzten
556 3374 607 3434 Akt
626 3377 696 3437 ohne
716 3380 828 3440 jegliche
847 3385 1026 3445 Bewegung,

157 3407 213 3467 auf
232 3410 307 3470 einem
349 3413 424 3473 Fleck
452 3416 573 3476 stehend,
597 3418 620 3478 in
658 3421 774 3481 höchster
798 3426 1017 3486 Erschütterung

160 3452 186 3512 zu
218 3452 337 3512 spielen.
377 3456 448 3516 Nach
479 3458 522 3518 dem
568 3461 660 3521 Fallen
696 3462 740 3522 des
771 3466 930 3526 Vorhangs
957 3470 1019 3530 war

154 3494 203 3554 der
226 3497 321 3557 Jubel
339 3500 457 3560 enorm.
494 3503 556 3563 Von
589 3505 615 3565 da
648 3506 674 3566 ab
707 3508 765 3568 war
788 3512 942 3572 Schnitzler
970 3512 1014 3572 der

157 3539 246 3599 große
267 3538 357 3598 Mann

209 3576 261 3636 Bei
286 3582 324 3642 all
353 3586 459 3646 meinen
493 3592 665 3652 Gastspielen
700 3592 723 3652 in
752 3595 926 3655 Oesterreich
960 3598 1012 3658 und

149 3625 335 3685 Deutschland
369 3631 469 3691 spielte
498 3631 531 3691 ich
570 3635 670 3695 immer
700 3637 732 3697 an
776 3638 852 3698 einem
910 3643 1005 3703 Abend

151 3667 304 3727 „Liebelei“
328 3670 380 3730 und
410 3676 703 3736 „Abschiedssouper“.
718 3681 799 3741 Viele
823 3685 1005 3745 Kolleginnen

147 3709 230 3769 haben
263 3712 291 3772 es
324 3714 384 3774 mir
417 3719 622 3779 nachgemacht.
665 3723 818 3783 Schnitzler
846 3728 920 3788 sagte
954 3729 1004 3789 mir

143 3752 213 3812 aber
237 3754 278 3814 oft
302 3756 353 3816 und
377 3759 437 3819 oft:
456 3762 558 3822 „Keine
582 3764 633 3824 hat
652 3764 703 3824 dich
732 3768 917 3828 erreicht...

205 3801 262 3861 Das
289 3804 429 3864 letztemal
448 3807 487 3867 sah
514 3810 548 3870 ich
571 3810 681 3870 Arthur
704 3816 857 3876 Schnitzler
880 3817 919 3877 bei
942 3819 994 3879 mei

141 3843 189 3903 nem
229 3843 371 3903 Gastspiel
391 3847 411 3907 in
444 3850 516 3910 Wien
545 3852 564 3912 im
606 3856 820 3916 vergangenenn
853 3860 929 3920 Mai.
962 3858 1001 3918 Er

144 3885 185 3945 saß
215 3883 239 3943 in
265 3885 315 3945 der
336 3888 419 3948 ersten
449 3893 646 3953 Parkettreihe
672 3897 692 3957 im
730 3900 876 3960 Teutschen
906 3905 1010 3965 Volks¬

144 3923 265 3983 theater.
302 3928 352 3988 Ich
375 3929 474 3989 spielte
497 3934 519 3994 in
552 3936 737 3996 „Bunburg“.
774 3943 928 4003 Schnitzler
951 3947 1018 4007 sah¬

144 3962 253 4022 traurig
287 3968 339 4028 und
369 3971 492 4031 gealtert
512 3976 579 4036 aus.
613 3980 875 4040 Schicksalsschläge
899 3989 994 4049 mögen

144 4002 184 4062 ihn
218 4010 361 4070 gebrechen
399 4016 505 4076 haben.

1398 330 1533 390 box
1614 333 1796 393 44/2

2399 1420 2494 1480 Ra

1693 1431 2241 1491 OBSERV

1786 1490 1812 1550 I.
1826 1488 1941 1548 österr.
1955 1485 2100 1545 behördl.
2115 1482 2411 1542 konzessioniertes

1739 1529 1970 1589 Unternehmen
2002 1527 2047 1587 für
2075 1524 2461 1584 Zeitungs-Ausschnitte

1791 1586 1940 1646 WIEN,
1969 1588 2015 1648 I.,
2043 1586 2329 1646 WOLLZEILE
2371 1585 2417 1645 11

1887 1640 2105 1700 TELEPHON
2137 1637 2313 1697 R-23-0-43

1696 1786 1912 1846 Ausschnitt
1931 1778 2066 1838 ausee
2086 1769 2211 1829 Fiel
2358 1762 2420 1822 Me

2018 1912 2040 1972 2
2066 1919 2125 1979 5.
2138 1932 2257 1992 OKT.
2283 1947 2378 2007 1931

1696 2012 1806 2072 vom:

1689 2070 1830 2130 (Arthur
1865 2073 2033 2133 Schnitzler
2067 2076 2108 2136 als
2134 2082 2395 2142 Schauspielex.)
2429 2086 2504 2146 Eine
2530 2090 2622 2150 Dame
2656 2091 2706 2151 der

1585 2109 1698 2169 Wiener
1714 2115 2117 2175 Gesellschaft-schreitnne.
2133 2124 2195 2184 Der
2221 2125 2272 2185 Tod
2304 2128 2412 2188 Arthur
2433 2133 2707 2193 Schnitzlers,

1587 2150 1631 2210 des
1661 2155 1857 2215 unsterblichen
1892 2159 2019 2219 Dichters
2054 2162 2108 2222 und
2138 2164 2221 2224 echten
2257 2171 2507 2231 Adelsmenschen,
2527 2174 2635 2234 versetzt
2665 2176 2704 2236 die

1581 2197 1666 2257 ganze
1697 2198 1980 2258 Kulturmenschheit
2016 2203 2040 2263 in
2082 2205 2147 2265 tiefe
2178 2208 2309 2268 Trauer.
2335 2213 2421 2273 Ganz
2452 2215 2603 2275 besonders
2644 2218 2694 2278 weh

1585 2236 1646 2296 ober
1676 2237 1709 2297 ist
1733 2240 1809 2300 heute
1834 2240 1919 2300 denen
1949 2246 2078 2306 zumute,
2102 2246 2140 2306 die
2170 2248 2217 2308 das
2241 2252 2327 2312 Glück
2357 2256 2471 2316 hatten,
2491 2258 2572 2318 diesem
2616 2261 2706 2321 edlen,

1581 2280 1748 2340 vornehmen
1786 2285 1917 2345 Manne,
1941 2287 2024 2347 dieser
2057 2290 2230 2350 Elitenatur
2258 2294 2337 2354 durch
2370 2297 2538 2357 persönliche
2571 2302 2706 2362 Freund¬

1585 2321 1663 2381 schaft
1683 2324 1840 2384 verbunden
1870 2330 1894 2390 zu
1924 2330 1992 2390 sein.
2012 2330 2100 2390 Seine
2125 2334 2384 2394 Empfänglichkeit
2409 2338 2453 2398 für
2478 2340 2571 2400 Kunst
2591 2344 2698 2404 kannte

1581 2362 1659 2422 keine
1683 2364 1827 2424 Grenzen.
1842 2368 1878 2428 In
1907 2371 1953 2431 den
1977 2374 2111 2434 achtziger
2135 2374 2186 2434 und
2215 2378 2363 2438 neunziger
2387 2382 2489 2442 Jahren
2517 2383 2559 2443 des
2583 2385 2694 2445 vorigen

1580 2406 1798 2466 Jahrhunderts
1823 2410 1880 2470 war
1904 2414 2014 2474 Arthur
2038 2417 2210 2477 Schnitzler,
2224 2419 2271 2479 der
2291 2422 2439 2482 zeitlebens
2468 2425 2515 2485 mit
2540 2428 2701 2488 schwärme¬

1571 2448 1671 2508 rischer
1700 2451 1782 2511 Liebe
1811 2452 1844 2512 am
1888 2455 2084 2515 Burgtheater
2123 2460 2210 2520 hing,
2239 2461 2291 2521 von
2335 2464 2412 2524 ganz
2451 2467 2613 2527 besonderer
2643 2470 2700 2530 Be¬

1581 2491 1736 2551 geisterung
1766 2494 1811 2554 für
1842 2495 1927 2555 dieses
1958 2500 2169 2560 Kunstinstitut
2200 2503 2310 2563 erfüllt,
2335 2506 2380 2566 das
2411 2509 2441 2569 ja
2472 2509 2582 2569 damals
2622 2512 2697 2572 seine

1576 2532 1733 2592 Hochblüte
1762 2535 1876 2595 erlebte.
1901 2538 2024 2598 Damals
2053 2542 2115 2602 war
2139 2544 2186 2604 dem
2230 2547 2420 2607 Burgtheater
2450 2549 2506 2609 eine
2536 2553 2693 2613 glanzvolle

1576 2573 1684 2633 Epoche
1714 2577 1885 2637 beschieden,
1910 2579 1949 2639 die
1984 2583 2033 2643 uns
2073 2583 2131 2643 noch
2166 2586 2249 2646 heute
2280 2589 2303 2649 in
2343 2589 2387 2649 der
2417 2591 2608 2651 Erinnerung
2643 2595 2692 2655 ans

1575 2613 1653 2673 Herz
1678 2618 1776 2678 greift.
1801 2619 1860 2679 Von
1895 2621 1938 2681 den
1973 2626 2208 2686 hervorragenden
2243 2631 2419 2691 Künstlern,
2440 2633 2483 2693 die
2509 2636 2621 2696 damals
2651 2637 2680 2697 am

1575 2658 1765 2718 Burgtheater
1793 2662 1933 2722 wirkten,
1952 2667 2040 2727 waren
2073 2667 2096 2727 es
2124 2670 2175 2730 vor
2199 2672 2268 2732 allem
2311 2673 2352 2733 die
2376 2675 2520 2735 berühmte
2549 2679 2692 2739 Tragödin

1577 2700 1725 2760 Charlotte
1757 2705 1937 2765 Wolter,
1968 2709 2009 2769 die
2041 2712 2159 2772 graziöse
2195 2715 2288 2775 Stella
2325 2717 2587 2777 Hohenfels,
2613 2720 2695 2780 dieser

1575 2742 1712 2802 Backfisch
1747 2744 1795 2804 von
1830 2747 1933 2807 Gottes
1968 2750 2104 2810 Gnaden,
2134 2753 2188 2813 und
2223 2753 2267 2813 der
2302 2758 2571 2818 Herzenbezwinger
2606 2762 2699 2822 Ernst

1573 2786 1831 2846 Hartmann,
1856 2789 1904 2849 für
1933 2792 1976 2852 die
2005 2794 2047 2854 sich
2081 2795 2129 2855 der
2159 2795 2249 2855 junge
2278 2800 2432 2860 Schnitzler
2461 2802 2609 2862 besonders
2652 2802 2700 2862 be¬

1572 2828 1714 2888 geisterte.
1735 2831 1847 2891 Arthur
1872 2832 2029 2892 Schnitzler
2055 2837 2113 2897 war
2139 2839 2167 2899 so
2193 2840 2266 2900 schön
2306 2840 2355 2900 und
2385 2844 2621 2904 liebenswürdig,
2646 2848 2695 2908 daß

1573 2867 1627 2927 alle
1653 2872 1783 2932 Mädchen
1814 2873 1859 2933 für
1885 2874 1924 2934 ihn
1955 2877 2151 2937 schwärmten,
2171 2882 2226 2942 und
2252 2882 2282 2942 er
2307 2884 2397 2944 fühlte
2423 2885 2463 2945 sich
2493 2889 2583 2949 Ernst
2604 2888 2699 2948 Hart¬

1575 2910 1659 2970 mann
1692 2915 1963 2975 wesensverwandt,
1986 2920 2070 2980 dessen
2103 2921 2200 2981 Kunst
2229 2923 2256 2983 in
2290 2925 2336 2985 ihm
2383 2928 2416 2988 ein
2453 2929 2593 2989 lebhaftes
2621 2931 2695 2991 Echo

1576 2952 1651 3012 fand.
1671 2955 1711 3015 Er
1737 2956 1812 3016 hatte
1838 2956 1877 3016 die
1903 2961 2069 3021 Fähigkeit,
2090 2965 2215 3025 Tonfall
2241 2965 2291 3025 und
2317 2968 2447 3028 Gebärde
2473 2971 2518 3031 des
2544 2974 2689 3034 gefeierten

1576 2998 1782 3058 Schauspielers
1813 2998 1833 3058 in
1865 2999 1885 3059 so
1911 3003 2081 3063 frappanter
2108 3004 2195 3064 Weise
2221 3010 2464 3070 wiederzugeben,
2485 3014 2531 3074 daß
2562 3016 2624 3076 man
2655 3016 2696 3076 die

1573 3036 1659 3096 Kopie
1688 3040 1736 3100 vom
1780 3043 1923 3103 Original
1952 3046 2024 3106 kaum
2072 3051 2274 3111 unterscheiden
2313 3052 2433 3112 konnte.
2457 3055 2500 3115 In
2534 3058 2677 3118 geselligem

1571 3079 1656 3139 Kreis
1686 3084 1822 3144 versuchte
1853 3088 1893 3148 sich
1929 3088 2079 3148 Schnitzler
2110 3090 2151 3150 oft
2181 3093 2221 3153 als
2252 3094 2468 3154 Schauspieler,
2494 3100 2690 3160 hauptsächlich

1572 3121 1610 3181 als
1629 3124 1849 3184 Doppelgänger
1873 3126 1916 3186 des
1950 3129 2184 3189 verführerischen
2213 3135 2409 3195 Salonhelden
2438 3138 2624 3198 Hartmann.
2648 3142 2686 3202 In

1573 3163 1656 3223 seiner
1681 3168 1985 3228 Theaterleidenschaft
2006 3171 2094 3231 stellte
2119 3174 2163 3234 sich
2188 3177 2345 3237 Schnitzler
2370 3180 2399 3240 an
2429 3180 2472 3240 die
2498 3181 2590 3241 Spitze
2616 3183 2689 3243 einer

1566 3206 1673 3266 kleinen
1708 3208 1825 3268 Gruppe
1856 3212 1904 3272 von
1934 3217 2297 3277 Amateurschauspielern,
2322 3221 2361 3281 die
2386 3221 2410 3281 in
2440 3223 2557 3283 lustigen
2592 3224 2689 3284 Haus¬

1569 3251 1883 3311 theatervorstellungen
1918 3255 1982 3315 ihre
2012 3259 2243 3319 darstellerischen
2283 3264 2464 3324 Fähigkeiten
2504 3267 2602 3327 übten.
2632 3265 2695 3325 Mit

1573 3291 1654 3351 seiner
1683 3294 1806 3354 koketten
1840 3297 2002 3357 Stirnlocke
2031 3300 2126 3360 wußte
2151 3304 2308 3364 Schnitzler
2342 3306 2389 3366 auf
2413 3306 2604 3366 bezaubernde
2633 3307 2690 3367 Art

1568 3330 1613 3390 den
1645 3335 1780 3395 eleganten
1817 3338 1989 3398 Bonvivant
2012 3341 2034 3401 im
2080 3344 2333 3404 Hartmann=Stil
2356 3347 2383 3407 zu
2415 3348 2600 3408 verkörpern.
2623 3348 2681 3408 Der

1564 3375 1745 3435 bestrickende
1774 3380 1932 3440 Wohllaut
1961 3383 2013 3443 von
2048 3386 2224 3446 Schnitzlers
2258 3388 2387 3448 Stimme
2422 3389 2474 3449 kam
2522 3389 2574 3449 auf
2603 3389 2684 3449 dieser

1568 3419 1807 3479 Amateurbühne
1841 3424 1865 3484 zu
1904 3425 2076 3485 vollendeter
2110 3428 2273 3488 Wirkung.
2321 3429 2493 3489 Schnitzlers
2527 3431 2685 3491 melodische

1565 3460 1693 3520 Stimme
1733 3461 1796 3521 übte
1836 3464 1865 3524 ja
1911 3467 1974 3527 auch
2019 3468 2043 3528 im
2098 3470 2240 3530 Gespräch
2285 3470 2358 3530 ihren
2409 3473 2679 3533 unwiderstehlichen

1573 3503 1695 3563 Zauber.
1715 3505 1774 3565 Die
1799 3506 1897 3566 noble,
1917 3511 2123 3571 überzeugende
2148 3512 2222 3572 Art,
2242 3512 2290 3572 mit
2316 3512 2359 3572 der
2385 3513 2414 3573 er
2439 3514 2507 3574 seine
2532 3516 2679 3576 Ansichten

1564 3549 1592 3609 zu
1626 3546 1765 3606 vertreten
1799 3547 1914 3607 pflegte,
1938 3550 2053 3610 gewann
2092 3552 2135 3612 ihm
2183 3552 2236 3612 alle
2265 3553 2394 3613 Herzen.
2419 3553 2509 3613 Wenn
2544 3558 2586 3618 ihm
2635 3559 2682 3619 zur

1565 3588 1799 3648 Verdeutlichung
1833 3590 1905 3650 eines
1939 3592 2111 3652 Gedankens
2155 3592 2207 3652 das
2237 3595 2327 3655 Wort
2366 3597 2438 3657 nicht
2481 3598 2505 3658 zu
2553 3598 2677 3658 genügen

1565 3628 1663 3688 schien,
1688 3631 1712 3691 so
1743 3631 1811 3691 setzte
1841 3632 1865 3692 er
1895 3633 1939 3693 sich
1974 3634 2022 3694 ans
2058 3634 2175 3694 Klavier
2205 3635 2254 3695 und
2289 3637 2397 3697 brachte
2423 3637 2471 3697 sein
2506 3640 2678 3700 Empfinden

1565 3670 1588 3730 in
1617 3673 1746 3733 Klängen
1775 3675 1823 3735 zum
1861 3674 2024 3734 Ausdruck.
2044 3674 2115 3734 Sein
2139 3679 2239 3739 ganzes
2269 3678 2359 3738 Wesen
2393 3680 2449 3740 war
2474 3682 2584 3742 Musik.
2623 3682 2679 3742 Die

1564 3715 1754 3775 bezwingende
1802 3718 1932 3778 Anmut,
1974 3715 2016 3775 die
2063 3718 2174 3778 Arthur
2226 3720 2398 3780 Schnitzlers
2445 3722 2561 3782 Jugend
2613 3720 2678 3780 um¬

1565 3756 1746 3816 schimmerte,
1770 3756 1826 3816 lebt
1855 3756 1877 3816 in
1910 3757 2022 3817 unserer
2051 3759 2242 3819 Erinnerung
2270 3759 2340 3819 fort.
2364 3762 2428 3822 Nun
2461 3765 2499 3825 ist
2523 3764 2564 3824 der
2592 3762 2676 3822 große

1564 3798 1679 3858 Dichter
1705 3801 1937 3861 heimgegangen.
1963 3801 2013 3861 Ein
2044 3804 2221 3864 strahlendes
2252 3804 2328 3864 Licht
2354 3806 2383 3866 ist
2409 3807 2555 3867 erloschen.
