3392 4320
162 225 222 285 12

1445 222 1577 282 box
1656 223 1890 283 43/25

354 242 824 302 Schuitzler
891 233 927 293 s
994 224 1068 284 De

1117 236 1185 296 at

810 396 923 456 kolc

324 406 425 466 ag

653 476 750 536 1931
785 473 890 533 okt.
908 476 1005 536 24.

356 527 579 587 Mogjelont:

290 675 541 735 Eltemették
581 690 826 750 Schnitzler
866 702 1054 762 Arthurt

606 772 729 832 Bécs,
746 781 915 841 október
944 789 1010 849 23.

326 825 337 885 A
374 828 572 888 lotponti
591 843 807 903 temetóben
844 856 1037 916 pénteken

274 871 339 931 dél
446 887 624 947 Onették
658 893 696 953 el
717 900 942 960 Schuitsler
969 909 1028 969 Ar

272 927 474 987 thuirét
504 936 574 996 aki
599 944 759 1004 szólités
790 954 1044 1014 következté-

277 971 335 1031 ben
378 978 541 1038 szefdán
584 992 817 1052 váratlanul
854 1005 1023 1065 elhunyt

1094 1036 1250 1096 S.

270 1022 317 1082 Az
349 1028 518 1088 izraelita
546 1040 747 1100 hitközség
779 1046 789 1106 a
821 1055 1022 1115 halottnak

265 1076 537 1136 diszsirhelyet
563 1094 898 1154 adományozott.
918 1104 933 1164 A
974 1106 1024 1166 te-

259 1122 398 1182 metési
418 1136 684 1196 szertartáson
718 1144 756 1204 az
786 1148 838 1208 iró
873 1153 997 1213 esalad

1261 1149 1525 1209 wortene

259 1176 405 1236 tagjain
444 1181 557 1241 kivil
579 1185 645 1245 sok
678 1196 829 1256 barátja
862 1197 900 1257 és
933 1203 1024 1263 tisz-

1064 1209 1153 1269 EN.

307 1222 373 1282 je
402 1224 435 1284 is
463 1234 675 1294 résztvett.

1326 1327 1459 1387 Car

409 1345 533 1405 .e.....
557 1352 582 1412 ..

235 1472 283 1532 a
347 1471 407 1531 AG
459 1449 781 1509 (EUDAPEST

1357 1521 1381 1581 2
1408 1514 1460 1574 4.
1474 1509 1603 1569 0KT.
1617 1493 1720 1553 1937

234 1596 421 1656 Megjelont
543 1594 640 1654 dkl.
661 1590 759 1650 24.

1041 1646 1100 1706 m:

1141 1681 1366 1741 funerali
1390 1672 1599 1732 di-Arturo
1638 1666 1862 1726 Schnitzler

370 1714 459 1774 .e.
502 1715 661 1775 Mneice.
691 1715 826 1775 Deesbot
859 1715 1007 1775 jeientk!

1210 1737 1241 1797 Il
1263 1727 1480 1787 testamento
1512 1721 1601 1781 dello
1634 1716 1802 1776 scrittore

201 1751 354 1811 körpefsii
385 1753 562 1813 temetében
604 1752 656 1812 ma
698 1754 804 1814 délben
852 1754 994 1814 temették

1362 1772 1505 1832 Vienna,
1521 1768 1553 1828 23
1581 1766 1720 1826 ottobre,
1745 1760 1848 1820 notte.

198 1793 366 1853 Schnitzler
384 1791 507 1851 „Arthur
539 1793 614 1853 irôt,
636 1793 689 1853 aki
712 1793 844 1853 szélütés
876 1792 1074 1852 következté-

1136 1816 1212 1876 La
1237 1813 1337 1873 salma
1362 1809 1438 1869 dello
1467 1803 1608 1863 scrittore
1633 1800 1794 1860 austriaco
1818 1798 1874 1858 Ar¬

200 1828 254 1888 ben
282 1831 476 1891 tegnaselétt
499 1830 675 1890 váratlanul
698 1830 843 1890 elhunyt.
861 1832 901 1892 Az
929 1832 1060 1892 izraelita

1145 1853 1211 1913 turo
1235 1846 1420 1906 Schnitzler
1440 1840 1451 1900 è
1475 1837 1553 1897 stata
1586 1834 1707 1894 portata
1735 1833 1813 1893 oggi
1833 1827 1876 1887 al¬

199 1870 358 1930 hitközség
436 1870 596 1930 Mlottnak
633 1870 844 1930 diszsirhelyet
876 1870 1071 1930 adományo-

1151 1887 1276 1947 l'ultima
1316 1879 1461 1939 dimora.
1485 1870 1668 1930 Seguivano
1704 1867 1727 1927 il
1755 1864 1868 1924 feretro

1187 1913 1454 1973 rappresentanti
1483 1908 1565 1968 delle
1601 1902 1738 1962 autorità
1778 1897 1790 1957 e
1825 1898 1880 1958 del

202 1909 276 1969 zott.
301 1909 315 1969 A
351 1909 499 1969 lénési
524 1909 732 1969 szertartáson
767 1909 781 1969 a
811 1909 915 1969 család
956 1911 1063 1971 tagjain

1145 1956 1262 2016 mondo
1294 1947 1458 2007 letterario
1490 1941 1501 2001 e
1537 1936 1697 1996 artistico.
1725 1933 1760 1993 La
1796 1930 1870 1990 bara

204 1948 292 2008 kivül
310 1951 345 2011 az
369 1951 410 2011 iró
440 1951 487 2011 sok
518 1951 635 2011 barátja
659 1951 694 2011 és
712 1951 866 2011 tisztelóje
896 1950 954 2010 vett
978 1951 1072 2011 részt.

1145 1987 1153 2047 è
1181 1987 1263 2047 stata
1296 1982 1453 2042 tumulata
1489 1974 1572 2034 nella
1604 1969 1711 2029 tomba
1743 1968 1873 2028 d'onore

1152 2023 1259 2083 offerta
1291 2017 1377 2077 dalla
1405 2011 1571 2071 comunitá
1603 2004 1749 2064 ebraica.

1221 2050 1367 2110 funerali
1400 2045 1428 2105 si
1458 2042 1539 2102 sono
1576 2037 1674 2097 svolti
1707 2036 1731 2096 in
1772 2030 1874 2090 forma

1149 2090 1296 2150 semplice
1328 2082 1339 2142 e
1371 2079 1534 2139 modesta,
1554 2072 1609 2132 per
1637 2070 1764 2130 volontà
1800 2066 1879 2126 dello

1152 2123 1293 2183 scrittore
1322 2115 1439 2175 stesso.
1463 2109 1577 2169 Arturo
1605 2105 1805 2165 Schnitzler,
1825 2099 1880 2159 che

1149 2156 1241 2216 negli
1270 2154 1379 2214 ultimi
1407 2148 1508 2208 tempi
1537 2139 1613 2199 ebbe
1642 2137 1807 2197 frequenti
1832 2132 1884 2192 ac¬

1156 2190 1238 2250 cessi
1262 2185 1293 2245 di
1316 2181 1484 2241 angoscia,
1504 2174 1625 2234 temeva
1653 2175 1679 2235 la
1703 2169 1805 2229 morte
1832 2163 1887 2223 ap¬

324 2193 758 2253 Lap:Vemzet
787 2178 928 2238 Ujset

1162 2222 1303 2282 parente.
1347 2216 1457 2276 Perciò
1505 2210 1571 2270 egli
1599 2205 1697 2265 aveva
1733 2201 1894 2261 disposto,

1152 2258 1246 2318 come
1274 2253 1285 2313 à
1317 2251 1407 2311 noto,
1435 2247 1490 2307 che
1522 2242 1545 2302 il
1573 2240 1627 2300 suo
1659 2240 1753 2300 cuore
1785 2234 1891 2294 venis¬

482 2270 638 2330 okt.
656 2275 742 2335 24.

1157 2292 1188 2352 se
1220 2287 1342 2347 trafitto
1374 2281 1452 2341 dopo
1480 2279 1507 2339 il
1531 2274 1681 2334 decesso.

1183 2327 1221 2387 Le
1243 2323 1299 2383 sue
1326 2318 1439 2378 ultime
1465 2312 1613 2372 volontà,
1631 2306 1757 2366 recanti
1779 2303 1805 2363 la
1836 2300 1870 2360 da

313 2318 538 2378 Megjelent:

1165 2363 1185 2423 ta
1223 2357 1277 2417 del
1298 2353 1331 2413 25
1361 2349 1465 2409 aprile
1494 2345 1578 2405 1912,
1603 2339 1715 2399 dicono
1749 2335 1890 2395 inoltre:

1164 2393 1168 2453 «
1187 2387 1328 2447 Nessuna
1368 2381 1505 2441 corona,
1533 2376 1674 2436 nessuna
1713 2369 1893 2429 partecipa¬

1161 2426 1267 2486 zione,
1287 2422 1427 2482 neppure
1455 2414 1510 2474 sul
1534 2410 1690 2470 giornali;
1710 2404 1815 2464 niente
1843 2401 1894 2461 fu¬

1162 2460 1268 2520 nerali
1296 2455 1326 2515 di
1350 2451 1452 2511 prima
1484 2444 1605 2504 classe.
1625 2440 1652 2500 Il
1677 2438 1794 2498 denaro
1826 2431 1892 2491 cosi

1162 2491 1371 2551 risparmiato
1398 2482 1468 2542 sarà
1501 2476 1646 2536 devoluto
1674 2473 1685 2533 a
1713 2470 1823 2530 favore
1847 2467 1882 2527 de

1162 2529 1209 2589 gli
1225 2521 1386 2581 ospedali.
1402 2515 1515 2575 Nessun
1543 2509 1700 2569 discorso,
1712 2503 1826 2563 nessun
1850 2500 1885 2560 ac

243 2512 255 2572 —
294 2518 415 2578 Arthar
441 2520 632 2580 Schnitzlert
658 2524 855 2584 eltemették.
882 2524 1015 2584 Bécsböl
1035 2523 1079 2583 je¬

1168 2556 1456 2616 compagnamento
1488 2546 1625 2606 rituale.
1650 2539 1791 2599 Nessuno
1827 2537 1882 2597 por

205 2563 286 2623 lenti
341 2569 422 2629 hogy
450 2566 481 2626 az
509 2569 613 2629 ottani
636 2572 790 2632 központi
809 2572 986 2632 temetóbon
1009 2572 1081 2632 pén-

1166 2595 1194 2655 ti
1216 2593 1240 2653 il
1262 2591 1340 2651 lutto
1370 2586 1423 2646 per
1453 2584 1477 2644 la
1507 2584 1569 2644 mia
1599 2578 1719 2638 morte,
1741 2572 1898 2632 assoluta¬

200 2613 286 2673 token
319 2614 424 2674 delben
456 2617 685 2677 diszeirhelpen
713 2620 878 2680 helyezték
910 2620 983 2680 örök
1002 2622 1079 2682 nyu-

1169 2626 1277 2686 mente
1308 2617 1450 2677 nessuno
1478 2614 1504 2674 ».

1203 2659 1316 2719 Queste
1346 2648 1566 2708 disposizioni
1596 2639 1669 2699 sono
1699 2637 1779 2697 state
1809 2634 1819 2694 e
1853 2635 1904 2695 sa¬

209 2661 346 2721 galomra
370 2664 549 2724 Schnitzjer
573 2667 705 2727 Arturt,
725 2668 733 2728 a
762 2670 927 2730 napokban
956 2671 1088 2731 elhunyt

1171 2693 1273 2753 ranno
1310 2682 1553 2742 naturalmente
1590 2673 1769 2733 rispettate.
1803 2667 1828 2727 Il

1171 2726 1332 2786 stamento
1361 2718 1489 2778 nomina
1523 2712 1683 2772 esecutore
1713 2709 1724 2769 e
1753 2705 1907 2765 ammini¬

212 2709 298 2769 ioves
326 2712 449 2772 osztrák
487 2715 572 2775 é.
610 2716 628 2776 A
683 2715 829 2775 temetéei
862 2718 1076 2778 szortartáson

1176 2760 1305 2820 stratore
1338 2749 1536 2809 dell'eredità
1569 2742 1726 2802 letterarla
1763 2739 1787 2799 il
1808 2739 1897 2799 figlie

213 2757 376 2817 Schnitzler
407 2760 593 2820 fiánivi)
635 2763 669 2823 az
693 2763 746 2823 1ró
770 2763 822 2823 sok
869 2766 1003 2826 barátja
1045 2764 1079 2824 és

1171 2794 1308 2854 Enrico.
1336 2786 1418 2846 Nella
1458 2780 1641 2840 sertvanta,
1673 2772 1810 2832 davanti
1838 2770 1896 2830 alla

216 2806 359 2866 leztolôje
390 2806 461 2866 vett
484 2808 568 2868 ése
604 2808 617 2868 A
658 2811 862 2871 végrendelet
885 2813 1077 2873 értelmébon

1180 2832 1270 2892 quale
1302 2821 1482 2881 Schnitzler
1514 2814 1620 2874 lavorò
1656 2810 1710 2870 per
1742 2806 1824 2866 tanti
1856 2803 1907 2863 an¬

1177 2864 1230 2924 nl,
1253 2859 1268 2919 è
1299 2856 1382 2916 stato
1417 2850 1542 2910 trovato
1576 2845 1610 2905 un
1649 2843 1778 2903 copioso
1812 2837 1895 2897 mate

216 2852 377 2912 chnitzler
410 2856 625 2916 önéletrajzát
649 2857 718 2917 csak
755 2860 897 2920 harmino
930 2861 1075 2921 esztendó

1181 2896 1283 2956 riale:
1307 2889 1479 2949 numerosi
1503 2881 1696 2941 frammenti
1720 2876 1750 2936 di
1774 2871 1896 2931 novelle

219 2903 304 2963 nulva
339 2903 506 2963 hozhatják
546 2907 833 2967 nyilvánosságra,
855 2909 868 2969 a
903 2909 1078 2969 hagyaték-

1179 2933 1186 2993 e
1218 2929 1274 2989 una
1309 2924 1435 2984 novella
1474 2918 1569 2978 quast
1600 2911 1764 2971 ultimata,
1792 2908 1848 2968 dal
1876 2906 1902 2966 ti

1186 2967 1245 3027 tolo
1272 2960 1335 3020 Der
1363 2953 1575 3013 Sekundant;
1599 2948 1657 3008 una
1693 2944 1779 3004 parte
1811 2939 1842 2999 di
1870 2937 1905 2997 ur

216 2948 254 3008 an
289 2951 383 3011 talált
410 2951 508 3011 egyéb
543 2952 724 3012 kéziratok,
742 2956 797 3016 igy
828 2957 939 3017 többek
970 2957 1077 3017 között

1185 2999 1299 3059 grande
1330 2990 1501 3050 romanzo,
1524 2987 1584 3047 una
1615 2981 1752 3041 raccolta
1787 2975 1816 3035 di
1844 2974 1912 3034 afo¬

217 3002 262 3062 gy
292 3000 367 3060 félig
401 3002 571 3062 befejezett
593 3002 710 3062 regény
739 3003 751 3063 é
794 3003 852 3063 egy
877 3007 998 3067 szinmi
1019 3005 1065 3065 sor

1183 3035 1277 3095 rismi
1305 3027 1316 3087 e
1348 3025 1386 3085 un
1418 3022 1527 3082 lavoro
1563 3017 1692 3077 teatrale
1723 3011 1911 3071 compluto:

202 3048 275 3108 sára
322 3049 553 3109 vonatkozólag
605 3050 669 3110 môg
700 3050 755 3110 nem
815 3052 939 3112 történt
978 3053 1029 3113 int

1184 3065 1296 3125 Corteo
1325 3056 1486 3116 d'ombre.
1511 3050 1668 3110 Parecchi
1693 3046 1806 3106 diarii,
1826 3041 1914 3101 tenu¬

1184 3100 1211 3160 ti
1240 3097 1276 3157 al
1305 3093 1451 3153 corrente
1483 3087 1547 3147 fino
1581 3079 1750 3139 all'ultimo
1787 3075 1920 3135 giorno,

188 3095 324 3155 kedés.

1188 3131 1417 3191 costituiscono
1458 3119 1514 3179 poi
1547 3115 1712 3175 un'ampia
1753 3108 1910 3168 blografia

1192 3168 1243 3228 del
1267 3161 1376 3221 poeta,
1408 3157 1431 3217 il
1459 3153 1553 3213 quale
1589 3146 1659 3206 pero
1698 3145 1733 3205 ha
1769 3141 1910 3201 disposto

1190 3201 1242 3261 che
1267 3198 1290 3258 la
1319 3190 1566 3250 pubblicazione
1590 3183 1622 3243 di
1647 3181 1719 3241 tutti
1744 3176 1788 3236 gli
1813 3175 1918 3235 scritti

1189 3234 1226 3294 da
1257 3231 1302 3291 lui
1322 3226 1454 3286 lasciati
1473 3222 1530 3282 non
1561 3217 1659 3277 debba
1686 3210 1833 3270 avventre
1860 3207 1913 3267 che

1193 3270 1240 3330 fra
1267 3264 1373 3324 trenta
1400 3259 1416 3319 o
1443 3256 1602 3316 quaranta
1635 3250 1730 3310 anni.

274 3315 491 3375 Ausschnitt
519 3307 608 3367 aus:

636 3437 654 3497 2
685 3432 733 3492 4.
754 3425 891 3485 0KI.

280 3539 399 3599 vom:

298 3626 355 3686 Die
379 3624 563 3684 Beisetzung
592 3617 799 3677 Schnitzlers.
829 3609 892 3669 Aus
921 3604 1002 3664 Wien
1031 3602 1105 3662 mel¬

243 3675 327 3735 detm
590 3665 607 3725 Z
893 3650 1000 3710 wurde
1022 3647 1115 3707 heuto

240 3719 369 3779 Freitag
403 3714 457 3774 der
492 3710 725 3770 Schriftsteller
764 3702 885 3762 Arthur
919 3691 1115 3751 Schnitzler,

245 3763 300 3823 der
325 3760 510 3820 vorgestern
534 3756 626 3816 durch
659 3750 743 3810 einen
772 3742 993 3802 Schlaganfall
1013 3735 1097 3795 plötz

246 3814 302 3874 lich
334 3811 387 3871 aus
415 3808 467 3868 dem
504 3804 605 3864 Leben
634 3796 775 3856 gerissen
807 3790 924 3850 worden
961 3784 1038 3844 war,
1058 3781 1114 3841 zur

259 3898 376 3958 letzten
436 3891 524 3951 Ruhe
583 3882 735 3942 geleitet.
795 3873 858 3933 Die
907 3865 1123 3925 israclitische

266 3939 542 3999 Kultu-gemeinde
578 3929 665 3989 hatte
701 3923 753 3983 dem
802 3915 1034 3975 Verstorbenen
1075 3906 1118 3966 ein

265 3988 447 4048 Ehrengrab
476 3979 639 4039 gestiftet.
673 3971 719 4031 An
747 3966 798 4026 der
822 3959 1135 4019 Beisetzungsfeier¬

267 4035 404 4095 lichkeit
434 4030 561 4090 nahmen
600 4022 647 4082 die
681 4009 1023 4069 l'amilienmitglieder
1066 3999 1118 4059 und

273 4082 351 4142 vicle
380 4078 521 4138 Freunde
550 4072 606 4132 und
635 4064 793 4124 Verehrer
822 4059 872 4119 des
896 4050 1048 4110 Dichters
1066 4047 1144 4107 toil?

2229 96 2949 156 OBOEER

2321 139 2349 199 I.
2361 139 2479 199 österr.
2492 145 2639 205 behördl.
2656 150 2953 210 konzessioniertes

2275 180 2508 240 Unternehmen
2538 183 2583 243 für
2609 189 2992 249 Zeitungs-Ausschnitte

2324 240 2468 300 WIEN,
2495 244 2545 304 I.,
2571 249 2861 309 WOLLZEILE
2906 252 2949 312 11

2414 293 2636 353 TELEPHON
2667 300 2843 360 R-23-0-43

2215 428 2438 488 Ausschnitt
2464 435 2560 495 aus:

2218 652 2333 712 vom:

2415 681 2645 741 Oerstere
2734 658 2983 718 renttt.
2993 664 3053 724 n

2492 879 2584 939 24.
2606 888 2740 948 0KI.
2752 894 2866 954 1931

2355 1079 2820 1139 Norgenblatt

2283 2180 2347 2240 Zum
2396 2179 2493 2239 Tode
2519 2180 2631 2240 Artur
2656 2183 2883 2243 Schnitzlers.

2057 2236 2125 2296 Mit
2147 2240 2318 2300 Schnitzler
2360 2243 2490 2303 scheldet
2525 2244 2593 2304 eine
2629 2246 2683 2306 der
2725 2249 2965 2309 bedeutendsten
3007 2249 3151 2309 Dichter¬

1992 2291 2110 2351 figuren
2143 2291 2333 2351 Österreichs
2360 2291 2419 2351 aus
2447 2291 2500 2351 dem
2544 2294 2668 2354 Leben.
2696 2296 2819 2356 Schnitz
2891 2297 2971 2357 lebte
2999 2297 3047 2357 die
3069 2297 3150 2357 letzte

1993 2340 2064 2400 Zeit
2087 2338 2153 2398 sehr
2186 2341 2452 2401 zurückgezogen.
2486 2342 2591 2402 Seine
2625 2343 2735 2403 zweite
2764 2345 2846 2405 Frau
2886 2346 2969 2406 hatte
3003 2345 3046 2405 ihn
3086 2344 3157 2404 ver¬

1986 2386 2101 2446 lassen,
2124 2387 2178 2447 sein
2213 2389 2323 2449 Sohn,
2346 2387 2395 2447 der
2423 2390 2644 2450 Schauspieler
2672 2393 2733 2453 und
2762 2393 2927 2453 Regisseur
2956 2396 2977 2456 in
3011 2394 3160 2454 Deutsch¬

1989 2432 2062 2492 land
2084 2436 2131 2496 ist,
2147 2436 2216 2496 war
2237 2435 2284 2495 die
2306 2437 2406 2497 meiste
2433 2438 2502 2498 Zeit
2523 2440 2576 2500 vom
2618 2440 2819 2500 Vaterhause
2841 2443 3026 2503 abwesend.
3042 2444 3147 2504 Tiefen

1992 2483 2142 2543 Schmerz
2169 2484 2223 2544 hat
2251 2485 2423 2545 Schnitzler
2456 2486 2510 2546 das
2543 2488 2693 2548 Schicksal
2721 2491 2818 2551 seiner
2851 2491 2986 2551 einzigen
3024 2491 3153 2551 Tochter

1987 2531 2132 2591 bereitet.
2171 2530 2230 2590 Sie
2263 2532 2349 2592 hatte
2382 2535 2430 2595 sich
2468 2536 2560 2596 gegen
2604 2536 2657 2596 den
2695 2538 2808 2598 Willen
2847 2538 2900 2598 des
2939 2540 3057 2600 Vaters
3090 2540 3149 2600 mit

1985 2580 2076 2640 einem
2125 2581 2331 2641 italienischen
2369 2584 2499 2644 Offizier
2532 2585 2743 2645 verheiratet.
2781 2587 2954 2647 Schnitzler
2982 2589 3068 2649 fügte
3101 2588 3149 2648 sich

1990 2629 2148 2689 schließlich
2185 2630 2238 2690 dem
2292 2632 2540 2692 Lebenswunsch
2578 2632 2635 2692 des
2668 2634 2789 2694 Kindes
2827 2634 2884 2694 und
2922 2637 3059 2697 besuchte
3092 2637 3149 2697 das

1990 2676 2280 2736 jungverheiratete
2318 2678 2492 2738 Ehepaar,
2524 2681 2582 2741 das
2620 2682 2826 2742 anscheinend
2863 2683 2974 2743 restlos
3017 2685 3148 2745 glücklich

1985 2724 2072 2784 war,
2099 2725 2129 2785 in
2177 2727 2414 2787 Venedig.
2456 2730 2554 2790 Eines
2596 2731 2704 2791 Tages
2746 2730 2824 2790 aber
2860 2733 2979 2793 erhielt
3011 2733 3041 2793 er
3078 2736 3150 2796 nach

1980 2771 2068 2831 Wien
2108 2774 2152 2834 die
2180 2776 2357 2836 furchtbare
2392 2778 2575 2838 Nachricht,
2598 2779 2653 2839 daß
2692 2780 2736 2840 die
2771 2781 2865 2841 junge
2899 2781 2982 2841 Frau
3021 2784 3065 2844 sich
3099 2782 3148 2842 er¬

1986 2823 2105 2883 schossen
2138 2823 2234 2883 habe.
2262 2823 2305 2883 Es
2332 2826 2418 2886 rollte
2446 2826 2488 2886 sich
2521 2828 2586 2888 eine
2614 2829 2776 2889 Tragödie
2803 2829 2851 2889 der
2879 2829 2970 2889 Liebe
2998 2832 3067 2892 auf,
3084 2832 3143 2892 und

1989 2870 2153 2930 Schnitzler
2185 2872 2241 2932 hat
2273 2871 2324 2931 den
2361 2872 2515 2932 Schmerz
2547 2876 2691 2936 darüber
2723 2878 2861 2938 niemals
2898 2879 3110 2939 verwunden.

2047 2938 2106 2998 Die
2128 2941 2339 3001 Beerdigung
2368 2942 2416 3002 des
2443 2945 2584 3005 Dichters
2611 2943 2687 3003 wird
2715 2945 2736 3005 in
2769 2945 2822 3005 der
2845 2945 3024 3005 einfachsten
3051 2948 3132 3008 Form

1984 2987 2142 3047 erfolgen.
2170 2990 2343 3050 Schnitzler
2371 2990 2423 3050 hat
2445 2990 2487 3050 ein
2519 2993 2709 3053 Testament
2731 2995 2953 3055 hinterlassen,
2970 2996 2995 3056 in
3028 2997 3075 3057 dem
3118 2998 3149 3058 er

1981 3035 2126 3095 folgende
2154 3038 2381 3098 Verfügungen
2414 3039 2565 3099 getroffen
2593 3042 2668 3102 hat:
2697 3044 2885 3104 „Herzstich,
2907 3044 2989 3104 keine
3011 3046 3151 3106 Kränze,

1975 3080 2056 3140 keine
2084 3084 2203 3144 Parte,
2232 3086 2296 3146 auch
2340 3087 2367 3147 in
2411 3085 2466 3145 der
2505 3087 2640 3147 Zeitung
2684 3091 2782 3151 nicht,
2816 3093 3006 3153 Begräbnis
3045 3094 3148 3154 letzter

1985 3130 2103 3190 Klasse.
2131 3135 2202 3195 Das
2235 3135 2321 3195 durch
2349 3136 2534 3196 Befolgung
2568 3137 2665 3197 dieser
2692 3139 2958 3199 Bestimmungen
2992 3142 3154 3202 erübrigte

1980 3179 2056 3239 Geld
2088 3181 2124 3241 ist
2150 3184 2412 3244 Spitalszwecken
2449 3186 2685 3246 zuzuwenden.
2717 3187 2819 3247 Keine
2846 3189 2974 3249 Reden,
3001 3190 3144 3250 Vermei¬

1980 3229 2064 3289 dung
2105 3231 2180 3291 allen
2221 3232 2361 3292 rituellen
2407 3234 2608 3294 Beiwerkes,
2638 3237 2723 3297 keine
2759 3239 2884 3299 Trauer
2920 3241 3030 3301 tragen
3070 3243 3140 3303 nach

1979 3277 2105 3337 meinem
2151 3279 2258 3339 Tode,
2279 3279 2405 3339 absolut
2431 3279 2537 3339 keine!

2047 3345 2176 3405 Berlin,
2198 3347 2251 3407 23.
2268 3348 2419 3408 Oktober.
2447 3351 2506 3411 Die
2533 3354 2668 3414 gesamte
2695 3354 2933 3414 reichsdeutsche
2960 3357 3143 3417 Öffentlich¬

1980 3395 2034 3455 keit
2055 3395 2171 3455 nimmt
2197 3396 2231 3456 an
2267 3396 2318 3456 dem
2364 3396 2515 3456 Ablebe..
2535 3399 2636 3459 Artur
2662 3402 2853 3462 Schnitzlers
2879 3404 3045 3464 wärmsten
3076 3404 3146 3464 An¬

1973 3441 2048 3501 teil.
2081 3444 2259 3504 Sämtliche
2297 3447 2426 3507 Blätter
2464 3448 2599 3508 bringen
2648 3450 2858 3510 ausführliche
2901 3453 3073 3513 Nachrufe,
3107 3451 3133 3511 in

1979 3490 2076 3550 denen
2113 3490 2164 3550 sein
2201 3492 2406 3552 dichterisches
2438 3494 2582 3554 Schaffen
2619 3495 2680 3555 und
2711 3496 2757 3556 die
2789 3500 3000 3560 menschlichen
3031 3500 3149 3560 Quali¬

1973 3536 2056 3596 täten
2096 3538 2149 3598 des
2179 3542 2414 3602 Verstorbenen
2459 3544 2650 3604 gewürdigt
2685 3546 2836 3606 werden.
2867 3549 2910 3609 Im
2970 3549 3141 3609 „Berliner

1979 3587 2172 3647 Tageblatt“
2200 3589 2314 3649 nimmt
2341 3593 2444 3653 Alfred
2477 3591 2584 3651 Kerr
2612 3594 2665 3654 von
2699 3596 2871 3656 Schnitzler
2894 3597 3061 3657 Abschied,
3078 3596 3137 3656 non

1971 3632 2028 3692 dem
2087 3634 2124 3694 er
2162 3638 2251 3698 sagt,
2289 3640 2346 3700 daß
2395 3640 2426 3700 er
2474 3640 2521 3700 als
2570 3641 2696 3701 Dichter
2739 3644 2834 3704 gleich
2877 3644 2950 3704 nach
2999 3645 3146 3705 Gehart

1976 3684 2186 3744 Hauptmann
2217 3688 2352 3748 kommt.
2367 3688 2422 3748 Die
2448 3690 2654 3750 Funkstunde
2680 3692 2925 3752 veröffentlichte
2946 3694 2980 3754 am
3021 3696 3071 3756 12.
3087 3696 3141 3756 ds.

1974 3729 2098 3789 abends
2129 3733 2194 3793 eine
2225 3736 2426 3796 Totenseier,
2446 3737 2501 3797 bei
2522 3739 2577 3799 der
2603 3739 2728 3799 Walter
2758 3742 2813 3802 von
2849 3742 2969 3802 Molo
3000 3742 3035 3802 di
3070 3741 3140 3801 Ge¬

1974 3781 2159 3841 denkworte
2184 3783 2308 3843 sprach.

2032 3838 2189 3898 London,
2210 3839 2260 3899 22.
2281 3841 2432 3901 Oktober.
2463 3844 2524 3904 Die
2550 3844 2728 3904 Londoner
2753 3846 2860 3906 Presse
2886 3847 3017 3907 widmet
3043 3847 3139 3907 Artur

1970 3885 2145 3945 Schnitzler
2170 3886 2266 3946 lange
2297 3888 2472 3948 Nachrufe.
2508 3890 2578 3950 Vor
2609 3892 2683 3952 allem
2734 3894 2814 3954 seine
2845 3896 3141 3956 Vorkriegswerke,

1975 3933 2022 3993 die
2049 3933 2070 3993 in
2107 3935 2254 3995 England
2287 3937 2361 3997 weit
2388 3939 2556 3999 verbreitet
2584 3939 2641 3999 und
2673 3942 2741 4002 sehr
2768 3945 2979 4005 volkstümlich
3012 3945 3138 4005 waren,

1976 3981 2094 4041 werden
2125 3982 2151 4042 in
2182 3984 2233 4044 den
2265 3987 2408 4047 Blättern
2440 3987 2630 4047 ausführlich
2661 3990 2851 4050 behandelt.
