3344 4352
162 300 237 360 2.

308 309 883 369 Schnitzlers
951 301 1180 361 Death

280 1418 996 1478 OBSERVER

371 1488 397 1548 I.
412 1488 530 1548 österr.
544 1488 690 1548 behördl.
705 1488 1006 1548 konzessioniertes

324 1528 562 1588 Unternehmen
594 1530 640 1590 für
668 1530 1057 1590 Zeitungs-Ausschnitte

377 1586 525 1646 WIEN,
553 1592 601 1652 I.,
629 1592 913 1652 WOLLZEILE
961 1590 1001 1650 11

476 1642 690 1702 TELEPHON
727 1641 899 1701 R-23-0-43

694 1722 889 1782 uslalna
920 1743 1056 1803 ealden

279 1783 497 1843 Ausschnitt
526 1786 615 1846 aus:

610 1958 628 2018 2
648 1953 694 2013 5.
714 1950 844 2010 OKT.
864 1946 957 2006 1937

280 2007 393 2067 vom:

350 2128 438 2188 Dr.
479 2127 647 2187 Artur
697 2127 965 2187 Schnitzler
1016 2121 1084 2181 F.

288 2194 336 2254 In
371 2197 475 2257 seiner
510 2195 607 2255 Villa
649 2195 676 2255 in
712 2192 808 2252 Wien
851 2192 891 2252 ist
920 2192 974 2252 der
1010 2192 1148 2252 Dichter
1177 2189 1252 2249 Dr.

188 2246 298 2306 Artur
338 2246 521 2306 Schnitzler
560 2246 598 2306 am
655 2244 721 2304 21.
755 2241 910 2301 Oktober
950 2242 1038 2302 einem
1094 2238 1250 2298 Gehirn¬

190 2297 285 2357 schlag
325 2296 477 2356 erlegen.
512 2294 619 2354 Seine
660 2293 857 2353 Sekretärin
898 2291 976 2351 fand
1016 2289 1072 2349 ihn
1112 2288 1140 2348 in
1186 2288 1242 2348 der

190 2344 450 2404 Mittagstunde
478 2343 668 2403 bewußtlos
701 2340 760 2400 auf
788 2338 843 2398 dem
887 2340 1005 2400 Boden
1039 2338 1163 2398 liegen,
1180 2335 1245 2395 und

193 2394 242 2454 der
282 2393 359 2453 Tod
404 2395 560 2455 erfolgte
599 2393 638 2453 um
694 2390 710 2450 6
761 2389 832 2449 Uhr
877 2388 1028 2448 abends.
1067 2386 1250 2446 Schnitzler

187 2442 301 2502 wurde
329 2443 366 2503 am
421 2440 481 2500 15.
515 2440 601 2500 Mai
629 2437 715 2497 1862
755 2438 781 2498 in
820 2437 918 2497 Wien
962 2437 1011 2497 als
1050 2435 1147 2495 Sohn
1191 2433 1245 2493 des

193 2491 616 2551 Universitätsprofessors
662 2489 735 2549 Dr.
776 2487 916 2547 Johann
962 2486 1148 2546 Schnitzler
1188 2484 1244 2544 ge¬

187 2538 311 2598 boren,
338 2538 392 2598 der
425 2538 608 2598 besonders
646 2535 699 2595 den
744 2535 910 2595 Kehlkopf
943 2534 1142 2594 behandelte
1175 2531 1240 2591 und

188 2589 272 2649 viele
306 2589 548 2649 Schauspieler
583 2586 605 2646 zu
651 2586 831 2646 Patienten
871 2585 977 2645 hatte.
1006 2583 1079 2643 Der
1108 2583 1243 2643 Dichter

188 2637 303 2697 wurde
337 2634 419 2694 1885
458 2636 557 2696 Arzt,
580 2635 789 2695 praktizierte
823 2634 861 2694 an
895 2633 1066 2693 Kliniken,
1089 2632 1243 2692 widmete

199 2690 244 2750 sich
278 2688 357 2748 aber
386 2686 459 2746 nach
494 2685 584 2745 1901
619 2684 675 2744 der
704 2683 913 2743 Dichtkunst.
942 2680 1016 2740 Aus
1050 2682 1152 2742 seiner
1181 2678 1248 2738 Ehe

188 2735 340 2795 stammte
369 2735 437 2795 eine
471 2735 612 2795 Tochter
641 2732 749 2792 Lilly,
772 2732 822 2792 die
851 2732 947 2792 gegen
981 2730 1083 2790 seinen
1117 2729 1241 2789 Willen

193 2784 275 2844 einen
309 2783 531 2843 italienischen
565 2783 714 2843 Offizier
743 2780 910 2840 heiratete
938 2780 998 2840 und
1032 2777 1121 2837 1928
1155 2777 1243 2837 einen

190 2833 370 2893 tragischen
410 2831 483 2891 Tod
523 2831 636 2891 erlitt,
665 2829 726 2889 und
766 2827 811 2887 ein
851 2827 953 2887 Sohn
993 2828 1161 2888 Heinrich,
1190 2827 1246 2887 der

195 2882 371 2942 Regisseur
400 2881 422 2941 in
457 2879 575 2939 Berlin
610 2879 661 2939 ist.
684 2879 752 2939 Der
781 2877 922 2937 Bruder
951 2876 1002 2936 des
1031 2876 1190 2936 Dichters
1219 2876 1252 2936 ist

196 2929 242 2989 der
277 2929 463 2989 Professor
493 2929 550 2989 der
579 2929 765 2989 Chirurgie
795 2927 870 2987 Dr.
900 2927 1021 2987 Julius
1057 2924 1259 2984 Schnitzler.

193 2980 261 3040 Die
294 2980 478 3040 bekannten
521 2977 643 3037 Werle
680 2974 903 3034 Schnitzlers,
935 2974 987 3034 der
1025 2974 1246 3034 vornehmlich

195 3028 244 3088 die
272 3031 422 3091 Figuren
461 3028 515 3088 der
544 3028 643 3088 guten
682 3024 898 3084 Gesellschaft
921 3022 1097 3082 zeichnete,
1120 3023 1252 3083 waren:

202 3078 408 3138 „Liebelei“,
432 3076 661 3136 „Freiwild",
679 3078 773 3138 „Der
797 3075 897 3135 Schle
915 3073 950 3133 er
974 3073 1026 3133 der
1050 3072 1250 3132 Beatrice“,

196 3128 294 3188 „Der
312 3126 456 3186 einsame
474 3126 601 3186 Weg“,
624 3124 722 3184 „Der
747 3124 850 3184 junge
880 3123 1122 3183 Medardus",
1146 3121 1250 3181 „Das

196 3174 291 3234 weite
315 3174 456 3234 Land“,
480 3174 688 3234 „Professor
712 3171 955 3231 Bernhardi“,
978 3168 1177 3228 „Komödie
1200 3168 1250 3228 der

196 3225 360 3285 Worte",
385 3227 490 3287 „Fink
520 3223 584 3283 und
614 3219 891 3279 Fliederbusch“,
909 3222 997 3282 „Die
1021 3219 1238 3279 Schwestern“

195 3274 256 3334 und
290 3274 384 3334 „Der
412 3273 518 3333 Gang
546 3273 601 3333 zum
647 3269 830 3329 Weiher“.
853 3267 936 3327 Sein
965 3268 1092 3328 großer
1121 3267 1253 3327 Noman

196 3322 294 3382 hieß:
323 3323 421 3383 „Der
457 3322 543 3382 Weg
578 3321 630 3381 ins
671 3320 810 3380 Freie“.
839 3318 1018 3378 Außerdem
1071 3316 1180 3376 schrieb
1222 3315 1255 3375 er

195 3370 281 3430 viele
314 3368 503 3428 Novellen.
536 3369 601 3429 Die
634 3368 785 3428 Familie
818 3366 942 3426 erhielt
969 3365 1056 3425 viele
1089 3365 1256 3425 Kundge¬

192 3422 319 3482 bungen
362 3419 420 3479 des
458 3417 617 3477 Beileids
655 3416 718 3476 von
762 3416 1060 3476 hervorragenden
1103 3416 1257 3476 Persön¬

196 3470 352 3530 lichkeiten
398 3470 459 3530 und
499 3467 807 3527 Körperschaften.

1408 302 1532 362 box
1611 305 1790 365 43/5

1706 1466 2424 1526 OBSERVER

1789 1500 1811 1560 I.
1825 1506 1946 1566 österr.
1960 1516 2108 1576 behördl.
2127 1530 2428 1590 konzessioniertes

1738 1545 1975 1605 Unternehmen
2007 1557 2056 1617 für
2079 1573 2469 1633 Zeitungs-Ausschnitte

1793 1605 1939 1665 WIEN,
1966 1614 2012 1674 I.,
2040 1629 2325 1689 WOLLZEILE
2373 1642 2412 1702 11

1885 1666 2099 1726 TELEPHON
2137 1682 2314 1742 R-23-0-43

1674 1795 1897 1855 Ausschnitt
1920 1808 2012 1868 aus:

1739 1995 1938 2055 WYCINEK
1980 2005 1999 2065 Z
2040 2016 2401 2076 WYDAWNICTWA

1600 2124 1996 2184 Schlesische
2044 2144 2242 2204 Zeituy

1842 2264 1860 2324 z
1893 2267 1955 2327 dn.

2420 2293 2475 2353 No

1708 2440 1938 2500 e

1804 2564 1872 2624 Zum
1917 2564 2020 2624 Tode
2056 2565 2186 2625 Arthur
2222 2568 2447 2628 Schnitzlers.

1939 3532 2061 3592 Arthur
2103 3537 2307 3597 Schnitzler,

1670 3577 1724 3637 der
1763 3580 1904 3640 Wiener
1938 3581 2182 3641 Schriftsteller
2221 3583 2286 3643 und
2330 3589 2564 3649 Dramatiker,

1666 3631 1799 3691 welcher
1844 3631 2016 3691 Mittwoch
2066 3634 2161 3694 einem
2211 3638 2406 3698 Herzschlag
2445 3642 2556 3702 erlag.
