3392 4320
190 291 220 351 2

328 302 907 362 Schnitzler's
976 306 1212 366 Deatl

1422 312 1554 372 box
1634 318 1876 378 43/18

346 405 1175 465 OBSEFVERT

439 464 464 524 1.
477 469 600 529 österr.
613 473 762 533 behördl.
780 480 1081 540 konzessioniertes

392 509 632 569 Unternehmen
663 512 711 572 für
738 522 1131 582 Zeitungs-Ausschnitte

450 566 598 626 WIEN,
626 573 677 633 I.,
703 578 988 638 WOLLZEILE
1041 586 1079 646 11

537 621 753 681 TELEPHON
791 631 970 691 R-23-0-43

328 757 561 817 Ausschnitt
590 764 680 824 aus:

437 968 489 1028 Ne
508 967 542 1027 DE
570 972 711 1032 DERIT.

227 1082 371 1142 Extroil
393 1082 423 1142 de

521 1154 638 1214 6567,
656 1155 723 1215 Av.
742 1157 801 1217 des
835 1161 953 1221 Chain
1023 1168 1166 1228 Clysées

228 1178 372 1238 Adresse

221 1278 307 1338 Date

528 1272 587 1332 30
628 1280 855 1340 OCTOBRE
906 1291 1014 1351 1931

235 1378 401 1438 Signature

230 1476 410 1536 Exposition

481 1694 1469 1754 ARTHUR
1686 1700 3218 1760 SCHNITZLEI

1428 1813 1544 1873 par
1604 1811 1964 1871 BERNARD
2040 1813 2374 1873 DIEBOID

661 1834 725 1894 80

885 1903 1021 1963 propos
1064 1901 1100 1961 de
1138 1901 1269 1961 chaque
1306 1903 1427 1963 liaison
1470 1903 1637 1963 nou-ble
1664 1903 1785 1963 poëte,
1807 1903 1906 1963 après
1938 1903 2022 1963 cette
2054 1903 2233 1963 dissection
2281 1905 2396 1965 tandis
2423 1906 2480 1966 que
2502 1908 2691 1968 Schnitzler
2718 1908 2749 1968 se
2776 1909 2996 1969 complai-la
3023 1912 3154 1972 réalité.
3171 1914 3238 1974 Les
3260 1915 3323 1975 hor

198 1906 556 1966 FRANKFURTER
596 1906 817 1966 ZEITUNG,

897 1950 979 2010 velle
1015 1949 1051 2009 ou
1092 1950 1313 2010 imminente.
1339 1951 1416 2011 L'un
1458 1951 1550 2011 parle
1581 1951 1833 2011 Impitoyable,
1859 1950 1889 2010 il
1916 1951 2152 2011 recomposait
2178 1954 2239 2014 son
2281 1956 2347 2016 seit
2374 1955 2388 2015 à
2420 1954 2476 2014 des
2503 1957 2790 2017 réconciliations
2816 1955 2939 2015 perpé¬

257 1956 469 2016 Francfort

2966 1957 3064 2017 tence
3091 1962 3294 2022 trouvèrent

890 1996 932 2056 de
971 1998 1028 2058 son
1067 1998 1138 2058 âme
1177 1999 1349 2059 assoiffée,
1378 1999 1464 2059 mals
1498 1999 1560 2059 qui

1588 1999 1802 2059 personnage
1826 1999 1858 2059 en
1891 1999 1918 2059 en
1952 1999 2077 2059 faisant
2096 2000 2133 2060 un
2162 2002 2236 2062 tout

2276 2002 2395 2062 tuelles
2434 2004 2511 2064 avec
2550 2004 2578 2064 la
2617 2005 2780 2065 douleur,
2805 2008 2838 2068 la
2872 2006 2924 2066 fal

2963 2005 3058 2065 prète
3087 2011 3255 2071 littéraire
3283 2011 3299 2071 d

896 2046 1051 2106 échappe
1094 2046 1250 2106 toujours
1289 2046 1302 2106 à
1345 2046 1534 2106 elle-même

1581 2046 1630 2106 Un
1665 2046 1744 2106 tout
1769 2046 1828 2106 qui
1858 2046 1942 2106 n'est
1972 2046 2031 2106 pas
2056 2049 2224 2109 seulemen

2276 2049 2382 2109 blesse
2416 2049 2445 2109 et
2470 2049 2498 2109 la
2528 2052 2634 2112 mort.
2659 2051 2756 2111 Ibsen
2790 2052 2939 2112 exigeait

212 2055 263 2115 a
296 2055 334 2115 21
367 2055 521 2115 octobre,
548 2055 560 2115 à
586 2055 637 2115 six
670 2055 792 2115 heures
825 2052 862 2112 de

2968 2055 3077 2115 tique.
3117 2055 3147 2115 Il
3187 2058 3310 2118 reconn

891 2094 1029 2154 l'autre,
1053 2094 1177 2154 savant
1206 2095 1335 2155 comme
1369 2094 1406 2154 un
1440 2092 1650 2152 méde¬une
1684 2093 1831 2153 «somme
1861 2094 1893 2154 de
1918 2094 2089 2154 nuances»
2118 2096 2247 2156 (c'était

2278 2097 2315 2157 de
2343 2097 2439 2157 l'âme
2473 2099 2537 2159 une
2570 2100 2715 2160 morale,
2738 2100 2927 2160 Schnitzler
2960 2103 3138 2163 pardonne
3176 2105 3311 2165 tout,c

197 2105 400 2165 soir,
430 2108 557 2168 Arthur
594 2107 785 2167 Schnitzler
821 2106 855 2166 es

892 2143 968 2203 cin,
983 2143 1015 2203 en
1049 2143 1206 2203 explique
1231 2144 1254 2204 le
1279 2145 1484 2205 mécanisme
1513 2142 1546 2202 en
1580 2142 1613 2202 là
1647 2142 1675 2202 le
1704 2142 1833 2202 danger
1862 2142 1919 2202 des
1948 2144 2124 2204 méthodes
2154 2145 2249 2205 natu¬

2274 2145 2313 2205 ne
2349 2145 2379 2205 se
2410 2145 2530 2205 lassait
2561 2147 2601 2207 de
2632 2148 2778 2208 justifier
2814 2147 2838 2207 la
2869 2148 2939 2208 fai¬

3020 2148 3055 2208 et
3086 2151 3243 2211 distance
3280 2154 3310 2214 to

195 2156 307 2216 mort,
335 2157 368 2217 en
406 2157 565 2217 rentrant
593 2157 696 2217 d’une
730 2156 865 2216 prome¬

1577 2190 1754 2250 ralistes),
1775 2192 1863 2252 mais
1893 2190 1957 2250 une
1987 2192 2075 2252 unité
2111 2196 2248 2256 organi¬

2276 2193 2383 2253 blesse
2416 2196 2542 2256 morale
2581 2193 2617 2253 du
2656 2195 2749 2255 cœur
2783 2196 2937 2256 humain.

197 2205 286 2265 nade
313 2207 395 2267 dans
421 2205 466 2265 les
492 2205 569 2265 rues
595 2205 633 2265 de
659 2205 806 2265 Vienne,
826 2201 857 2261 sa
885 2194 922 2254 un
949 2190 1198 2250 commentaire
1211 2191 1551 2251 méphistophélique

2971 2196 2987 2256 «
3010 2199 3160 2259 Liebelei
3183 2202 3217 2262 »,
3235 2202 3257 2262 il
3281 2202 3314 2262 no

2273 2242 2366 2302 C'est
2392 2243 2455 2303 que
2486 2243 2514 2303 le
2544 2240 2701 2300 médecin
2737 2243 2879 2303 conçoit
2905 2245 2933 2305 le

197 2249 294 2309 ville.
330 2250 369 2310 Le
410 2252 479 2312 soir
531 2252 686 2312 d'avant,
716 2252 744 2312 il
773 2252 859 2312 était
895 2241 935 2301 Le
958 2240 1102 2300 decteur
1125 2240 1315 2300 Schnitzler
1339 2240 1390 2300 est
1408 2240 1499 2300 poète
1529 2240 1557 2300 et
1581 2240 1667 2300 que.
1691 2240 1782 2300 Dans
1812 2238 1840 2298 la
1875 2239 1990 2299 nature
2025 2241 2168 2301 indivise
2198 2240 2238 2300 du

2961 2250 3000 2310 ge
3035 2245 3108 2305 d'un
3149 2248 3274 2308 conflit

1582 2287 1741 2347 médecin
1789 2288 1912 2348 d'âmes
1954 2288 2160 2348 Schnitzler,
2192 2288 2238 2348 les

893 2288 1049 2348 médern
1075 2288 1089 2348 à
1120 2288 1145 2348 la
1170 2288 1256 2348 fois;
1272 2288 1302 2348 il
1317 2288 1367 2348 est
1388 2290 1423 2350 en
1449 2288 1554 2348 même

2274 2288 2435 2348 faiblesse
2467 2291 2578 2351 mieux
2609 2291 2669 2351 que
2700 2291 2725 2351 la
2756 2291 2873 2351 force.
2893 2291 2933 2351 Li

2968 2294 3082 2354 quatre
3113 2294 3202 2354 êtres
3222 2295 3236 2355 -

198 2300 326 2360 encore
361 2300 420 2360 allé
455 2302 494 2362 au
529 2300 677 2360 théâtre.
702 2299 790 2359 C'est
821 2300 859 2360 un

1583 2336 1712 2396 parties
1741 2333 1774 2393 se
1804 2336 1986 2396 fondaient
2015 2336 2043 2396 en
2077 2337 2115 2397 un
2149 2336 2245 2396 orga¬

886 2336 1004 2396 temps
1031 2337 1097 2397 Max
1129 2336 1165 2396 et
1186 2336 1340 2396 Anatole.
1362 2336 1392 2396 Il
1413 2336 1552 2396 incarne

2277 2339 2525 2399 psychanalyse
2562 2339 2754 2399 comprend
2796 2342 2827 2402 et
2859 2340 2941 2400 par-
2968 2342 3055 2402 deux
3087 2344 3232 2404 femmes

192 2352 255 2412 peu
297 2351 429 2411 comme
466 2350 552 2410 dans
589 2350 670 2410 cette
707 2348 857 2408 comédie

889 2384 986 2444 aussi
1015 2385 1089 2445 tous
1118 2387 1164 2447 les
1192 2384 1426 2444 personnages
1459 2384 1496 2444 de
1525 2384 1552 2444 la

1581 2384 1689 2444 nisme
1724 2383 1857 2443 vivant,
1877 2386 1951 2446 mûr
1981 2385 2064 2445 pour
2094 2386 2138 2446 les
2163 2385 2236 2445 jeur

2279 2384 2391 2444 donne
2423 2386 2509 2446 tout.

2954 2390 3149 2450 seulement
3179 2393 3311 2453 l'expro

197 2396 364 2456 délicate,
393 2396 407 2456 «
437 2397 474 2457 La
513 2399 599 2459 mort
628 2398 666 2458 du
700 2396 800 2456 Poète
830 2398 844 2458 »

1584 2430 1625 2490 de
1656 2429 1685 2489 la
1722 2431 1792 2491 vie.

891 2431 914 2491 «
956 2431 1081 2491 Ronde
1123 2431 1160 2491 »,
1207 2431 1243 2491 co
1299 2431 1484 2491 carrousel

2318 2431 2509 2491 Schnitzler
2535 2434 2625 2494 reste
2656 2434 2691 2494 un
2727 2434 2782 2494 des
2808 2434 2933 2494 grand:

2969 2437 3148 2497 viennoise
3190 2440 3250 2500 par

192 2443 256 2503 que
279 2446 362 2506 s'est
376 2446 505 2506 éteinte
529 2443 611 2503 cette
640 2444 704 2504 vie,
718 2444 782 2504 une
806 2446 865 2506 des

1619 2477 1793 2537 Personne
1827 2479 1859 2539 en
1893 2481 2086 2541 Allemagne
2115 2482 2161 2542 n’a
2195 2482 2227 2542 eu

889 2479 1052 2539 l'amour,
1067 2480 1196 2540 frivole
1221 2479 1254 2539 en
1283 2482 1499 2542 apparence,
1519 2481 1552 2541 où

2273 2481 2530 2541 représentants
2578 2481 2620 2541 de
2663 2480 2695 2540 la
2743 2484 2935 2544 littérature

2969 2488 3024 2548 qui
3046 2488 3285 2548 représentent

193 2494 371 2554 dernières
426 2494 488 2554 qui
533 2494 792 2554 remontassent
846 2492 859 2552 à

888 2530 1052 2590 l'homme
1104 2529 1145 2589 de
1202 2530 1387 2590 n'importe
1444 2530 1552 2590 quelle
1589 2527 1712 2587 autant
1738 2527 1800 2587 que
1831 2530 1892 2590 lui,
1914 2530 1939 2590 le
1971 2530 2032 2590 don
2069 2530 2104 2590 de
2135 2528 2248 2588 s'atta¬

2271 2530 2486 2590 allemande,
2512 2530 2568 2590 son
2612 2530 2732 2590 œuvre
2767 2533 2801 2593 se
2836 2533 2930 2593 place

2966 2533 3021 2593 nel
3047 2535 3082 2595 de
3113 2536 3254 2596 l'amour
3280 2536 3305 2596 te

193 2542 355 2602 l'époque
390 2542 587 2602 faustienne
622 2543 656 2603 de
691 2544 853 2604 l'Europe

1581 2578 1664 2638 quer
1690 2575 1704 2635 à
1735 2577 1788 2637 des
1814 2578 1942 2638 thèmes
1967 2578 2041 2638 d'un
2071 2575 2085 2635 «
2111 2576 2248 2636 problé¬

884 2577 998 2637 classe
1035 2578 1166 2638 sociale
1203 2577 1234 2637 et
1267 2576 1476 2636 l'amoureux
1517 2575 1553 2635 de

2275 2578 2366 2638 entre
2404 2577 2431 2637 le
2458 2578 2620 2638 réalisme
2653 2578 2868 2638 scientifique
2901 2580 2933 2640 et
2961 2582 3052 2642 feste
3085 2583 3166 2643 dans
3199 2582 3247 2642 les
3274 2584 3295 2644 q

489 2599 847 2659 .............

1581 2626 1739 2686 matisme
1768 2623 1777 2683 »
1812 2626 1955 2686 difficile
1985 2625 2057 2685 avec
2086 2625 2148 2685 une
2172 2626 2249 2686 grâ¬

884 2626 1075 2686 n'importe
1112 2626 1225 2686 quelle
1258 2626 1408 2686 trempe,
1440 2626 1540 2686 accep

2273 2628 2322 2688 les
2347 2626 2494 2686 données
2519 2628 2617 2688 d'une
2642 2627 2828 2687 sensibilité
2853 2628 2921 2688 lyri

2960 2629 3104 2689 mortels
3125 2631 3166 2691 de
3192 2632 3310 2692 l'amot

886 2672 965 2732 tent
991 2672 1021 2732 le
1051 2673 1101 2733 jeu
1137 2673 1176 2733 de
1207 2673 1352 2733 l'amour
1383 2671 1463 2731 avec
1493 2671 1553 2731 des
1584 2670 1618 2730 ce
1654 2670 1684 2730 et
1709 2672 1774 2732 une
1805 2673 1940 2733 science
1971 2673 2181 2733 dramatique
2212 2671 2226 2731 s

2274 2675 2333 2735 que
2389 2673 2636 2733 extrêmement
2682 2673 2778 2733 vive.
2819 2675 2930 2735 Moins
2965 2675 2995 2735 le
3026 2677 3263 2737 sentimental,
3284 2679 3308 2739 le

232 2675 278 2735 La
320 2676 408 2736 vaste
444 2676 584 2736 activité
616 2675 786 2735 littéraire
823 2676 859 2736 de

1580 2718 1731 2778 légères.
1762 2721 1954 2781 Schnitzler
1991 2720 2026 2780 se
2057 2721 2168 2781 jouait
2204 2719 2244 2779 de

889 2721 1109 2781 partenaires
1134 2721 1171 2781 de
1196 2721 1267 2781 tous
1292 2721 1339 2781 les
1364 2721 1498 2781 milieux
1527 2719 1536 2779 e

2274 2721 2460 2781 énergique
2496 2721 2532 2781 et
2569 2722 2682 2782 moins
2719 2723 2842 2783 fécond
2889 2723 2925 2783 en
2967 2724 3080 2784 melle.
3102 2724 3189 2784 Pour
3221 2727 3318 2787 créer

194 2724 386 2784 Schnitzler
438 2724 529 2784 peut
570 2724 641 2784 être
697 2724 849 2784 résumée

2267 2769 2365 2829 idées
2412 2769 2510 2829 qu'un
2563 2769 2771 2829 Wedekind,
2797 2771 2859 2831 qui
2896 2770 2926 2830 se

193 2770 554 2830 intellectuellement,
574 2772 659 2832 dans
695 2772 856 2832 quelques
887 2766 931 2826 de
967 2768 1077 2828 toutes
1113 2769 1157 2829 les
1193 2770 1339 2830 qualités
1370 2768 1555 2828 sentimen-
1581 2768 1696 2828 toutes
1722 2768 1767 2828 les
1798 2769 1998 2829 difficultés.
2019 2767 2104 2827 Dans
2129 2768 2159 2828 le
2185 2766 2244 2826 do¬

2959 2773 3038 2833 reil,
3060 2774 3097 2834 où
3130 2774 3256 2834 chacun
3284 2775 3315 2835 ti

891 2817 999 2877 tales.

1577 2817 1695 2877 maine
1731 2817 1764 2877 du
1800 2817 1933 2877 théâtre
1963 2817 2146 2877 allemand,
2171 2816 2229 2876 per

2273 2817 2455 2877 proposait
2484 2818 2516 2878 de
2545 2819 2775 2879 transformer
2799 2818 2930 2878 radica¬

189 2820 290 2880 titres
321 2820 474 2880 devenus
511 2820 664 2880 célèbres
701 2818 710 2878 :
747 2820 761 2880 «
777 2819 848 2879 Ana

2962 2822 3002 2882 de
3028 2821 3079 2881 ses
3100 2822 3248 2882 propres
3269 2822 3299 2882 se

931 2864 1025 2924 Dans
1056 2863 1086 2923 la
1127 2864 1251 2924 Vienne
1292 2863 1307 2923 «
1338 2862 1377 2922 fln
1418 2864 1457 2924 de
1488 2862 1558 2922 siè-
1579 2863 1689 2923 sonne
1724 2862 1779 2922 n'a
1810 2863 1864 2923 su,
1890 2866 2025 2926 comme
2056 2866 2116 2926 lui,
2141 2864 2236 2924 alliet

2273 2864 2398 2924 lement
2427 2864 2450 2924 la
2478 2866 2605 2926 société
2638 2867 2670 2927 de
2699 2867 2754 2927 son
2788 2867 2913 2927 époque

2954 2867 3055 2927 avoir
3091 2867 3126 2927 de
3162 2870 3286 2930 l'homm

194 2867 266 2927 tole
303 2867 318 2927 »
366 2870 494 2930 (1893),
532 2868 547 2928 «
589 2869 801 2929 Amourettes

887 2912 942 2972 cle
964 2912 997 2972 »,
1014 2913 1041 2973 il
1058 2913 1069 2973 y
1097 2912 1190 2972 avait
1207 2912 1329 2972 encore
1352 2912 1406 2972 des
1429 2912 1445 2972 «
1468 2911 1555 2971 caté-
1578 2911 1682 2971 aussi
1722 2912 1942 2972 intimement
1982 2912 2014 2972 la
2054 2912 2235 2972 technique

2274 2912 2382 2972 moins
2414 2915 2569 2975 familier
2606 2914 2641 2974 du
2683 2915 2787 2975 chaos
2823 2915 2859 2975 de
2896 2915 2926 2975 la
2963 2915 3061 2975 sance
3103 2915 3191 2975 dont
3222 2916 3268 2976 les

194 2915 330 2975 (1895),
361 2916 376 2976 «
407 2917 447 2977 Le
483 2918 691 2978 Lieutenant
717 2916 818 2976 Gustl

892 2961 1003 3021 gories
1036 2960 1186 3020 sociales
1219 2960 1232 3020 »
1266 2960 1316 3020 et,
1346 2962 1406 3022 par
1439 2960 1541 3020 consé

1581 2960 1759 3020 française
1799 2962 1838 3022 au
1883 2960 2071 3020 sentiment
2106 2960 2248 3020 spécifi¬

2272 2960 2468 3020 souffrance
2505 2963 2568 3023 que
2600 2963 2632 3023 le
2669 2963 2768 3023 jeune
2805 2961 2919 3021 Haupt

2961 2966 3149 3026 embrasser
3184 2964 3304 3024 l’horiz

194 2963 329 3023 (1901),
386 2965 400 3025 «
431 2966 628 3026 Intermède
659 2966 673 3026 »
735 2963 850 3023 (1905)

890 3011 1010 3071 quent,
1050 3009 1111 3069 des
1151 3008 1287 3068 conflits
1333 3008 1373 3068 de
1413 3009 1559 3069 classes,
1590 3008 1756 3068 quement
1781 3009 1967 3069 allemand.
1988 3011 2018 3071 Il
2043 3011 2053 3071 a
2084 3011 2199 3071 appris
2225 3011 2239 3071 à

2274 3008 2390 3068 mann,
2434 3011 2550 3071 auteur
2603 3011 2636 3071 de
2693 3011 2706 3071 «
2736 3011 2926 3071 Fuhrmanr

2963 3015 3018 3075 ge.
3038 3014 3103 3074 Les
3129 3014 3308 3074 conventi¬

197 3014 211 3074 «
246 3014 289 3074 La
329 3012 509 3072 Comtesse
543 3014 645 3074 Mizzi
680 3014 694 3074 »
734 3014 864 3074 (1909),

885 3058 1009 3118 Aussi,
1038 3058 1076 3118 un
1116 3055 1312 3115 lieutenant
1347 3055 1442 3115 Gustl
1476 3057 1533 3117 pou

1583 3055 1704 3115 l'école
1733 3055 1854 3115 d'Ibsen
1888 3058 1921 3118 ce
1943 3058 2004 3118 que
2032 3056 2104 3116 doit
2121 3056 2187 3116 être
2210 3055 2237 3115 le

2266 3054 2447 3114 Henschel
2476 3057 2513 3117 »,
2537 3058 2648 3118 enfin,
2672 3058 2784 3118 moins
2817 3058 2924 3118 enclin

2963 3059 3006 3119 cle
3034 3061 3088 3121 n’y
3117 3060 3236 3120 jouent
3259 3060 3297 3120 qu

199 3061 259 3121 «Le
289 3060 492 3120 Professeur
521 3061 709 3121 Bernardi»
743 3061 861 3121 (1912)

886 3104 1002 3164 vait-il
1044 3103 1298 3163 sérieusement
1341 3103 1462 3163 songer
1510 3104 1547 3164 au
1589 3103 1721 3163 théâtre
1759 3105 1906 3165 d'idées.
1933 3106 1991 3166 Son
2039 3106 2049 3166 «
2082 3104 2229 3164 Interme

2268 3103 2335 3163 aux
2363 3103 2376 3163 «
2399 3103 2503 3163 chocs
2527 3104 2535 3164 »
2567 3106 2626 3166 que
2649 3106 2867 3166 l'esthétique
2890 3107 2926 3167 de

2960 3106 3057 3166 daire
3096 3106 3129 3166 du
3168 3109 3260 3169 sujet

199 3109 214 3169 «
241 3109 500 3169 Mademoiselle
527 3108 599 3168 Else
631 3106 640 3166 »
672 3109 806 3169 (1924).
823 3107 837 3167 J

185 3157 249 3217 cite
279 3157 396 3217 encore
431 3157 440 3217 «
465 3156 628 3216 Nouvelle
658 3156 692 3216 de
717 3157 805 3217 Rêve
830 3155 844 3215 »
880 3152 1036 3212 suicide,
1061 3154 1135 3214 tout
1160 3154 1292 3214 comme
1323 3152 1405 3212 cette
1441 3151 1455 3211 «
1485 3153 1554 3213 Ma-
1589 3153 1627 3213 de
1662 3153 1701 3213 »,
1731 3154 1992 3214 tragi-comédie
2027 3153 2065 3213 de
2100 3152 2237 3212 l'amour

2274 3151 2325 3211 son
2367 3153 2474 3213 temps
2506 3154 2593 3214 l'eût
2619 3154 2784 3214 peut-être
2821 3156 2933 3216 exigé,
2965 3156 3021 3216 sur
3053 3155 3196 3215 lesquels
3223 3157 3258 3217 se

1581 3199 1694 3259 caduc
1725 3202 1817 3262 entre
1848 3202 1931 3262 deux
1961 3201 2050 3261 êtres
2080 3200 2139 3260 qui
2164 3202 2223 3262 s'in

889 3202 1086 3262 demoiselle
1122 3199 1136 3259 »
1196 3202 1294 3262 Else,
1340 3202 1551 3262 personnage

2273 3199 2465 3259 Schnitzler
2495 3200 2568 3260 n'en
2608 3203 2622 3263 a
2657 3202 2869 3262 personniflé
2899 3204 3154 3264 lecomédie
3175 3205 3311 3265 humair

195 3207 228 3267 et
257 3205 271 3265 «
300 3205 343 3265 La
372 3205 491 3265 Ronde
525 3204 558 3264 ».
578 3205 645 3265 Peu
679 3205 712 3265 de
741 3205 856 3265 poètes

885 3250 908 3310 «
933 3250 1154 3310 malheureux
1184 3248 1198 3308 »
1228 3250 1314 3310 dans
1334 3250 1363 3310 le
1387 3248 1464 3308 sens
1489 3250 1546 3310 vul

1585 3250 1729 3310 génient
1756 3250 1767 3310 à
1805 3251 1916 3311 croire
1949 3250 1965 3310 à
2002 3248 2168 3308 l'éternité
2200 3248 2237 3308 de

2272 3248 2347 3308 type
2386 3248 2428 3308 de
2461 3250 2661 3310 l'Européen
2699 3250 2828 3310 fatigué
2861 3250 2926 3310 que
2964 3252 3061 3312 d'une
3088 3252 3212 3312 époque
3240 3252 3309 3312 n'er

196 3255 230 3315 et
256 3252 468 3312 d'écrivains
499 3252 650 3312 peuvent
676 3252 711 3312 se
742 3252 847 3312 préva

891 3298 975 3358 gaire
1021 3297 1060 3357 du
1110 3297 1199 3357 mot.
1235 3297 1348 3357 Aucun
1399 3294 1547 3354 écrivair

2266 3294 2429 3354 d'autant
2453 3297 2525 3357 plus
2554 3297 2760 3357 nettement.
2781 3297 2814 3357 Il
2838 3297 2847 3357 a
2881 3297 2929 3357 été

1581 3295 1657 3355 leur
1701 3297 1901 3357 sentiment,
1940 3299 1992 3359 est
2031 3297 2069 3357 un
2122 3294 2237 3354 drame

2960 3297 3013 3357 me
3054 3300 3285 3360 changeante.

190 3300 279 3360 loir,
317 3300 449 3360 comme
496 3300 712 3360 Schnitzler,
750 3300 787 3360 de
835 3298 862 3358 la

2268 3342 2501 3402 l'Occidental
2544 3345 2797 3405 extrêmement
2844 3345 2904 3405 dou

884 3345 1057 3405 allemand
1084 3345 1120 3405 de
1144 3345 1257 3405 l'école
1280 3345 1480 3405 naturaliste
1503 3347 1548 3407 n'a

1581 3345 1753 3405 profond,
1787 3345 1873 3405 mais
1907 3347 2003 3407 aussi
2037 3345 2075 3405 un
2114 3345 2238 3405 simple

2957 3345 3043 3405 c'est
3070 3348 3161 3408 l'âme
3198 3348 3279 3408 qu'il

193 3348 285 3408 vertu
314 3348 487 3408 familière
511 3348 566 3408 des
590 3348 688 3408 titres
712 3348 749 3408 de
768 3348 861 3408 leurs

1584 3395 1630 3455 jeu
1672 3393 1714 3453 de
1747 3393 2013 3453 marionnettes.
2051 3390 2224 3450 Schnitzle

2266 3390 2355 3450 mais
2380 3393 2469 3453 aussi
2494 3393 2721 3453 l'Occidental
2742 3393 2810 3453 taré
2836 3393 2919 3453 intel

884 3393 920 3453 su
948 3392 1047 3452 saisir
1071 3392 1102 3452 et
1121 3393 1243 3453 rendre
1267 3393 1398 3453 comme
1421 3393 1544 3453 Schnit

2959 3393 3061 3453 cher.
3082 3396 3123 3456 Et
3144 3396 3282 3456 Schnitz

185 3396 374 3456 ouvrages.
407 3395 490 3455 Plus
527 3396 674 3456 encore,
707 3396 743 3456 de
786 3395 836 3455 leu

2267 3438 2538 3498 lectuellement,
2564 3441 2594 3501 il
2625 3441 2635 3501 a
2676 3441 2726 3501 été
2761 3441 2907 3501 l'héritie

1584 3441 1690 3501 jongle
1727 3441 1808 3501 avec
1844 3441 1956 3501 esprit
1987 3441 2043 3501 sur
2079 3440 2141 3500 des
2172 3440 2227 3500 thè

880 3438 954 3498 zler
1001 3440 1048 3500 les
1095 3441 1281 3501 situations
1329 3441 1440 3501 créées
1488 3444 1553 3504 par

2962 3441 3083 3501 decin,
3105 3442 3136 3502 le
3168 3444 3273 3504 grand

192 3445 451 3505 rayonnement
475 3444 506 3504 en
538 3444 615 3504 tant
634 3444 697 3504 que
725 3444 857 3504 valeurs

885 3488 1101 3548 l'ignorance
1130 3488 1168 3548 où
1202 3486 1259 3546 ces
1289 3488 1380 3548 âmes
1409 3488 1553 3548 simples

1582 3488 1655 3548 mes
1688 3488 1882 3548 ibséniens.
1904 3488 1950 3548 En
1988 3488 2051 3548 lui,
2072 3490 2103 3550 le
2136 3487 2235 3547 poête
2267 3486 2309 3546 du
2362 3487 2456 3547 riche
2510 3488 2720 3548 patrimoine
2768 3488 2936 3548 culturel,
2963 3488 3183 3548 connaisseur
3226 3491 3262 3551 de

190 3491 462 3551 intellectuelles
531 3491 731 3551 concrètes.
795 3491 835 3551 Ca

1582 3533 1732 3593 s'avère,
1752 3536 1877 3596 devant
1903 3536 1933 3596 la
1964 3537 2119 3597 douleur,
2140 3535 2240 3595 beau-
2266 3533 2396 3593 atteint
2422 3535 2492 3595 déjà
2522 3536 2608 3596 dans
2633 3536 2688 3596 ses
2714 3534 2854 3594 sources
2885 3534 2929 3594 vi¬

886 3536 1015 3596 étaient
1036 3536 1077 3596 de
1098 3536 1170 3596 leur
1196 3538 1211 3598 «
1233 3536 1449 3596 psychologie
1476 3539 1553 3599 inti¬

2956 3536 3019 3596 fixa
3052 3539 3137 3599 pour
3164 3539 3297 3599 toujoul

186 3541 387 3601 Schnitzler
412 3540 462 3600 n'a
486 3540 547 3600 pas
567 3540 759 3600 seulement
779 3539 853 3599 écri

2266 3581 2340 3641 ves,
2360 3582 2394 3642 du
2424 3583 2518 3643 vieux
2543 3584 2751 3644 Continent.
2766 3584 2795 3644 Il
2815 3586 2825 3646 a
2850 3584 2924 3644 reçu

886 3584 939 3644 me
966 3584 997 3644 ».
1014 3586 1045 3646 Il
1067 3584 1077 3644 a
1104 3584 1263 3644 appliqué
1291 3584 1338 3644 ses
1365 3585 1450 3645 dons
1471 3587 1534 3647 d'in

1584 3585 1667 3645 coup
1702 3586 1781 3646 plus
1811 3587 1993 3647 malléable
2023 3584 2082 3644 que
2117 3586 2141 3646 le
2176 3584 2215 3644 du

2951 3585 3076 3645 ropéen
3111 3586 3281 3646 décrépit,

193 3588 253 3648 des
296 3590 430 3650 drames
474 3587 508 3647 et
543 3589 599 3649 des
639 3590 759 3650 contes
799 3587 837 3647 qu

2262 3629 2301 3689 en
2351 3632 2420 3692 legs
2465 3632 2563 3692 l'âme
2614 3632 2836 3692 déchiquetée
2886 3632 2924 3692 du

885 3630 1096 3690 trospection
1125 3632 1196 3692 (qui
1216 3632 1288 3692 sent
1307 3633 1340 3693 un
1370 3632 1427 3692 peu
1451 3635 1556 3695 l'ana¬

1583 3632 1697 3692 Ibsen.
1733 3632 1837 3692 Aussi
1867 3634 1966 3694 bien,
1997 3633 2051 3693 son
2096 3632 2215 3692 humeu

2953 3632 3003 3692 cis
3042 3632 3081 3692 où
3127 3635 3187 3695 elle
3228 3635 3294 3695 s'ap

186 3638 322 3698 restent
351 3638 393 3698 du
432 3638 597 3698 domaine
631 3635 673 3695 de
707 3637 735 3697 la
768 3635 843 3695 litté

1581 3679 1742 3739 rêveuse,
1767 3680 1826 3740 son
1865 3682 2012 3742 instinct
2042 3679 2081 3739 de
2116 3680 2233 3740 joueur
2268 3676 2434 3736 faustien,
2454 3678 2483 3738 et
2509 3678 2635 3738 devant
2660 3679 2684 3739 la
2714 3679 2861 3739 douleur
2891 3679 2924 3739 de

884 3681 953 3741 lyse
978 3679 1140 3739 médicale
1171 3679 1204 3739 et
1225 3679 1289 3739 qui
1314 3680 1363 3740 est
1388 3682 1531 3742 peut-êtr

2961 3681 3052 3741 place
3089 3681 3124 3741 au
3166 3680 3308 3740 relativi

186 3685 301 3745 rature
336 3685 437 3745 pure.
462 3685 490 3745 Il
516 3685 529 3745 a
564 3684 641 3744 créé
670 3682 728 3742 des
757 3682 839 3742 type

2265 3724 2323 3784 son
2360 3727 2618 3787 effondrement
2646 3727 2877 3787 intellectuel,
2900 3727 2926 3787 il
2954 3727 3149 3787 nouveaux,
3181 3730 3239 3790 qui
3272 3728 3303 3788 re

1582 3728 1844 3788 l’éloignent-ils
1880 3728 1921 3788 du
1966 3729 1981 3789 «
2023 3727 2077 3787 cas
2113 3727 2229 3787 indivi

196 3733 255 3793 qui
296 3733 416 3793 jouent
457 3733 582 3793 encore
627 3732 712 3792 dans
758 3731 853 3791 notre
889 3727 1079 3787 spécifique
1110 3727 1150 3787 de
1180 3728 1210 3788 la
1241 3730 1315 3790 race
1346 3730 1456 3790 juive)
1487 3731 1546 3791 aux

2268 3775 2281 3835 a
2304 3775 2420 3835 essayé
2448 3775 2478 3835 de
2501 3775 2532 3835 se
2555 3775 2716 3835 consoler
2740 3775 2770 3835 en
2798 3775 2910 3835 s'adon

2953 3772 2997 3832 les
3031 3775 3131 3835 rêves
3171 3775 3209 3835 de
3243 3775 3276 3835 la

1581 3776 1664 3836 duel
1694 3778 1733 3838 »,
1758 3778 1772 3838 à
1807 3778 1994 3838 l’encontre
2029 3775 2068 3835 du
2108 3775 2221 3835 drama

880 3781 983 3841 types
1014 3776 1063 3836 les
1093 3777 1167 3837 plus
1197 3775 1345 3835 ingénus
1375 3776 1409 3836 de
1445 3778 1469 3838 la
1504 3776 1552 3836 so¬

190 3783 397 3843 conscience
431 3782 453 3842 le
487 3784 557 3844 rôle
586 3781 746 3841 d'entités
775 3780 844 3840 vala

2951 3823 3046 3883 Dans
3081 3823 3166 3883 cette
3202 3823 3301 3883 ouvir

1582 3826 1677 3886 turge
1704 3825 1882 3885 norvégien
1920 3826 2004 3886 dont
2025 3826 2051 3886 la
2078 3825 2130 3885 vie
2152 3825 2236 3885 était
2274 3823 2358 3883 nant
2385 3823 2416 3883 au
2448 3823 2495 3883 jeu
2527 3823 2569 3883 de
2590 3822 2753 3882 l'illusion
2785 3823 2917 3883 d'inspi

885 3823 990 3883 ciété.
1011 3823 1035 3883 Il
1057 3823 1066 3883 a
1092 3823 1198 3883 écrit,
1214 3824 1223 3884 à
1249 3823 1381 3883 l'instar
1407 3825 1441 3885 de
1462 3826 1537 3886 Sieg

190 3830 276 3890 bles.
311 3831 344 3891 Il
379 3831 393 3891 a
432 3832 509 3892 créé
549 3832 577 3892 la
616 3829 775 3889 comédie
815 3829 853 3889 de

1582 3874 1656 3934 plus
1697 3871 1883 3931 fortement
1918 3873 2043 3933 ancrée
2080 3873 2164 3933 dans
2205 3872 2235 3932 le
2270 3870 2376 3930 ration
2412 3870 2642 3930 romantique.
2668 3869 2698 3929 Il
2718 3869 2793 3929 créa
2829 3870 2864 3930 de
2895 3870 2924 3930 la
2955 3870 3025 3930 tion
3066 3870 3100 3930 de
3131 3870 3226 3930 l'âme
3262 3870 3291 3930 su

185 3879 334 3939 l'amour
366 3876 397 3936 et
421 3877 461 3937 de
493 3878 520 3938 la
557 3878 647 3938 mort
674 3876 733 3936 des
761 3874 851 3934 âmes
887 3870 987 3930 mund
1037 3873 1168 3933 Freud,
1209 3870 1263 3930 cet
1300 3872 1394 3932 autre
1440 3873 1544 3933 grand

2951 3918 3175 3978 conscience,
3205 3918 3288 3978 Schn

1577 3921 1653 3981 réel
1677 3919 1710 3979 et
1734 3920 1816 3980 chez
1845 3921 1902 3981 qui
1926 3921 1955 3981 le
1979 3921 2055 3981 rêve
2084 3920 2170 3980 était
2190 3918 2228 3978 un
2266 3916 2386 3976 poésie
2424 3918 2457 3978 en
2496 3917 2587 3977 guise
2626 3917 2663 3977 de
2702 3917 2907 3977 consolation

887 3921 1069 3981 Viennois,
1088 3921 1111 3981 la
1135 3921 1215 3981 plus
1234 3921 1374 3981 terrible
1398 3919 1454 3979 des
1478 3922 1533 3982 psy

185 3927 451 3987 sentimentales
523 3927 585 3987 par
653 3924 848 3984 excellence

2954 3966 3099 4026 critique
3138 3966 3201 4026 par
3245 3963 3273 4023 x

2264 3965 2401 4025 comme
2431 3966 2489 4026 une
2514 3966 2602 4026 sorte
2632 3965 2669 4025 de
2694 3966 2902 4026 complémen

1575 3969 1642 4029 fait
1687 3968 1784 4028 assez
1833 3969 1927 4029 rare.
1972 3969 2065 4029 Ibsen
2118 3967 2225 4027 faisai

880 3969 1094 4029 chanalyses
1114 3969 1127 4029 ;
1179 3969 1207 4029 il
1259 3969 1277 4029 a
1338 3969 1548 4029 décomposé

188 3975 279 4035 Dans
331 3973 348 4033 «
383 3975 525 4035 Anatole
565 3974 603 4034 »,
638 3975 850 4035 l'amoureux

1581 4017 1809 4077 comparaître
1834 4017 2029 4077 l'humanité
2048 4014 2172 4074 devant
2191 4014 2229 4074 un
2268 4014 2305 4074 de
2335 4014 2363 4074 la
2392 4016 2463 4076 vie;
2482 4015 2510 4075 il
2530 4014 2563 4074 se
2592 4013 2668 4073 créa
2697 4013 2735 4073 un
2769 4013 2921 4073 bonheur
2950 4012 3083 4072 époque
3122 4011 3154 4071 et
3188 4013 3226 4073 un
3270 4011 3288 4071 p

888 4017 1047 4077 l'homme
1085 4017 1120 4077 en
1162 4017 1212 4077 ses
1249 4017 1395 4077 atomes,
1423 4018 1459 4078 en
1500 4017 1550 4077 set

192 4023 485 4083 délicieusement
541 4022 683 4082 infidéle
744 4021 860 4081 devise

1584 4065 1742 4125 tribunal
1778 4063 1819 4123 de
1861 4065 2066 4125 conscience
2108 4064 2243 4124 sévère,
2273 4062 2426 4122 illusoire
2456 4062 2579 4122 devant
2609 4062 2650 4122 les
2680 4061 2856 4121 malheurs
2880 4063 2921 4123 de
2951 4062 3250 4122 contemporaine.

190 4074 271 4134 avec
309 4073 403 4133 Max,
422 4073 478 4133 son
516 4071 590 4131 ami
616 4071 811 4131 sceptique,
836 4070 854 4130 à
887 4066 1067 4126 moindres
1100 4068 1269 4128 nuances,
1288 4068 1338 4128 et,
1357 4067 1394 4127 en
1426 4066 1551 4126 vérita-
