3248 4384
202 303 226 363 2

350 318 937 378 Schnitzler's
1008 325 1232 385 Death

1447 330 1580 390 box
1662 336 1850 396 43/7

256 1826 506 1886 mehrjähriger
540 1831 669 1891 Praxis
694 1837 831 1897 wandte
856 1838 888 1898 er
913 1841 969 1901 sich
1010 1844 1074 1904 dem
1132 1847 1212 1907 li=,
1230 1851 1277 1911 zur
1311 1853 1399 1913 Hand
1432 1856 1529 1916 gehen
1562 1858 1691 1918 konnte.

251 1876 449 1936 terarischen
489 1880 643 1940 Schaffen
689 1886 743 1946 zu,
771 1887 799 1947 in
844 1887 904 1947 das
944 1891 1020 1951 aber
1060 1895 1181 1955 immer

1263 1902 1312 1962 In
1351 1904 1439 1964 einem
1484 1907 1626 1967 Nachruf
1655 1911 1743 1971 heißt
1771 1910 1803 1970 es
1837 1912 1897 1972 von
1931 1915 1986 1975 dem
2036 1919 2135 1979 heim¬

251 1925 317 1985 und
359 1928 477 1988 immer
514 1930 637 1990 wieder
674 1932 735 1992 das
777 1936 916 1996 Erleben
957 1940 1014 2000 des
1050 1942 1168 2002 Arztes

1220 1951 1431 2011 gegangenen
1469 1956 1615 2016 Dichter:
1648 1960 1713 2020 „Er
1746 1960 1816 2020 war
1850 1963 1898 2023 ein
1931 1965 2055 2025 feiner,
2083 1968 2131 2028 ein

249 1975 458 2035 tiefgründig
492 1981 747 2041 hineinspielte.
771 1984 844 2044 Mit
867 1988 958 2048 einem
998 1993 1179 2053 Einakter¬

1220 2002 1464 2062 grundgütiger
1492 2005 1636 2065 Mensch,
1659 2006 1703 2066 ein
1731 2011 1847 2071 treuer
1870 2014 2003 2074 Freund
2032 2016 2136 2076 seiner

245 2023 358 2083 zyklus
392 2029 589 2089 „Anatol",
607 2032 662 2092 der
686 2032 759 2092 eine
788 2035 889 2095 kleine
912 2038 1007 2098 Welt
1030 2043 1086 2103 aus
1121 2044 1171 2104 der

1220 2050 1391 2110 Freunde,
1408 2053 1468 2113 frei
1491 2053 1545 2113 von
1574 2056 1661 2116 jedem
1701 2059 1932 2119 Eigendünkel
1955 2062 2015 2122 und
2043 2065 2131 2125 jeder

245 2074 555 2134 Lebemannsschau
611 2083 771 2143 gesehen,
828 2086 1021 2146 umzirkelt,
1083 2092 1171 2152 faßte

1219 2100 1587 2160 Selbstüberschätzung.
1631 2105 1679 2165 Er
1712 2107 1782 2167 war
1810 2110 1863 2170 von
1896 2110 1988 2170 einer
2016 2111 2134 2171 mimo¬

246 2122 423 2182 Schnitzler
448 2128 530 2188 rasch
554 2131 625 2191 Fuß
655 2132 714 2192 auf
738 2132 791 2192 den
822 2136 980 2196 deutschen
1011 2140 1176 2200 Bühnen.

1219 2147 1378 2207 senhaften
1413 2152 1528 2212 Scheu,
1551 2154 1667 2214 abhold
1695 2156 1750 2216 dem
1790 2158 1878 2218 Lärm
1917 2160 1967 2220 des
2001 2161 2122 2221 offenen

242 2172 342 2232 Dann
374 2173 453 2233 aber
480 2178 612 2238 wandte
639 2178 670 2238 er
697 2181 744 2241 sich
776 2184 934 2244 ernsteren
967 2189 1161 2249 Problemen

1217 2196 1386 2256 Marktes.
1427 2202 1523 2262 Aber
1546 2203 1579 2263 er
1609 2202 1693 2262 lebte
1722 2206 1767 2266 die
1796 2210 1914 2270 großen
1949 2212 2130 2272 Ereignisse

238 2223 294 2283 zu.
363 2225 520 2285 Weitere
571 2229 791 2289 dramatische
842 2235 960 2295 Werke
1017 2241 1169 2301 folgten:

1213 2245 1267 2305 der
1300 2248 1391 2308 Zeit,
1418 2250 1445 2310 in
1483 2250 1525 2310 die
1559 2250 1590 2310 er
1623 2256 1882 2316 hineingeboren
1921 2260 2012 2320 war,
2056 2262 2130 2322 mit.

243 2271 455 2331 „Liebelei",
480 2279 751 2339 „Paracelsus",
799 2286 887 2346 „Der
940 2289 1046 2349 grüne
1100 2289 1170 2349 Ka-

1215 2295 1317 2355 Seine
1345 2300 1545 2360 Teilnahme
1572 2301 1610 2361 an
1643 2304 1697 2364 dem
1741 2307 1805 2367 Los
1833 2308 1892 2368 der
1936 2310 2125 2370 Enterbten

239 2319 365 2379 kadu",
401 2328 492 2388 „Der
539 2331 643 2391 junge
689 2334 931 2394 Medardus",
973 2340 1162 2400 „Professor

1211 2346 1281 2406 war
1309 2348 1390 2408 alles
1423 2349 1498 2409 eher
1521 2352 1601 2412 denn
1634 2355 1775 2415 gemacht
1803 2356 1878 2416 oder
1906 2360 2128 2420 oberflächlich

239 2372 479 2432 Bernhardi“,
504 2378 733 2438 „Freiwild",
758 2384 1053 2444 „Vermächtnis",
1077 2390 1167 2450 „Der

1208 2396 1463 2456 angeschminkt.
1503 2399 1571 2459 Er,
1589 2402 1645 2462 der
1675 2402 1759 2462 sonst
1782 2404 1828 2464 ein
1879 2405 2027 2465 Meister
2073 2409 2129 2469 der

240 2420 384 2480 einsame
421 2425 548 2485 Weg",
578 2430 663 2490 „Die
700 2429 808 2489 letzten
851 2434 1038 2494 Masken“,
1069 2439 1171 2499 „Rei¬

1210 2447 1408 2507 Selbstzucht
1437 2450 1572 2510 gewesen
1606 2453 1662 2513 ist,
1685 2453 1798 2513 konnte
1827 2456 1984 2516 entgegen
2019 2459 2125 2519 seiner

238 2471 335 2531 gen“,
357 2474 394 2534 um
439 2474 497 2534 nur
525 2477 573 2537 die
601 2480 828 2540 bekanntesten
856 2485 888 2545 zu
916 2486 1067 2546 nennen.
1089 2489 1164 2549 Wir

1208 2495 1363 2555 sonstigen
1405 2497 1473 2557 Art
1509 2498 1537 2558 in
1578 2504 1768 2564 glühender
1803 2508 2028 2568 Leidenschaft
2052 2508 2126 2568 auf¬

234 2519 358 2579 besitzen
396 2525 487 2585 einen
526 2528 671 2588 einzigen
726 2531 844 2591 großen
904 2535 1039 2595 Roman
1093 2537 1152 2597 von

1205 2544 1367 2604 brausen,
1389 2546 1481 2606 wenn
1514 2549 1545 2609 er
1573 2550 1632 2610 von
1671 2552 1811 2612 Unrecht
1860 2555 1925 2615 und
1974 2558 2125 2618 schnöder

239 2570 365 2630 Arthur
395 2574 598 2634 Schnitzler,
621 2579 690 2639 eine
720 2580 888 2640 Synthese
917 2584 974 2644 des
1004 2587 1154 2647 geistigen

1203 2591 1345 2651 Gewalt
1374 2596 1506 2656 erfuhr.
1551 2597 1633 2657 Mit
1662 2601 1767 2661 seiner
1801 2605 1922 2665 ganzen
1961 2608 2127 2668 Herzens¬

240 2618 296 2678 und
337 2623 637 2683 gesellschaftlichen
683 2627 825 2687 Wiener
860 2632 990 2692 Lebens
1031 2635 1092 2695 vor
1121 2635 1160 2695 30

1204 2641 1328 2701 wärme
1358 2644 1419 2704 und
1448 2648 1816 2708 Liebesbedürftigkeit
1840 2654 1913 2714 hing
1942 2656 1975 2716 er
1999 2656 2038 2716 an
2073 2656 2129 2716 sei¬

238 2668 379 2728 Jahren.
421 2674 585 2734 Novellen
620 2677 676 2737 hat
701 2677 734 2737 er
757 2679 825 2739 eine
854 2683 956 2743 ganze
980 2683 1088 2743 Reihe
1111 2686 1162 2746 ge¬

1206 2692 1260 2752 nen
1294 2693 1464 2753 Kindern,
1481 2695 1514 2755 an
1542 2698 1646 2758 seinem
1686 2701 1802 2761 Sohn,
1813 2703 1868 2763 der
1890 2705 1917 2765 zu
1946 2704 2000 2764 den
2028 2704 2127 2764 stärk¬

235 2719 411 2779 schrieben,
434 2722 483 2782 die
512 2725 628 2785 wahre
662 2728 861 2788 Kleinodien
895 2731 989 2791 einer
1017 2734 1161 2794 gepfleg¬

1202 2743 1259 2803 sten
1289 2743 1502 2803 Hoffnungen
1531 2746 1582 2806 der
1606 2749 1767 2809 deutschen
1803 2753 1998 2813 Regiekunst
2022 2756 2125 2816 zählt,

235 2767 282 2827 ten
312 2773 577 2833 Erzählerkunst
602 2776 690 2836 sind.
732 2779 797 2839 Die
821 2780 938 2840 zuletzt
963 2785 1163 2845 aufgeführ¬

1202 2791 1262 2851 und
1302 2791 1334 2851 an
1373 2793 1478 2853 seiner
1506 2795 1660 2855 Tochter,
1683 2798 1776 2858 deren
1810 2803 1992 2863 plötzliches
2026 2803 2119 2863 Ster¬

229 2817 279 2877 ten
331 2820 449 2880 Werke
495 2826 624 2886 „Spiel
664 2826 720 2886 der
766 2829 1042 2889 Sommerlüfte“
1088 2832 1150 2892 und

1190 2838 1249 2898 ben
1285 2841 1338 2901 ihn
1374 2841 1451 2901 über
1481 2844 1582 2904 Nacht
1630 2847 1671 2907 um
1737 2850 1950 2910 Jahrzehnte
2004 2853 2110 2913 altern

231 2868 346 2928 „Gang
380 2871 434 2931 zum
480 2874 633 2934 Weiher"
667 2877 766 2937 gaben
800 2877 855 2937 dem
894 2880 1015 2940 rastlos
1044 2882 1159 2942 arbei¬

1202 2887 1287 2947 ließ.

231 2916 341 2976 tenden
380 2922 508 2982 Dichter
536 2925 779 2985 Gelegenheit,
803 2928 880 2988 neue
908 2928 1091 2988 Probleme
1119 2932 1152 2992 zu

1243 2935 1300 2995 Ein
1341 2940 1427 3000 edler
1462 2945 1716 3005 Repräsentant
1752 2946 1947 3006 Österreichs
1983 2949 2022 3009 ist
2058 2949 2121 3009 mit

227 2967 431 3027 behandeln.
477 2972 537 3032 Als
565 2974 653 3034 Sohn
688 2976 775 3036 eines
804 2979 1152 3039 Burgtheaterarztes

1203 2985 1332 3045 Arthur
1356 2991 1531 3051 Schnitzler
1549 2991 1599 3051 ins
1628 2994 1718 3054 Grab
1742 2997 1922 3057 gesunken,
1940 2999 2008 3059 eine
2031 2997 2126 3057 Dich¬

230 3015 319 3075 hatte
344 3021 524 3081 Schnitzler
543 3022 627 3082 schon
658 3024 730 3084 früh
761 3026 904 3086 Einblick
923 3028 953 3088 in
978 3029 1038 3089 das
1062 3029 1158 3089 Büh¬

1193 3035 1349 3095 terseele,
1372 3035 1426 3095 die
1453 3038 1480 3098 im
1529 3041 1659 3101 Kampf
1686 3044 1756 3104 ums
1794 3044 1891 3104 Recht
1919 3047 1983 3107 und
2016 3048 2108 3108 gegen

228 3065 454 3125 nengeschehen
492 3071 675 3131 bekommen
707 3073 770 3133 und
797 3074 975 3134 zeitlebens
1002 3077 1086 3137 blieb
1118 3077 1149 3137 er

1197 3083 1246 3143 die
1274 3086 1446 3146 Heuchelei
1474 3089 1628 3149 erglühen
1685 3092 1828 3152 konnte,
1872 3095 1933 3155 wie
1989 3096 2116 3156 wenige

229 3111 282 3171 dem
331 3116 482 3176 Theater
521 3119 585 3179 mit
618 3121 763 3181 seltenem
813 3125 1039 3185 Verständnis
1083 3127 1153 3187 ver¬

1195 3131 1297 3191 neben
1330 3135 1416 3195 ihm.
1460 3137 1519 3197 Ein
1552 3140 1751 3200 Aufrührer
1784 3143 1855 3203 war
1882 3143 1936 3203 der
1963 3143 2120 3203 Verstor¬

229 3164 378 3224 bunden,
400 3167 489 3227 sodaß
523 3169 555 3229 er
578 3170 632 3230 den
666 3170 871 3230 Darstellern
904 3174 1009 3234 seiner
1038 3176 1153 3236 Werke

1192 3181 1274 3241 bene
1308 3182 1407 3242 nicht.
1453 3185 1557 3245 Seine
1614 3191 1852 3251 messerscharfe
1908 3193 2112 3253 Erkenntnis

223 3212 267 3272 oft
291 3215 352 3275 mit
376 3218 603 3278 wertvollsten
632 3223 899 3283 psychologischen
928 3227 1143 3287 Aufschlüssen

1194 3230 1278 3290 alles
1307 3233 1469 3293 Seienden
1504 3237 1678 3297 vermochte
1707 3240 1735 3300 in
1764 3242 1814 3302 die
1837 3242 1926 3302 Tiefe
1955 3244 2045 3304 eines
2074 3245 2118 3305 je¬

2180 1871 2231 1931 den
2266 1874 2364 1934 Übels
2394 1877 2427 1937 zu
2458 1877 2613 1937 dringen.
2660 1880 2723 1940 Die
2747 1883 2874 1943 Phrase
2903 1883 2983 1943 aber
3013 1885 3093 1945 blieb

2178 1922 2228 1982 ihm
2274 1922 2302 1982 im
2342 1925 2523 1985 Innersten
2557 1928 2698 1988 verhaßt
2722 1929 2784 1989 und
2818 1932 2840 1992 so
2875 1932 2942 1992 war
2966 1935 3000 1995 es
3029 1936 3079 1996 ihm

2172 1967 2247 2027 denn
2294 1974 2428 2034 versagt
2458 1975 2516 2035 für
2546 1975 2667 2035 soziale
2703 1977 2767 2037 und
2803 1979 2966 2039 politische
3001 1982 3099 2042 Miß¬

2177 2020 2280 2080 stände
2310 2023 2565 2083 Allheilmittel
2588 2026 2826 2086 anzupreisen.
2867 2029 2959 2089 Weil
2983 2034 3011 2094 er
3041 2035 3092 2095 als

2174 2068 2220 2128 ein
2255 2069 2341 2129 ernst
2371 2071 2433 2131 und
2463 2074 2683 2134 aufrichtiger
2712 2077 2897 2137 Suchender
2927 2081 2984 2141 vom
3031 2083 3094 2143 Be¬

2172 2116 2235 2176 cher
2270 2119 2321 2179 des
2357 2122 2483 2182 Lebens
2518 2124 2633 2184 trank,
2663 2125 2743 2185 blieb
2778 2125 2829 2185 ihm
2882 2129 2950 2189 nach
2980 2134 3071 2194 jedem

2174 2165 2271 2225 tiefen
2312 2169 2381 2229 Zug
2422 2169 2480 2229 der
2515 2171 2636 2231 bittere
2671 2175 3000 2235 Wermutgeschmack
3036 2182 3093 2242 auf

2169 2214 2228 2274 den
2264 2217 2405 2277 Lippen.
2447 2218 2547 2278 Diese
2571 2220 2672 2280 herbe
2702 2223 2908 2283 Erkenntnis
2939 2228 2997 2288 ließ
3033 2229 3085 2289 ihn

2172 2265 2218 2325 die
2247 2265 2362 2325 Worte
2392 2271 2536 2331 prägen:
2566 2271 2670 2331 „Was
2699 2271 2762 2331 uns
2792 2276 2907 2336 daheim
2949 2278 3006 2338 auf
3030 2277 3092 2337 Er¬

2172 2313 2225 2373 den
2262 2316 2376 2376 fühlen
2413 2319 2502 2379 läßt,
2527 2319 2569 2379 ist
2600 2322 2738 2382 allerlei
2769 2323 2913 2383 Betrug,
2938 2328 2992 2388 der
3023 2328 3082 2388 uns

2173 2364 2321 2424 umgibt.
2363 2367 2450 2427 Wer
2478 2370 2661 2430 Wahrheit
2695 2374 2797 2434 sucht,
2818 2375 2858 2435 ist
2885 2375 2987 2435 fremd
3022 2376 3082 2436 und

2167 2411 2277 2471 bleibt
2307 2414 2434 2474 allein.

2216 2461 2289 2521 Mit
2310 2464 2364 2524 dem
2405 2467 2614 2527 Geständnis
2642 2470 2743 2530 seines
2771 2471 3014 2531 „Paracelsus"
3049 2472 3082 2532 sei

2166 2510 2223 2570 dem
2275 2512 2361 2572 toten
2398 2513 2529 2573 Dichter
2566 2517 2609 2577 ein
2646 2519 2754 2579 letztes
2785 2522 2965 2582 Lebewohl
2995 2525 3088 2585 zuge¬

2169 2561 2289 2621 rufen:

2167 2610 2234 2670 „Es
2262 2611 2384 2671 fließen
2419 2614 2622 2674 ineinander
2650 2616 2758 2676 Traum
2807 2617 2867 2677 und
2895 2620 3051 2680 Wachen,

2170 2658 2350 2718 Wahrheit
2375 2662 2441 2722 und
2472 2662 2574 2722 Lüge.
2593 2665 2780 2725 Sicherheit
2805 2668 2846 2728 ist
2871 2668 3046 2728 nirgends.

2169 2707 2239 2767 Wir
2270 2710 2370 2770 wissen
2406 2710 2506 2770 nichts
2536 2711 2589 2771 von
2625 2716 2766 2776 andern,
2786 2716 2885 2776 nichts
2915 2719 2968 2779 von
2999 2722 3086 2782 uns;

2167 2755 2244 2815 Wir
2269 2758 2383 2818 spielen
2414 2761 2552 2821 immer;
2577 2763 2636 2823 wer
2661 2764 2697 2824 es
2721 2765 2799 2825 weiß
2830 2767 2865 2827 ist
2884 2770 2974 2830 klug.
