3392 4384
217 211 358 271 nsale
406 214 436 274 de
492 213 562 273 aver
602 216 735 276 dennoch
768 217 790 277 in
838 220 1073 280 Vergessenheit

212 254 350 314 gesunken
385 255 434 315 ist,
450 255 538 315 selbst
563 256 607 316 die
632 257 726 317 besten
756 259 909 319 Absichten
939 261 1067 321 wurden

205 297 369 357 verkannt.
397 295 548 355 Petrucci
576 298 613 358 ist
641 300 755 360 stärker
788 301 975 361 geworden:
1026 301 1053 361 im

214 339 352 399 Wollen,
397 339 456 399 das
511 338 564 398 sich
620 340 678 400 auf
728 339 777 399 die
827 344 975 404 Tatsache
1020 345 1069 405 des

213 381 377 441 Arbeitens
401 380 518 440 bezieht
551 381 611 441 und
635 381 663 441 im
706 384 805 444 Wesen
838 384 893 444 und
922 386 950 446 im
988 387 1077 447 Aus¬

210 422 291 482 druck
321 419 412 479 dieses
446 422 639 482 Arbeitens.
664 422 711 482 Es
741 424 779 484 ist
809 425 871 485 dies
910 428 1069 488 eigentlich

205 464 253 524 die
301 461 378 521 erste
427 464 784 524 Kollektivausstellung
837 468 899 528 von
953 470 1078 530 einiger

202 506 409 566 Bedeutung,
447 506 498 566 die
527 506 583 566 seit
621 509 738 569 gestern
790 509 823 569 in
875 510 926 570 der
955 512 1063 572 Neuen

214 548 338 608 Galerie
363 548 386 608 zu
420 548 502 608 sehen
531 548 569 608 ist
598 548 660 608 und
685 551 732 611 die
757 551 972 611 Rechenschaft
997 553 1068 613 über

207 590 259 650 das
288 590 432 650 Schaffen
471 590 518 650 des
548 591 715 651 Künstlers
744 595 864 655 ablegt.
884 594 960 654 Vier
989 595 1075 655 Pro¬

205 634 278 694 jekte
328 634 402 694 (mit
422 632 491 692 drei
516 631 698 691 Modellen)
738 635 802 695 und
852 634 886 694 13
916 637 1073 697 Bildnisse

202 673 329 733 wenden
362 673 407 733 sich
439 674 471 734 an
503 676 553 736 den
585 676 785 736 Betrachter,
804 676 854 736 dem
895 679 1068 739 allerdings

205 718 270 778 nur
301 718 422 778 wenige
453 718 538 778 Tage
569 718 625 778 zur
656 720 874 780 Besichtigung
910 721 965 781 zur
996 721 1076 781 Ver¬

204 760 320 820 fügung
353 760 475 820 stehen,
503 760 566 820 und
599 763 683 823 zwar
717 764 753 824 ist
786 763 827 823 die
861 763 1068 823 Ausstellung

205 805 288 865 nur
333 805 382 865 an
432 806 535 866 vier
575 810 727 870 Tagen
777 810 885 870 offen;
925 811 1077 871 heute,

206 846 460 906 Donnerstag,

503 846 715 906 morgen,

782 850 926 910 Freitag,
1004 850 1065 910 und

200 888 461 948 Dienstag,
482 891 536 951 den
567 891 602 951 6.
628 892 673 952 d.,
694 892 749 952 von
795 891 809 951 9
855 892 905 952 bis
946 893 960 953 1
1006 894 1066 954 und

205 933 264 993 von
294 933 303 993 3
338 936 382 996 bis
407 936 441 996 6,
461 937 520 997 und
550 936 792 996 Samstag,
812 938 861 998 den
891 937 925 997 3.
945 939 989 999 b.,
1009 939 1063 999 von

203 975 218 1035 9
256 976 303 1036 bis
336 977 373 1037 1.
400 975 447 1035 An
485 977 538 1037 den
581 979 799 1039 Pfingsttagen
837 979 879 1039 ist
906 980 954 1040 die
986 981 1076 1041 Neue

209 1019 338 1079 Galerie
371 1018 570 1078 geschlossen.

295 1061 360 1121 Von
395 1061 541 1121 aktuellem
587 1061 748 1121 Interesse
774 1063 809 1123 ist
835 1062 885 1122 der
915 1064 1071 1124 Entwurf

209 1106 233 1166 zu
268 1103 351 1163 einem
396 1103 528 1163 Richard
559 1106 892 1166 Wagner=Denkmal.
913 1109 1075 1169 Petrucci,

206 1146 253 1206 als
281 1148 468 1208 Italiener,
501 1148 612 1208 konnte
651 1148 701 1208 den
739 1148 949 1208 Wettbewerb
992 1150 1075 1210 nicht

203 1190 413 1250 mitmachen,
442 1190 526 1250 hatte
559 1190 647 1250 aber,
676 1190 731 1250 wie
764 1193 909 1253 berichtet
942 1193 1063 1253 worden

205 1231 291 1291 war,
310 1232 410 1292 seinen
440 1232 602 1292 Entwurf
622 1235 704 1295 schon
738 1235 795 1295 vor
819 1235 872 1295 der
901 1235 1063 1295 offiziellen

207 1275 408 1335 Ausstellung
447 1274 495 1334 der
529 1276 702 1336 Entwürfe
736 1276 760 1336 in
803 1276 899 1336 seinem
952 1279 1072 1339 Atelier

205 1318 254 1378 der
290 1318 507 1378 Besichtigung
543 1321 755 1381 freigegeben.
781 1321 861 1381 Was
892 1320 952 1380 sein
988 1320 1073 1380 Pro¬

210 1361 262 1421 jekt
291 1360 382 1420 neben
417 1363 464 1423 die
493 1363 632 1423 wenigen
666 1364 743 1424 ganz
767 1363 858 1423 guten
892 1363 944 1423 des
974 1363 1074 1423 Wett¬

202 1405 345 1465 bewerbs
375 1405 468 1465 stellt,
498 1407 537 1467 ist
572 1405 616 1465 die
656 1405 778 1465 niedere
804 1406 1006 1466 Kreisform,
1036 1408 1074 1468 ist

203 1447 259 1507 vor
301 1447 381 1507 allem
442 1447 489 1507 die
531 1447 676 1507 Tatsache
719 1447 770 1507 des
812 1450 971 1510 Ausbaus
1019 1449 1069 1509 des

204 1489 329 1549 offenen
373 1490 614 1550 Innenraums
657 1493 690 1553 zu
740 1492 826 1552 einem
884 1492 937 1552 für
981 1493 1077 1553 musi¬

205 1530 323 1590 kalische
348 1533 604 1593 Vorführungen
653 1533 732 1593 aller
777 1533 840 1593 Art
885 1536 1062 1596 geeigneten

204 1575 464 1635 Amphitheater.
489 1576 606 1636 (Musik
631 1577 710 1637 nicht
735 1576 794 1636 nur
819 1578 843 1638 in
878 1578 931 1638 der
956 1578 1069 1638 Stein¬

204 1621 336 1681 Form.)
376 1623 444 1683 Der
489 1623 552 1683 sehr
597 1623 794 1683 eigenartige
833 1623 990 1683 Entwurf
1030 1629 1059 1689 zu

203 1662 291 1722 einem
367 1662 652 1722 Radic=Denkmal
709 1664 783 1724 liegt
840 1663 952 1723 zeitlich
1013 1665 1049 1725 am

205 1705 353 1765 weitesten
391 1704 491 1764 zurück
523 1705 581 1765 und
613 1705 644 1765 ist
671 1706 724 1766 das
756 1707 898 1767 geglückte
926 1707 1068 1767 Beispiel

205 1745 254 1805 für
284 1745 328 1805 die
358 1748 608 1808 Eingliederung
643 1748 691 1808 des
721 1748 730 1808 —
790 1748 1060 1808 außerordentlich

202 1790 436 1850 monumental
483 1790 663 1850 gestalteten

799 1790 952 1850 figuralen
990 1792 1064 1852 Ele¬

206 1832 306 1892 ments
342 1834 367 1894 in
403 1832 449 1892 die
480 1835 677 1895 Landschaft.
719 1834 779 1894 Als
810 1833 855 1893 die
891 1835 1068 1895 erfolgreich

204 1878 356 1938 gegebene
386 1880 499 1940 Arbeit
524 1880 572 1940 des
602 1877 1000 1937 Ingenieur=Architekten
1035 1880 1059 1940 in

202 1919 412 1979 Verbindung
447 1919 504 1979 mit
528 1919 576 1979 dem
619 1921 796 1981 Bildhauer
826 1922 916 1982 bietet
941 1922 988 1982 sich
1018 1920 1065 1980 der

208 1960 361 2020 Entwurf
404 1964 437 2024 zu
496 1963 582 2023 einem
654 1963 716 2023 (der
764 1963 970 2023 Kinderwelt
1014 1965 1066 2025 ge¬

199 2008 398 2068 widmeten)
426 2008 712 2068 Urtier=Denkmal
739 2010 814 2070 dar,
836 2011 890 2071 das
923 2011 977 2071 für
1004 2011 1057 2071 den

217 2119 486 2179 Herrmannpark
529 2114 697 2174 unterhalb
746 2112 798 2172 der
847 2109 966 2169 Urania
1020 2107 1053 2167 am

220 2162 440 2222 Donaukanal
461 2158 586 2218 gedacht
607 2159 657 2219 ist.
677 2155 757 2215 Auch
783 2153 833 2213 der
858 2152 1014 2212 Entwurf
1035 2150 1064 2210 zu

224 2208 301 2268 einem
353 2202 476 2262 Arthur
518 2198 865 2258 Schnitzler=Denkmal
891 2195 978 2255 zeigt,
1015 2190 1066 2250 wie

222 2248 285 2308 sehr
309 2245 459 2305 Petrusei
477 2244 563 2304 nicht
581 2242 644 2302 nur
668 2243 719 2303 dem
760 2235 939 2295 Aldhauer
963 2237 985 2297 in
1021 2235 1066 2295 sich

218 2290 280 2350 alle
309 2292 415 2352 Rechte
439 2289 607 2349 zugesteht,
630 2286 675 2346 die
698 2285 726 2345 ja
755 2282 810 2342 aus
845 2280 991 2340 Pflichten
1025 2274 1076 2334 er¬

222 2333 370 2393 wachsen,
390 2334 514 2394 sondern
548 2330 606 2390 wie
630 2328 692 2388 sehr
716 2328 745 2388 er
770 2325 884 2385 immer
909 2322 966 2382 aus
995 2322 1076 2382 einer

222 2375 526 2435 Gesamtstimmung
552 2372 671 2432 schafft,
688 2370 744 2430 wie
770 2370 795 2430 er
822 2366 940 2426 darauf
961 2364 1080 2424 bedacht

222 2420 271 2480 ist,
302 2420 402 2480 seinen
439 2416 654 2476 Denkmälern
701 2413 745 2473 die
781 2410 957 2470 natürliche
998 2405 1083 2465 Ver¬

226 2462 417 2522 bundenheit
438 2461 463 2521 zu
495 2459 644 2519 belassen,
665 2456 706 2516 die
727 2454 774 2514 sich
805 2453 856 2513 aus
883 2453 934 2513 dem
976 2450 1073 2510 Wesen

226 2507 270 2567 des
305 2507 334 2567 zu
374 2504 580 2564 gestaltenden
620 2500 781 2560 Menschen
821 2497 885 2557 und
920 2495 978 2555 aus
1013 2492 1062 2552 dem

219 2546 319 2606 Wesen
356 2546 406 2606 der
437 2546 534 2606 diesem
580 2543 768 2603 verhafteten
809 2537 952 2597 Umwelt
978 2537 1094 2597 ergibt.

224 2589 385 2649 Petruccis
427 2588 604 2648 Schnitzler
645 2583 781 2643 spaziert
818 2582 858 2642 am
914 2579 1091 2639 Sommer¬

221 2632 423 2692 haidenweg;
471 2631 501 2691 es
538 2630 574 2690 ist
606 2629 647 2689 ein
684 2626 856 2686 feierliches
893 2623 1090 2683 Spazieren;

222 2677 291 2737 was
321 2675 409 2735 durch
444 2674 488 2734 die
518 2671 729 2731 Einordnung
759 2669 812 2729 der
838 2668 940 2728 Figur
971 2666 995 2726 in
1030 2664 1083 2724 das

223 2719 484 2779 architektonische
514 2715 639 2775 Gefüge
665 2714 715 2774 des
751 2710 926 2770 Denkmals
957 2710 1017 2770 und
1053 2707 1077 2767 in

221 2762 267 2822 die
298 2761 385 2821 feine
427 2759 560 2819 Anmut
597 2758 648 2818 der
696 2752 1087 2812 Wienerwaldlandschaft

231 2805 351 2865 sichtbar
379 2803 479 2863 wird.
501 2803 574 2863 Was
607 2802 686 2862 hier,
708 2800 733 2860 in
766 2798 861 2858 diesem
904 2797 993 2857 Falle
1026 2793 1083 2853 und

224 2849 250 2909 in
288 2847 340 2907 den
378 2847 526 2907 früheren
586 2846 718 2906 Fellen,
762 2841 846 2901 nicht
900 2839 1085 2899 beschrieben

226 2892 347 2952 werden
378 2889 504 2949 konnte,
525 2889 601 2949 weil
621 2889 651 2949 es
682 2888 707 2948 zu
738 2886 813 2946 weit
834 2884 960 2944 führte,
982 2883 1032 2943 das
1062 2883 1097 2943 ist

224 2934 282 2994 aus
314 2934 495 2994 Zeichnung
527 2931 590 2991 und
617 2931 744 2991 Modell
793 2928 973 2988 abzulesen.
1021 2925 1090 2985 Und

222 2978 272 3038 das
303 2977 337 3037 ist
358 2978 408 3038 das
439 2976 677 3036 Durchdringen
708 2973 758 3033 der
784 2971 991 3031 gedanklichen
1027 2969 1082 3029 und

222 3023 269 3083 der
296 3021 472 3081 plastischen
510 3022 595 3082 Idee
622 3018 686 3078 mit
708 3017 862 3077 seelischen
895 3015 1022 3075 Werten
1060 3015 1086 3075 in

224 3066 310 3126 jedem
353 3062 483 3122 Detail.

317 3104 486 3164 Petruccis
534 3101 697 3161 Bildnisse
746 3101 809 3161 sind
863 3099 920 3159 von
979 3098 1089 3158 starker

234 3149 534 3209 Eindringlichkeit.
580 3146 624 3206 Es
659 3147 721 3207 gilt
750 3144 801 3204 für
835 3144 892 3204 sie,
938 3143 1011 3203 was
1040 3142 1096 3202 für

230 3192 273 3252 die
300 3195 381 3255 jedes
409 3191 609 3251 Bildhauers
642 3189 669 3249 zu
696 3188 793 3248 gelten
827 3188 897 3248 hat,
935 3188 989 3248 der
1033 3185 1092 3245 auf

237 3236 278 3296 sich
332 3236 395 3296 und
448 3236 505 3296 auf
538 3235 595 3295 sein
633 3232 859 3292 kunstlerisches
892 3230 970 3290 Maß
1003 3230 1092 3290 eben¬

239 3280 331 3340 soviel
368 3278 440 3338 hält
498 3277 559 3337 wie
601 3278 663 3338 auf
700 3275 746 3335 die
778 3274 1005 3334 Forderungen
1047 3271 1098 3331 der

236 3326 315 3386 Zeit.
358 3322 485 3382 Gerade
512 3320 538 3380 in
576 3319 623 3379 der
650 3318 856 3378 Wiedergabe
883 3316 930 3376 des
963 3316 1095 3376 mensch¬

235 3367 322 3427 lichen
359 3366 508 3426 Antlitzes
545 3365 622 3425 zeigt
649 3361 695 3421 sich
732 3361 881 3421 Petrucci
929 3361 995 3421 sehr
1037 3357 1099 3417 un¬

236 3412 411 3472 befangen;
452 3409 482 3469 er
513 3409 577 3469 hält
603 3409 648 3469 sich
679 3407 713 3467 an
744 3405 804 3465 kein
835 3404 965 3464 Schema
1031 3403 1091 3463 und

238 3456 317 3516 nicht
342 3454 471 3514 einmal
496 3452 530 3512 an
565 3451 668 3511 eines,
714 3450 768 3510 das
823 3448 852 3508 er
892 3448 946 3508 für
977 3446 1020 3506 sich
1056 3447 1104 3507 ge¬

233 3499 349 3559 funden
381 3498 450 3558 hat.
471 3497 540 3557 Das
568 3492 832 3552 naturalistische,
854 3491 907 3551 das
934 3489 1103 3549 stilisierte,

235 3546 289 3606 das
346 3546 396 3606 bis
457 3543 508 3603 ins
569 3540 665 3600 Letzte
716 3539 862 3599 ähnliche
919 3537 984 3597 und
1045 3536 1095 3596 das

238 3585 426 3645 idealisierte
456 3582 589 3642 Bildnis
620 3579 718 3639 stehen
754 3576 1011 3636 nebeneinander
1041 3575 1099 3635 und

239 3630 327 3690 geben
363 3627 416 3687 vom
467 3624 604 3684 Umfang
639 3623 688 3683 des
718 3621 875 3681 Könnens
931 3619 994 3679 und
1039 3618 1093 3678 von

240 3672 289 3732 der
320 3672 422 3732 Weite
452 3669 508 3729 der
539 3666 752 3726 Anschauung
808 3663 884 3723 gute
925 3663 1107 3723 Kenntnis.

246 3720 287 3780 In
325 3714 399 3774 allem
448 3713 564 3773 kommt
591 3710 639 3770 die
666 3707 878 3767 künstlerische
911 3704 1107 3764 Bewegtheit

241 3762 297 3822 zum
339 3756 519 3816 Ausdruck,
541 3755 587 3815 die
609 3753 763 3813 Petrucci
784 3749 903 3809 eignet.
924 3749 970 3809 Er
997 3747 1105 3807 gehört

246 3806 271 3866 zu
303 3801 392 3861 jenen
424 3798 665 3858 Schaffenden,
702 3797 749 3857 die
781 3793 827 3853 sich
859 3792 911 3852 nie
938 3791 1017 3851 ohne
1049 3791 1116 3851 eine

246 3847 365 3907 gewisse
393 3842 577 3902 Erregtheit
600 3839 774 3899 mitteilen.
796 3834 839 3894 Es
867 3835 905 3895 ist
927 3836 1019 3896 daher
1047 3833 1106 3893 nur

251 3895 272 3955 zu
306 3890 372 3950 sehr
407 3887 623 3947 verständlich,
646 3884 702 3944 daß
736 3881 785 3941 der
814 3879 997 3939 Betrachter
1031 3878 1114 3938 nicht

251 3933 414 3993 unbewegt
442 3929 556 3989 bleibt.
584 3927 648 3987 Und
682 3925 714 3985 es
742 3924 779 3984 ist
807 3922 1024 3982 verständlich,
1052 3922 1106 3982 daß

249 3978 296 4038 sich
344 3976 444 4036 dieser
487 3973 539 4033 bis
587 3969 623 4029 an
666 3967 713 4027 die
740 3967 877 4027 Grenzen
915 3967 1104 4027 begeisterter

261 4020 476 4080 Zustimmung
531 4015 591 4075 und
642 4013 786 4073 schroffer
814 4011 1007 4071 Ablehnung
1057 4006 1112 4066 be¬

251 4063 348 4123 wegen
381 4063 462 4123 wird
522 4059 614 4119 oder,
631 4057 777 4117 richtiger
804 4057 923 4117 gesagt,
962 4054 1102 4114 bewegen

248 4108 343 4168 lassen
376 4107 470 4167 wird.
514 4103 619 4163 Schon
673 4100 768 4160 dieser
816 4097 932 4157 außere
959 4096 1113 4156 Umstand

258 4152 363 4212 spricht
411 4149 463 4209 für
506 4146 554 4206 die
592 4145 782 4205 Bedeutung
814 4140 999 4200 Petruccis.
1042 4137 1110 4197 Der

254 4194 486 4254 nichtssagende
521 4189 673 4249 Künstler
702 4188 776 4248 läßt
805 4185 1019 4245 gleichgültig.

767 4239 867 4299 Max
900 4236 1070 4296 Roden.

1680 261 1899 321 Ausschnitt
1927 258 1988 318 aus
2007 259 2020 319 :

2083 437 2178 497 8.

1680 479 1799 539 vom:

1700 658 1946 718 Relief
2005 658 2115 718 des
2185 660 2488 720 Wiener
2546 654 2691 714 Erz

1771 754 2052 814 Eischofs
2115 754 2256 814 Dr.
2308 754 2651 814 Innitzer.

1809 823 2016 883 Atelierbesuch
2044 824 2102 884 beim
2145 823 2310 883 Bildhauer
2337 822 2438 882 Mario
2465 820 2613 880 Petrucci.

2176 885 2240 945 Von

2129 933 2142 993 .
2199 936 2212 996 .
2268 936 2282 996 .

1736 1002 1822 1062 Wenn
1854 1002 1920 1062 man
1951 1002 1997 1062 das
2028 1002 2136 1062 Atelier
2182 1001 2228 1061 des
2260 1002 2331 1062 schon
2363 1002 2414 1062 seit
2435 1002 2547 1062 Jahren
2579 999 2604 1059 in
2635 999 2711 1059 Wien
2743 998 2799 1058 an¬

1631 1053 1741 1113 sässigen
1771 1050 1952 1110 Bildhauers
1983 1047 2084 1107 Mario
2114 1047 2260 1107 Petrucci,
2281 1048 2447 1108 gebürtigen
2483 1044 2674 1104 Ferraresen,
2694 1044 2809 1104 betritt,

1627 1094 1676 1154 das
1706 1094 1878 1154 freundliche
1908 1093 2015 1153 Studio
2046 1093 2070 1153 im
2109 1093 2301 1153 Dachgeschoß
2336 1093 2409 1153 eines
2439 1092 2547 1152 Hauses
2577 1089 2626 1149 der
2656 1090 2793 1150 innersten

1630 1139 1738 1199 Stadt,
1758 1139 1826 1199 dann
1861 1139 1924 1199 fällt
1949 1139 2027 1199 darin
2057 1139 2149 1199 zuerst
2170 1139 2208 1199 ein
2238 1138 2340 1198 Relief
2361 1136 2414 1196 mit
2439 1138 2483 1198 dem
2527 1136 2693 1196 markanten
2723 1136 2801 1196 Kopf

1631 1187 1673 1247 des
1706 1187 1825 1247 Wiener
1852 1187 2031 1247 Erzbischofs
2058 1186 2203 1246 Kardinal
2231 1185 2295 1245 Dr.
2312 1184 2447 1244 Innitzer
2480 1185 2545 1245 auf.
2588 1184 2647 1244 Der
2675 1182 2739 1242 Ton
2772 1182 2804 1242 ist

1628 1236 1696 1296 noch
1724 1235 1831 1295 feucht,
1849 1235 1944 1295 ebenso
1973 1234 2012 1294 die
2041 1235 2238 1295 Beschriftung
2267 1234 2334 1294 noch
2363 1232 2464 1292 weich,
2481 1231 2526 1291 die
2549 1231 2599 1291 vom
2645 1230 2808 1290 Kardinal,

1631 1282 1678 1342 der
1705 1281 1820 1341 damals
1847 1282 1927 1342 wohl
1954 1282 2000 1342 zum
2043 1281 2148 1341 ersten-
2170 1280 2228 1340 und
2255 1279 2418 1339 letztenmal
2445 1279 2465 1339 in
2498 1277 2587 1337 seinem
2630 1276 2714 1336 Leben
2752 1276 2798 1336 das

1634 1327 1785 1387 Werkzeug
1812 1329 1855 1389 des
1888 1329 2066 1389 Bildhauers
2094 1329 2115 1389 in
2148 1327 2190 1387 die
2213 1327 2299 1387 Hand
2326 1327 2494 1387 genommen
2527 1324 2612 1384 haben
2646 1324 2753 1384 dürfte,
2775 1322 2796 1382 :n

1628 1375 1676 1435 den
1709 1378 1773 1438 Ton
1801 1378 1897 1438 geritzt
1925 1376 2038 1436 wurde.
2076 1380 2140 1440 „In
2173 1375 2291 1435 caritate
2319 1373 2464 1433 servire",
2492 1372 2550 1432 liest
2578 1372 2642 1432 man
2675 1372 2728 1432 da,
2751 1372 2793 1432 den

1634 1423 1818 1483 Wahlspruch
1851 1423 1897 1483 des
1930 1422 2046 1482 Wiener
2073 1423 2273 1483 Erzbischofs,
2321 1420 2373 1480 und
2406 1420 2548 1480 darunter
2575 1420 2601 1480 in
2633 1420 2680 1480 der
2712 1419 2807 1479 wohl¬

1635 1474 1784 1534 bekannten
1819 1472 1929 1532 Schrift
1953 1471 1998 1531 des
2022 1471 2183 1531 Kardinals
2213 1471 2351 1531 „Theod.
2369 1468 2513 1528 Kardinal
2537 1468 2669 1528 Innitzer
2692 1466 2801 1526 Erzb."

1742 1530 1798 1590 „Es
1824 1527 1885 1587 war
1912 1527 1974 1587 eine
2000 1527 2211 1587 unerwartete,
2232 1526 2324 1586 darum
2366 1524 2433 1584 aber
2465 1524 2495 1584 um
2537 1523 2562 1583 so
2588 1521 2805 1581 beglückendere

1634 1575 1709 1635 Ehre
1736 1576 1779 1636 für
1806 1575 1903 1635 mich,"
1931 1575 2038 1635 erzählt
2061 1572 2109 1632 der
2131 1575 2217 1635 junge
2245 1572 2396 1632 Künstler,
2413 1572 2460 1632 der
2483 1571 2525 1631 sich
2553 1569 2585 1629 an
2613 1569 2661 1629 der
2688 1567 2801 1627 Wiener

1633 1623 1788 1683 Akademie
1834 1622 1879 1682 den
1914 1621 2115 1681 akademischen
2151 1620 2231 1680 Grad
2262 1619 2397 1679 erwarb,
2438 1619 2508 1679 „daß
2539 1617 2574 1677 ich
2604 1617 2655 1677 den
2685 1614 2805 1674 Wiener

1634 1671 1797 1731 Erzbischof
1819 1668 1998 1728 modellieren
2025 1669 2135 1729 durfte.
2152 1667 2215 1727 Der
2236 1665 2384 1725 Kardinal
2405 1665 2452 1725 kam
2490 1663 2600 1723 einmal
2622 1664 2648 1724 zu
2680 1664 2732 1724 mir
2759 1662 2801 1722 ins

1637 1718 1758 1778 Atelier,
1775 1717 1806 1777 um
1843 1717 1896 1777 das
1917 1715 2081 1775 Hochrelief
2103 1716 2128 1776 zu
2156 1713 2362 1773 begutachten,
2378 1713 2425 1773 das
2447 1712 2484 1772 ich
2511 1711 2563 1771 vom
2601 1710 2796 1770 verstorbenen

1638 1763 1919 1823 Altbundeskanzler
1964 1764 2024 1824 Dr.
2063 1767 2168 1827 Ignaz
2196 1763 2306 1823 Seipel
2352 1760 2500 1820 geschaffen
2550 1760 2638 1820 habe,
2678 1757 2705 1817 in
2761 1756 2804 1816 der

1631 1812 1804 1872 Hoffnung,
1837 1809 1868 1869 es
1895 1809 1994 1869 könnte
2021 1808 2099 1868 dieses
2126 1808 2290 1868 Hochrelief
2333 1809 2364 1869 zu
2396 1806 2485 1866 Ehren
2517 1806 2559 1866 des
2586 1804 2706 1864 größten
2733 1802 2806 1862 neu¬

1632 1859 1867 1919 österreichischen
1902 1856 2141 1916 Staatsmannes
2171 1855 2244 1915 links
2274 1854 2328 1914 vom
2372 1853 2524 1913 Riesentor
2554 1850 2602 1910 des
2632 1850 2808 1910 Stephans¬

1632 1905 1715 1965 doms
1740 1904 1794 1964 auf
1814 1905 1858 1965 dem
1903 1904 1961 1964 noch
1991 1904 2198 1964 unbehauenen
2228 1901 2380 1961 Werkstein
2410 1900 2582 1960 angebracht
2607 1898 2735 1958 werden.
2755 1897 2809 1957 Die

1640 1951 1747 2011 Freude
1774 1951 1917 2011 Kardinal
1939 1950 2087 2010 Innitzers
2119 1949 2149 2009 an
2181 1948 2263 2008 dieser
2289 1946 2515 2006 Seipel=Büste,
2536 1946 2577 2006 die
2598 1945 2628 2005 er
2655 1943 2803 2003 besonders

1629 1999 1737 2059 ähnlich
1765 1999 1846 2059 fand,
1868 1999 1911 2059 gab
1944 1997 1998 2057 mir
2020 1996 2096 2056 dann
2124 1997 2172 2057 den
2200 1996 2286 2056 Mut,
2303 1994 2351 2054 den
2379 1996 2547 2056 Erzbischof
2564 1994 2591 2054 zu
2624 1993 2727 2053 bitten,
2749 1990 2803 2050 mir

1635 2049 1661 2109 zu
1699 2047 1772 2107 einem
1820 2047 1915 2107 Relief
1942 2047 1967 2107 zu
2000 2044 2094 2104 sitzen,
2116 2044 2179 2104 was
2206 2041 2295 2101 dieser
2327 2042 2390 2102 auch
2423 2042 2548 2102 zusagte.
2592 2040 2712 2100 Wochen
2745 2035 2813 2095 ver¬

1637 2096 1729 2156 gingen
1761 2095 1858 2155 dann,
1874 2094 1900 2154 in
1927 2092 2014 2152 denen
2040 2091 2081 2151 ich
2113 2091 2153 2151 die
2175 2090 2350 2150 Hoffnung,
2372 2089 2417 2149 der
2444 2086 2594 2146 Kardinal
2615 2085 2713 2145 würde
2739 2083 2811 2143 seine

1643 2143 1745 2203 Zusage
1771 2141 1848 2201 wahr
1874 2140 2002 2200 machen,
2040 2137 2147 2197 bereits
2168 2137 2343 2197 aufgegeben
2369 2135 2462 2195 hatte.
2498 2136 2554 2196 Bis
2581 2134 2606 2194 er
2632 2133 2698 2193 dann
2730 2131 2806 2191 eines

1634 2187 1726 2247 Tages
1758 2187 1788 2247 an
1826 2184 1913 2244 meine
1945 2184 2105 2244 Studiotür
2137 2184 2240 2244 klopfte
2267 2181 2323 2241 und
2355 2181 2510 2241 freundlich
2542 2178 2671 2238 lächelnd
2703 2176 2811 2236 einfach

1634 2232 1664 2292 da
1695 2234 1777 2294 war.
1814 2232 1922 2292 Hinter
1948 2232 1989 2292 ihm
2031 2232 2128 2292 stand,
2165 2229 2221 2289 vor
2247 2229 2401 2289 Erregung
2433 2226 2484 2286 und
2516 2226 2592 2286 Eifer
2619 2226 2752 2286 hochrot,
2773 2223 2814 2283 die

1636 2280 1905 2340 Hausbesorgerin,
1942 2278 2122 2338 fassungslos
2149 2274 2296 2334 darüber,
2335 2275 2387 2335 daß
2414 2274 2503 2334 Seine
2530 2272 2673 2332 Eminenz
2694 2271 2725 2331 es
2752 2269 2815 2329 ver¬

1640 2328 1761 2388 schmäht
1782 2327 1877 2387 hatte,
1888 2325 1935 2385 den
1967 2325 2008 2385 ihm
2047 2323 2241 2383 angebotenen
2273 2322 2331 2382 Lift
2374 2322 2399 2382 zu
2426 2322 2574 2382 benutzen,
2596 2319 2648 2379 und
2675 2319 2732 2379 mit
2748 2316 2795 2376 dem

1637 2372 1768 2432 Hinweis
1795 2372 1911 2432 darauf,
1928 2372 1991 2432 noch
2018 2372 2081 2432 jung
2108 2371 2134 2431 zu
2161 2369 2235 2429 sein,
2251 2369 2287 2429 die
2314 2369 2398 2429 vielen
2425 2369 2557 2429 Treppen
2584 2367 2626 2427 bis
2653 2367 2695 2427 ins
2722 2366 2816 2426 Dach¬

1639 2423 1744 2483 geschoß
1776 2423 1802 2483 zu
1835 2421 1898 2481 Fuß
1925 2417 2114 2477 zurücklegte.
2136 2417 2199 2477 Nun
2232 2416 2336 2476 konnte
2358 2414 2399 2474 die
2426 2414 2532 2474 Arbeit
2554 2414 2717 2474 beginnen,
2755 2411 2817 2471 eine

1633 2465 1749 2525 Arbeit,
1766 2466 1807 2526 die
1829 2463 1887 2523 mir
1909 2464 2052 2524 unendlich
2079 2464 2132 2524 lieb
2159 2462 2269 2522 wurde.
2291 2464 2328 2524 Je
2355 2460 2434 2520 mehr
2456 2459 2493 2519 ich
2520 2459 2609 2519 Muße
2637 2459 2726 2519 hatte,
2743 2459 2811 2519 mich

1642 2513 1662 2573 in
1693 2513 1734 2573 die
1755 2512 1832 2572 Züge
1853 2510 1899 2570 des
1925 2510 2085 2570 Kardinals
2111 2512 2136 2572 zu
2162 2510 2327 2570 versenken,
2348 2510 2379 2570 um
2415 2509 2435 2569 so
2462 2507 2554 2567 klarer
2576 2507 2673 2567 wurde
2694 2507 2750 2567 mir
2776 2505 2817 2565 die

1640 2555 1796 2615 Wesenheit
1824 2558 1904 2618 dieses
1932 2558 2007 2618 ganz
2029 2558 2196 2618 besonderen
2229 2555 2406 2615 Menschen,
2423 2555 2493 2615 über
2520 2555 2606 2615 dessen
2639 2552 2817 2612 anspruchs¬

1637 2606 1710 2666 loser
1737 2603 1911 2663 Heiterheu,
1933 2602 2118 2662 naturnaher
2145 2602 2335 2662 Herzlichkeit
2362 2602 2414 2662 und
2447 2602 2584 2662 schlichter
2616 2601 2695 2661 Güte
2722 2599 2811 2659 etwas

1633 2651 1688 2711 von
1738 2650 1949 2710 überirdischer
1977 2650 2160 2710 Verklärung
2210 2650 2299 2710 liegt.
2339 2649 2393 2709 Ich
2428 2647 2505 2707 hatte
2533 2647 2582 2707 das
2616 2647 2721 2707 Glück,
2761 2646 2810 2706 den

1636 2698 1984 2758 Kardinal=Erzbischof,
1995 2698 2074 2758 wenn
2101 2698 2142 2758 die
2159 2695 2359 2755 „Sitzungen"
2386 2695 2502 2755 beendet
2518 2695 2634 2755 waren,
2651 2695 2813 2755 mehrmals

1638 2747 1720 2807 durch
1743 2746 1786 2806 die
1803 2746 1919 2806 Innere
1942 2744 2036 2804 Stadt
2058 2746 2074 2806 in
2103 2745 2152 2805 den
2180 2743 2367 2803 bischöflichen
2395 2743 2500 2803 Palast
2518 2743 2755 2803 zurückbegleiten
2783 2741 2810 2801 zu

1640 2794 1758 2854 dürfen.
1780 2793 1838 2853 Und
1871 2791 1952 2851 dabei
1974 2791 2066 2851 lernte
2088 2793 2125 2853 ich
2152 2791 2227 2851 nicht
2255 2791 2308 2851 nur
2336 2791 2378 2851 die
2406 2792 2595 2852 einzigartige
2622 2788 2816 2848 Popularität

1640 2841 1763 2901 kennen,
1780 2839 1817 2899 die
1845 2838 1926 2898 dieser
1954 2838 2147 2898 Kirchenfürst
2191 2838 2218 2898 in
2246 2838 2294 2898 der
2322 2838 2434 2898 Wiener
2462 2835 2662 2895 Bevölkerung
2689 2835 2824 2895 genießt,

1640 2886 1753 2946 sondern
1781 2887 1846 2947 auch
1873 2885 1921 2945 das
1949 2886 2122 2946 Geheimnis
2150 2886 2231 2946 dieser
2259 2884 2469 2944 Popularität.
2486 2884 2610 2944 Jedem,
2627 2883 2670 2943 der
2698 2884 2740 2944 ihn
2768 2884 2821 2944 auf

1638 2937 1724 2997 seinem
1768 2934 1859 2994 Gang
1892 2934 1973 2994 durch
2006 2932 2049 2992 die
2083 2933 2174 2993 Stadt
2202 2932 2358 2992 begrüßte,
2386 2931 2478 2991 wußte
2511 2931 2559 2991 der
2592 2928 2738 2988 Kardinal
2771 2931 2808 2991 ein

1637 2982 1712 3042 paar
1740 2982 1917 3042 beglückende
1945 2982 2047 3042 Worte
2075 2983 2101 3043 zu
2134 2979 2231 3039 sagen,
2253 2981 2328 3041 jedem
2372 2979 2468 3039 reichte
2496 2979 2527 3039 er
2550 2979 2592 3039 die
2620 2976 2722 3036 Hand,
2760 2976 2814 3036 der

1640 3029 1888 3089 Hausbesorgerin
1937 3028 1963 3088 im
2007 3027 2087 3087 Tor,
2126 3027 2179 3087 dem
2223 3027 2390 3087 Chauffeur
2439 3026 2471 3086 am
2514 3024 2703 3084 Taxischlag,
2746 3023 2794 3083 dem

1640 3074 1871 3134 Wachebeamten
1904 3074 1936 3134 an
1969 3074 2011 3134 der
2039 3074 2341 3134 Straßenkreuzung.
2380 3073 2444 3133 Und
2471 3074 2492 3134 so
2520 3071 2665 3131 gestaltete
2687 3072 2735 3132 sich
2763 3068 2811 3128 der

1637 3125 1755 3185 schlichte
1783 3124 1874 3184 Gang
1923 3122 1971 3182 des
1999 3122 2231 3182 Kirchenfürsten
2280 3121 2366 3181 durch
2399 3119 2441 3179 die
2469 3119 2598 3179 Straßen
2653 3121 2685 3181 zu
2718 3117 2793 3177 einem

1640 3172 1860 3232 Triumphzug,
1893 3170 1963 3230 denn
1996 3170 2060 3230 allen
2093 3170 2222 3230 bescherte
2244 3168 2276 3228 er
2298 3168 2352 3228 aus
2379 3167 2568 3227 freundlichen
2601 3167 2719 3227 Augen,
2757 3164 2811 3224 aus

1637 3218 1926 3278 menschenliebendem
1990 3218 2100 3278 Herzen
2154 3215 2195 3275 die
2222 3215 2306 3275 Gabe
2354 3215 2432 3275 eines
2459 3213 2564 3273 Blickes
2617 3212 2685 3272 oder
2733 3209 2806 3269 eines

1643 3265 1775 3325 Wortes.
1792 3265 1836 3325 Da
1864 3264 1903 3324 ich
1931 3263 1996 3323 mich
2025 3262 2223 3322 modellierend
2252 3262 2273 3322 in
2307 3262 2351 3322 die
2374 3261 2456 3321 Züge
2479 3259 2522 3319 des
2551 3258 2733 3318 Erzbischofs
2756 3258 2810 3318 von

1642 3313 1718 3373 Wien
1745 3313 1888 3373 vertiefte,
1904 3311 1971 3371 diese
1992 3310 2177 3370 merkwürdig
2203 3308 2414 3368 angespannten
2446 3307 2497 3367 und
2518 3307 2579 3367 doch
2600 3306 2708 3366 wieder
2729 3304 2816 3364 mild¬

1640 3361 1758 3421 gelösten
1787 3362 1877 3422 Züge,
1894 3358 1922 3418 da
1951 3358 2023 3418 hatte
2047 3358 2080 3418 ich
2109 3358 2153 3418 das
2182 3356 2306 3416 Gefühl,
2324 3358 2368 3418 daß
2397 3356 2464 3416 auch
2488 3355 2532 3415 der
2555 3353 2673 3413 härteste
2696 3352 2809 3412 Mensch

1642 3408 1668 3468 an
1701 3406 1781 3466 diesem
1826 3405 1944 3465 Priester
1972 3404 2047 3464 weich
2075 3405 2128 3465 und
2156 3404 2210 3464 gut
2232 3403 2345 3463 werden
2373 3405 2475 3465 müsse.
2498 3402 2556 3462 Und
2584 3400 2665 3460 diesem
2709 3400 2821 3460 Gefühl

1643 3454 1782 3514 versuchte
1805 3454 1836 3514 ich
1864 3454 1885 3514 in
1918 3454 2026 3514 meiner
2048 3451 2161 3511 Plastik
2178 3451 2231 3511 vor
2254 3451 2323 3511 allem
2368 3451 2513 3511 Ausdruck
2535 3450 2561 3510 zu
2589 3448 2751 3508 verleihen.
2767 3446 2810 3506 Ob

1640 3501 1667 3561 es
1690 3501 1744 3561 mir
1767 3501 1904 3561 gelungen
1933 3500 1982 3560 ist?
2004 3498 2064 3558 Der
2087 3498 2236 3558 Kardinal
2253 3498 2407 3558 jedenfalls
2430 3498 2517 3558 zeigte
2540 3496 2583 3556 sich
2606 3495 2661 3555 von
2689 3492 2793 3552 meinem

1643 3549 1725 3609 Werk
1745 3549 1910 3609 befriedigt.
1950 3550 2020 3610 „Ich
2046 3546 2141 3606 schaue
2167 3547 2225 3607 sehr
2245 3549 2301 3609 gut
2321 3546 2410 3606 aus!"
2455 3546 2532 3606 sagte
2552 3546 2602 3606 er,
2635 3543 2692 3603 das
2712 3543 2813 3603 fertige

1637 3597 1740 3657 Relief
1757 3597 1959 3657 betrachtend,
1976 3596 2030 3656 und
2053 3594 2172 3654 lachte."

1740 3651 1787 3711 So
1817 3653 1939 3713 erzählt
1969 3651 2022 3711 der
2058 3651 2216 3711 Künstler.
2246 3651 2311 3711 Und
2353 3648 2417 3708 man
2459 3648 2546 3708 blickt
2577 3648 2635 3708 mit
2665 3648 2811 3708 ehrlicher

1631 3701 1755 3761 Freude
1788 3700 1847 3760 auf
1880 3698 1933 3758 das
1977 3698 2096 3758 Relief,
2124 3696 2182 3756 von
2227 3695 2275 3755 dem
2329 3695 2382 3755 der
2421 3695 2502 3755 Kopf
2535 3692 2588 3752 des
2627 3690 2815 3750 Erzbischofs

1635 3748 1785 3808 sprechend
1818 3746 1953 3806 lebendig
1986 3743 2197 3803 herabschaut.
2219 3743 2294 3803 Man
2332 3743 2435 3803 würde
2462 3743 2635 3803 wünschen,
2657 3740 2710 3800 daß
2744 3740 2818 3800 diese

1637 3794 1763 3854 Plastik,
1780 3794 1853 3854 etwa
1885 3794 1937 3854 auf
1964 3792 2027 3852 eine
2054 3791 2207 3851 Medaille
2234 3790 2439 3850 übertragen,
2461 3788 2534 3848 allen
2561 3788 2645 3848 jenen
2677 3787 2814 3847 Unzähl¬

1631 3843 1720 3903 baren
1766 3841 1887 3901 Freude
1933 3839 2048 3899 machen
2099 3839 2225 3899 könnte,
2260 3838 2305 3898 die
2351 3838 2381 3898 zu
2427 3836 2476 3896 den
2528 3836 2719 3896 begeisterten
2760 3833 2819 3893 Be¬

1632 3890 1813 3950 wunderern
1858 3887 1906 3947 des
1946 3887 2117 3947 Kardinals
2156 3885 2308 3945 gehören.
2338 3884 2485 3944 Petrucci
2524 3881 2592 3941 aber
2627 3881 2720 3941 führt
2755 3881 2813 3941 uns

1633 3937 1752 3997 weiter.
1773 3936 1818 3996 Am
1859 3932 2070 3992 Seipel=Kopf
2095 3932 2220 3992 vorbei,
2237 3931 2291 3991 der
2317 3931 2467 3991 ebenfalls
2493 3928 2548 3988 von
2584 3928 2814 3988 verblüffender

1633 3982 1838 4042 Aehnlichkeit
1871 3982 1917 4042 ist,
1945 3983 1976 4043 zu
2014 3982 2066 4042 der
2103 3979 2499 4039 grotesk=monumentalen
2537 3976 2684 4036 Keramik
2717 3976 2811 4036 seines

1637 4031 1939 4091 „Zeitungslesers".
1972 4030 2036 4090 Der
2074 4030 2128 4090 vor
2166 4027 2285 4087 einiger
2323 4025 2393 4085 Zeit
2426 4024 2619 4084 verstorbene
2658 4022 2814 4082 populäre

1638 4081 1753 4141 Wiener
1787 4078 1990 4138 Schriftsteller
2013 4075 2128 4135 Moritz
2151 4075 2239 4135 Band
2289 4074 2382 4134 diente
2416 4072 2498 4132 dieser
2526 4073 2636 4133 Figur,
2681 4070 2752 4130 ohne
2780 4068 2807 4128 es

1640 4130 1666 4190 zu
1699 4125 1812 4185 wissen,
1829 4124 1876 4184 als
1899 4123 2028 4183 Modell.
2066 4123 2135 4183 Nun
2163 4123 2266 4183 thront
2288 4121 2336 4181 der
2369 4120 2616 4180 „Zeitungsleser"
2644 4117 2697 4177 auf
2720 4117 2794 4177 einem

1631 4173 1709 4233 Stoß
1742 4173 1799 4233 von
1831 4170 2032 4230 Journalen,
2053 4170 2100 4230 die
2127 4167 2227 4227 hinter
2259 4167 2306 4227 ihm
2354 4168 2406 4228 zum
2449 4164 2675 4224 babylonischen
2713 4164 2797 4224 Turm

1634 4221 1829 4281 anwachsen;
1851 4218 1876 4278 in
1912 4219 1963 4279 der
1990 4218 2077 4278 Hand
2109 4218 2180 4278 hält
2206 4215 2237 4275 er
2264 4214 2309 4274 die
2341 4212 2547 4272 Leibblätter,
2568 4211 2619 4271 von
2656 4209 2748 4269 denen
2785 4209 2810 4269 er

1971 4271 2048 4331 kann
2081 4270 2139 4330 und
2166 4267 2211 4327 die
2237 4263 2269 4323 er
2296 4256 2400 4316 keinem
2440 4264 2569 4324 anderen
2603 4258 2810 4318 Kafkechaus¬
