3344 4384
795 194 913 254 vom:

1328 225 1413 285 1931

1048 235 1146 295 22.
1168 228 1286 288 OKT.

876 479 1077 539 Arthur
1120 488 1375 548 Schnitzler

864 539 975 599 Wien,
1003 545 1058 605 21.
1086 548 1141 608 (E.
1164 548 1224 608 D.)
1253 551 1380 611 Arthur
1414 556 1585 616 Schnitzler

792 581 832 641 ist
858 587 949 647 heute
980 589 1021 649 um
1072 590 1148 650 ¼19
1179 596 1245 656 Uhr
1277 596 1362 656 einem
1409 600 1592 660 Schlagan¬

798 632 856 692 fall
882 632 1024 692 erlegen.
1049 637 1221 697 Schnitzler
1251 640 1319 700 war
1345 641 1374 701 in
1404 645 1457 705 den
1493 649 1590 709 Nach¬

791 679 1049 739 mittagstunden
1090 682 1159 742 eben
1200 685 1259 745 von
1295 687 1383 747 einem
1434 691 1592 751 Spazier¬

791 724 875 784 gang
900 724 929 784 in
960 727 1038 787 seine
1063 729 1241 789 Wohnung
1266 733 1518 793 zurückgekehrt,
1539 739 1583 799 als

788 768 822 828 er
857 768 916 828 vom
970 772 1108 832 Schlage
1143 775 1280 835 gerührt
1311 778 1497 838 bewußtlos
1537 784 1586 844 zu¬

791 815 1056 875 sammenbrach.
1085 818 1128 878 Er
1162 820 1268 880 starb,
1293 823 1379 883 ohne
1423 827 1480 887 das
1524 829 1591 889 Be¬

786 858 944 918 wußtsein
971 861 1109 921 erlangt
1135 863 1160 923 zu
1197 865 1319 925 haben.

853 906 922 966 Dr.
945 909 1117 969 Schnitzler
1145 909 1215 969 war
1248 912 1301 972 seit
1329 915 1480 975 längerer
1513 920 1583 980 Zeit

783 951 1000 1011 herzleidend.
1021 954 1091 1014 Vor
1117 954 1183 1014 drei
1209 957 1335 1017 Jahren
1366 960 1472 1020 endete
1498 963 1578 1023 seine

790 996 920 1056 Tochter
961 999 986 1059 in
1027 1002 1193 1062 Venedig,
1224 1002 1268 1062 wo
1304 1003 1344 1063 sie
1380 1007 1440 1067 mit
1476 1008 1561 1068 einem

787 1044 1000 1104 italienischen
1057 1047 1197 1107 Offizier
1245 1049 1447 1109 verheiratet
1500 1054 1582 1114 war,

781 1085 871 1145 durch
913 1090 1140 1150 Selbstmord.
1166 1091 1241 1151 Von
1283 1094 1383 1154 diesem
1435 1097 1576 1157 Schlage

781 1133 900 1193 konnte
932 1135 984 1195 sich
1026 1134 1077 1194 der
1115 1139 1265 1199 Dichter,
1297 1139 1348 1199 der
1385 1142 1458 1202 auch
1500 1144 1583 1204 sonst

788 1178 814 1238 in
852 1180 957 1240 seinem
1006 1184 1217 1244 Privatleben
1265 1184 1344 1244 nicht
1381 1186 1439 1246 von
1482 1190 1577 1250 Glück

783 1224 969 1284 begünstigt
995 1226 1068 1286 war
1094 1226 1104 1286 —
1162 1229 1213 1289 von
1250 1232 1353 1292 seiner
1380 1232 1467 1292 Frau
1499 1232 1581 1292 lebte

783 1271 812 1331 er
843 1271 1039 1331 geschieden,
1059 1273 1129 1333 eine
1155 1276 1280 1336 Dame,
1306 1276 1351 1336 die
1382 1276 1431 1336 ihm
1477 1279 1577 1339 nahe¬

777 1316 949 1376 gestanden
1003 1317 1096 1377 war,
1136 1318 1229 1378 erlitt
1274 1321 1361 1381 einen
1416 1324 1568 1384 tödlichen

783 1362 1119 1422 Kraftwagenunfall
1135 1363 1144 1423 —
1185 1366 1265 1426 nicht
1281 1366 1371 1426 mehr
1392 1369 1466 1429 recht
1487 1369 1577 1429 erho¬

779 1407 847 1467 len.
869 1408 911 1468 Er
932 1406 1048 1466 alterte
1075 1411 1244 1471 zusehends
1276 1411 1334 1471 und
1366 1414 1413 1474 zog
1440 1415 1487 1475 sich
1519 1416 1577 1476 seit

779 1453 934 1513 längerer
960 1453 1032 1513 Zeit
1059 1456 1110 1516 vom
1152 1458 1442 1518 gesellschaftlichen
1479 1459 1567 1519 Leben

777 1498 988 1558 vollkommen
1014 1500 1143 1560 zurück.
1159 1503 1226 1563 Erst
1247 1503 1272 1563 in
1304 1503 1355 1563 der
1377 1506 1474 1566 letzten
1506 1506 1572 1566 Zeit

779 1545 871 1605 schien
903 1545 928 1605 er
959 1547 1005 1607 sich
1042 1548 1155 1608 wieder
1186 1548 1227 1608 ein
1259 1548 1361 1608 wenig
1387 1551 1572 1611 aufgerafft

777 1595 806 1655 zu
842 1591 967 1651 haben,
998 1593 1058 1653 und
1094 1593 1169 1653 man
1205 1595 1255 1655 sah
1291 1595 1340 1655 ihn
1381 1597 1572 1657 manchmal

1615 1623 1709 1683 zeigte
1737 1623 1790 1683 sich
1818 1626 1872 1686 bei
1894 1629 1940 1689 ihm
1989 1632 2056 1692 auch
2091 1632 2138 1692 bei
2166 1634 2239 1694 allem
2289 1638 2464 1698 spöttischen

779 1637 805 1697 im
853 1638 1011 1698 Theater,
1038 1639 1096 1699 das
1128 1641 1165 1701 er
1208 1642 1281 1702 auch
1329 1644 1397 1704 noch
1445 1644 1561 1704 gestern

1615 1669 1859 1729 pessimistischen
1899 1674 2049 1734 Humor,
2072 1678 2127 1738 den
2166 1680 2216 1740 der
2250 1682 2378 1742 Dichter
2412 1683 2467 1743 den

774 1683 878 1743 abend
906 1686 1064 1746 besuchte.

1610 1713 1741 1773 Dingen
1774 1717 1826 1777 des
1853 1717 1974 1777 Lebens
2007 1724 2308 1784 entgegenbrachte,
2329 1727 2397 1787 eine
2424 1729 2471 1789 be¬

776 1748 873 1808 Unter
909 1748 961 1808 dem
1002 1749 1129 1809 frischen
1170 1751 1327 1811 Eindruck
1356 1751 1408 1811 der
1438 1753 1570 1813 erschüt¬

1620 1760 1746 1820 sondere
1774 1763 1929 1823 Vorliebe
1957 1766 2013 1826 für
2041 1767 2168 1827 schwere
2196 1772 2478 1832 Menschenschick¬

709 1793 838 1853 ternden
872 1794 1153 1854 Todesnachricht
1175 1795 1235 1855 das
1262 1798 1484 1858 Gesamtwerk
1512 1798 1571 1858 Ar¬

1613 1805 1695 1865 sale,
1723 1808 1817 1868 meist
1845 1810 1922 1870 auch
1962 1811 1989 1871 in
2034 1811 2083 1871 der
2128 1817 2466 1877 Gegenüberstellung

709 1838 788 1898 thur
817 1839 1010 1899 Schnitzlers
1045 1841 1118 1901 auch
1153 1841 1220 1901 nur
1249 1843 1379 1903 flüchtig
1414 1846 1437 1906 zu
1477 1844 1572 1904 über¬

1612 1850 1686 1910 oder
1716 1856 2069 1916 Aneinanderreihung
2099 1860 2151 1920 der
2175 1863 2249 1923 zwei
2273 1867 2475 1927 geheimnis¬

707 1886 839 1946 blicken,
856 1886 894 1946 ist
917 1886 983 1946 eine
1012 1886 1072 1946 fast
1095 1886 1283 1946 unlösbare
1311 1889 1471 1949 Aufgabe.
1494 1891 1571 1951 Im¬

1611 1896 1715 1956 vollen
1749 1901 1959 1961 Weltmächte
1987 1904 2075 1964 Liebe
2103 1905 2163 1965 und
2197 1909 2280 1969 Tod.

704 1931 773 1991 mer
809 1931 930 1991 wieder
976 1931 1152 1991 erscheinen
1198 1933 1284 1993 neue
1325 1936 1451 1996 Namen
1501 1936 1561 1996 und

1669 1942 1742 2002 Von
1788 1945 1924 2005 Arthur
1965 1951 2162 2011 Schnitzlers
2209 1954 2350 2014 äußerem
2413 1954 2469 2014 Le¬

713 1976 856 2036 fesselnde
890 1976 1050 2036 Gestalten
1094 1978 1149 2038 vor
1183 1978 1232 2038 dem
1288 1981 1431 2041 geistigen
1471 1982 1564 2042 Auge

1605 1987 1754 2047 bensweg
1788 1990 1820 2050 ist
1849 1992 1931 2052 nicht
1954 1993 2014 2053 viel
2038 1995 2065 2055 zu
2093 1998 2270 2058 berichten.
2287 1999 2331 2059 Er
2353 2000 2464 2060 wurde

702 2023 758 2083 des
790 2023 996 2083 Betrachters
1032 2023 1094 2083 und
1125 2024 1295 2084 erweitern
1332 2026 1389 2086 das
1420 2026 1569 2086 Gesamt¬

1605 2032 1647 2092 am
1695 2035 1748 2095 15.
1770 2035 1849 2095 Mai
1876 2037 1950 2097 1862
1983 2038 2009 2098 in
2047 2041 2137 2101 Wien
2169 2042 2222 2102 als
2254 2044 2344 2104 Sohn
2382 2046 2466 2106 eines

705 2068 790 2128 bild.
819 2070 926 2130 Dabei
961 2068 994 2128 ist
1023 2071 1198 2131 Schnitzler
1239 2071 1295 2131 kein
1335 2071 1561 2131 Vielschreiber

1605 2080 1713 2140 Arztes
1741 2080 1876 2140 geboren
1910 2083 1969 2143 und
1996 2086 2116 2146 ergriff
2133 2089 2285 2149 zunächst
2307 2092 2463 2152 ebenfalls

705 2117 840 2177 gewesen
875 2116 936 2176 und
970 2116 1015 2176 die
1044 2116 1127 2176 Zahl
1156 2117 1257 2177 seiner
1286 2118 1392 2178 Werke
1416 2119 1454 2179 ist
1478 2118 1562 2178 nicht
1602 2123 1652 2183 die
1681 2128 1827 2188 ärztliche
1855 2131 2046 2191 Laufbahn.
2070 2131 2142 2191 1885
2177 2135 2289 2195 wurde
2318 2137 2345 2197 er
2374 2137 2464 2197 Dok¬

707 2163 784 2223 allzu
823 2163 921 2223 groß,
950 2160 1038 2220 wenn
1077 2160 1148 2220 man
1187 2163 1336 2223 bedenkt,
1365 2163 1419 2223 daß
1458 2163 1491 2223 er
1519 2163 1557 2223 38
1602 2166 1673 2226 tor,
1696 2170 1767 2230 1886
1801 2172 1844 2232 bis
1878 2173 1955 2233 1888
1983 2174 2054 2234 war
2077 2176 2110 2236 er
2138 2179 2391 2239 Sekundararzt
2414 2181 2441 2241 im

703 2208 811 2268 Jahre
844 2208 908 2268 auf
936 2206 990 2266 dem
1039 2206 1174 2266 Gebiete
1207 2208 1260 2268 der
1294 2208 1482 2268 Dichtkunst
1510 2208 1563 2268 ar¬

1597 2217 1730 2277 Wiener
1777 2220 1999 2280 Allgemeinen
2057 2223 2320 2283 Krankenhaus,
2362 2229 2449 2289 dann

704 2252 815 2312 beitete
842 2253 905 2313 und
932 2251 989 2311 daß
1017 2253 1048 2313 er
1075 2253 1127 2313 seit
1149 2253 1201 2313 dem
1244 2254 1402 2314 Ausgang
1429 2254 1482 2314 des
1509 2252 1561 2312 vo¬

1597 2262 1748 2322 Assistent
1770 2265 1802 2325 an
1835 2265 1888 2325 der
1911 2266 2045 2326 Wiener
2067 2270 2250 2330 Polyklinik
2278 2274 2337 2334 und
2364 2274 2456 2334 prak¬

700 2297 791 2357 rigen
829 2299 1072 2359 Jahrhundert
1099 2298 1147 2358 bis
1186 2298 1212 2358 zu
1256 2298 1353 2358 seinem
1402 2300 1472 2360 Tod
1505 2298 1558 2358 als

1600 2307 1710 2367 tischer
1744 2310 1838 2370 Arzt.
1867 2311 1943 2371 Nach
1984 2313 2083 2373 seinen
2122 2316 2217 2376 ersten
2256 2319 2373 2379 großen
2407 2319 2467 2379 Er¬

697 2343 787 2403 einer
814 2343 866 2403 der
888 2343 1173 2403 repräsentativen
1206 2345 1433 2405 Schriftsteller
1455 2344 1560 2404 Öster¬

1606 2352 1710 2412 folgen
1738 2356 1893 2416 widmete
1910 2357 1943 2417 er
1966 2359 2015 2419 sich
2043 2361 2281 2421 ausschließlich
2309 2364 2358 2424 der
2386 2364 2469 2424 Lite¬

698 2389 795 2449 reichs
828 2390 855 2450 im
899 2390 1166 2450 Vordergrunde
1194 2390 1302 2450 stand.
1325 2391 1384 2451 Die
1411 2390 1552 2450 stärksten

1599 2399 1717 2459 ratur.
1736 2399 1824 2459 Still
1849 2402 1902 2462 für
1926 2403 1979 2463 sich
2009 2405 2182 2465 schaffend,
2206 2407 2265 2467 kein
2301 2409 2378 2469 Held
2408 2411 2461 2471 der

698 2435 828 2495 Erfolge
856 2435 916 2495 hat
938 2435 970 2495 er
999 2435 1063 2495 auf
1086 2435 1135 2495 dem
1179 2435 1320 2495 Theater
1348 2436 1473 2496 erzielt,
1496 2435 1555 2495 sein

1594 2444 1766 2504 Reklame.
1783 2445 1843 2505 Ein
1877 2448 1993 2508 seiner,
2016 2451 2210 2511 vornehmer
2238 2453 2382 2513 Mensch,
2405 2456 2454 2516 der

700 2480 895 2540 Schauspiel
925 2480 1097 2540 „Liebelei“
1126 2480 1183 2540 hat
1207 2480 1304 2540 seinen
1334 2482 1454 2542 Namen
1489 2481 1552 2541 und
1588 2488 1708 2548 Typus
1738 2491 1789 2551 des
1813 2493 1991 2553 geistvollen
2026 2498 2256 2558 vermögenden
2285 2501 2458 2561 Wieners,

697 2528 754 2588 den
789 2528 881 2588 Ruhm
922 2528 973 2588 des
1009 2525 1141 2585 Wiener
1171 2527 1280 2587 Süßen
1315 2528 1447 2588 Mädels
1483 2527 1557 2587 über
1592 2533 1649 2593 der
1679 2536 1794 2596 fernab
1829 2539 1886 2599 vom
1939 2540 2088 2600 Getriebe
2124 2543 2187 2603 und
2222 2546 2366 2606 Gezänke
2401 2550 2452 2610 des

699 2574 746 2634 die
773 2574 874 2634 ganze
895 2573 985 2633 Welt
1007 2573 1181 2633 getragen,
1198 2573 1293 2633 sowie
1321 2573 1367 2633 die
1389 2573 1542 2633 Einakter

1603 2580 1733 2640 Alltags
1762 2584 1790 2644 in
1830 2585 1932 2645 seiner
1961 2587 2091 2647 eigenen
2126 2588 2216 2648 Welt
2245 2590 2324 2650 lebt,
2347 2593 2375 2653 in
2410 2592 2465 2652 sei¬

699 2619 781 2679 folge
812 2617 976 2677 „Anatol“
1004 2617 1054 2677 den
1086 2618 1277 2678 dekadenten
1308 2617 1442 2677 Wiener
1468 2617 1555 2677 Lebe¬

1600 2626 1655 2686 nem
1700 2627 1821 2687 kleinen
1855 2630 1970 2690 Kreis,
1993 2632 2048 2692 der
2077 2632 2153 2692 echte
2182 2635 2309 2695 Kultur
2343 2638 2364 2698 in
2403 2638 2453 2698 sich

695 2665 856 2725 manntyp
892 2662 1058 2722 endgültig
1094 2663 1316 2723 verkörperte.
1337 2662 1443 2722 Schon
1479 2663 1554 2723 diese

1598 2674 1669 2734 hat,
1687 2673 1770 2733 ohne
1794 2675 1900 2735 damit
1925 2679 1954 2739 zu
1984 2680 2126 2740 flunkern
2156 2680 2221 2740 und
2251 2683 2322 2743 nach
2347 2683 2452 2743 außen

699 2710 804 2770 beiden
834 2709 924 2769 ersten
960 2710 1065 2770 Werke
1091 2710 1191 2770 legten
1222 2710 1292 2770 auch
1322 2710 1372 2770 die
1393 2710 1553 2770 Eigenari

1595 2724 1626 2784 zu
1658 2719 1805 2779 prunken
1837 2722 1852 2782 .
1868 2725 1914 2785 ..

698 2755 751 2815 des
779 2755 930 2815 Dichters
964 2755 1131 2815 endgültig
1170 2756 1240 2816 fest,
1263 2757 1316 2817 den
1355 2755 1555 2815 scharfsinni¬

1661 2764 1706 2824 Am
1759 2764 1810 2824 26.
1840 2767 1979 2827 Oktober
2026 2767 2106 2827 1922
2153 2771 2286 2831 wohnte
2327 2776 2454 2836 Arthur

697 2803 751 2863 gen
787 2800 983 2860 Beobachter
1019 2800 1120 2860 seiner
1150 2800 1312 2860 Umwelt,
1332 2800 1387 2860 den
1423 2800 1558 2860 hervor¬

1591 2809 1771 2869 Schnitzler
1800 2813 1891 2873 einer
1920 2814 2134 2874 Aufführung
2169 2817 2270 2877 seiner
2299 2820 2451 2880 Einakter

693 2841 853 2901 ragenden
889 2844 1035 2904 Stilisten
1071 2844 1131 2904 und
1156 2847 1206 2907 den
1242 2844 1373 2904 Meister
1398 2844 1448 2904 des
1474 2844 1554 2904 Dia¬

1597 2854 1824 2914 „Literatur".
1867 2859 1983 2919 „Letzte
2031 2862 2189 2922 Masken"
2248 2863 2310 2923 und
2364 2868 2448 2928 „Der

695 2889 785 2949 loas.
817 2890 885 2950 Alle
912 2891 997 2951 seine
1029 2890 1172 2950 späteren
1215 2891 1453 2951 theatralischen
1496 2889 1559 2949 Ar¬

1593 2901 1695 2961 grüne
1753 2904 1913 2964 Kakadu“
1971 2904 1996 2964 im
2068 2906 2234 2966 Brünner
2286 2910 2445 2970 deutschen

690 2937 818 2997 beiten,
855 2937 1019 2997 darunter
1066 2937 1246 2997 „Reigen",
1288 2939 1452 2999 „Schleier
1494 2937 1550 2997 der

1588 2946 1734 3006 Theater
1767 2947 1831 3007 bei.
1859 2949 1939 3009 Auch
1978 2951 2015 3011 am
2064 2953 2269 3013 Vorlesetisch
2308 2957 2442 3017 konnten

698 2984 886 3044 Baatrice“,
913 2982 1106 3042 „Lebendige
1134 2982 1333 3042 Stunden",
1355 2981 1553 3041 „Zwischen=
1592 2986 1645 3046 ihn
1683 2991 1764 3051 seine
1791 2996 1979 3056 zahlreichen
2017 2997 2173 3057 Brünner
2206 3001 2367 3061 Verehrer
2400 3003 2453 3063 be¬

699 3027 809 3087 spiel".
837 3027 921 3087 „Der
954 3027 1059 3087 grüne
1092 3028 1266 3088 Kakadu",
1294 3028 1378 3088 „Der
1410 3027 1553 3087 einsame

1587 3036 1734 3096 grüßen.
1758 3038 1853 3098 Unser
1876 3041 2018 3101 Theater
2047 3043 2102 3103 hat
2126 3044 2154 3104 in
2183 3046 2330 3106 früheren
2364 3047 2454 3107 Jah¬

692 3075 809 3135 Weg".
828 3074 915 3134 „Das
939 3074 1033 3134 weite
1051 3074 1180 3134 Land",
1198 3072 1315 3132 „Prof.
1328 3072 1551 3132 Bernhardi",
1587 3078 1639 3138 ren
1675 3082 1727 3142 sich
1763 3083 1863 3143 seiner
1893 3086 2004 3146 Werke
2028 3086 2092 3146 mit
2116 3090 2233 3150 großer
2263 3092 2351 3152 Liebe
2381 3092 2439 3152 und

699 3119 874 3179 „Komödie
906 3116 957 3176 der
989 3118 1144 3178 Worte",
1175 3119 1258 3179 „Der
1284 3119 1387 3179 junge
1414 3118 1553 3178 Medar¬

1585 3126 1658 3186 auch
1693 3128 1757 3188 mit
1782 3129 1998 3189 bedeutendem
2048 3134 2156 3194 Erfolg
2192 3137 2452 3197 angenommen.

687 3164 792 3224 dus",
812 3164 845 3224 um
894 3164 956 3224 nur
985 3164 1091 3224 einige
1121 3163 1222 3223 seiner
1251 3164 1467 3224 Hauptwerke
1492 3162 1554 3222 an¬

1584 3171 1656 3231 Aus
1687 3173 1738 3233 der
1770 3174 1930 3234 Brünner
1961 3179 2271 3239 Theatergeschichte
2303 3182 2354 3242 der
2380 3184 2447 3244 letz¬

688 3212 869 3272 zuführen,
889 3209 1005 3269 zeigten
1041 3209 1121 3269 seine
1147 3209 1318 3269 Vorzüge,
1339 3209 1419 3269 ohne
1445 3209 1485 3269 sie
1515 3208 1540 3268 zu

1579 3215 1628 3275 ten
1666 3221 1808 3281 zwanzig
1835 3224 1944 3284 Jahre
1972 3224 2009 3284 ist
2032 3225 2081 3285 die
2108 3227 2201 3287 Feier
2229 3228 2282 3288 des
2310 3228 2364 3288 50.
2387 3230 2451 3290 Ge¬

692 3256 846 3316 steigern,
872 3253 1074 3313 offenbarten
1116 3253 1276 3313 vielleicht
1302 3254 1374 3314 eher
1406 3253 1452 3313 ein
1494 3253 1550 3313 all¬

1585 3265 1781 3325 burtstages
1817 3265 1867 3325 des
1904 3268 2050 3328 Dichters
2086 3272 2374 3332 hervorzuheben,
2400 3274 2450 3334 die

681 3301 859 3361 mähliches
894 3300 1106 3360 Herabsinken
1146 3298 1200 3358 der
1230 3300 1433 3360 eigentlichen
1473 3298 1546 3358 dra¬

1582 3310 1619 3370 am
1667 3310 1719 3370 14.
1741 3313 1814 3373 Mai
1841 3313 1915 3373 1912
1942 3313 2100 3373 stattfand
2127 3316 2191 3376 und
2218 3319 2265 3379 die
2286 3319 2444 3379 Einakter

684 3349 854 3409 matischen
891 3346 1119 3406 Schlagkraft.
1145 3346 1227 3406 Auch
1259 3346 1315 3406 für
1347 3346 1403 3406 das
1440 3346 1548 3406 zweite

1584 3355 1806 3415 „Literatur",
1833 3361 1915 3421 „Der
1941 3361 2044 3421 grüne
2076 3361 2231 3421 Kakadu“
2257 3365 2319 3425 und
2356 3367 2438 3427 „Der

687 3391 819 3451 Gebiet,
844 3391 873 3451 in
908 3391 1035 3451 welchem
1089 3392 1260 3452 Schnitzler
1295 3391 1544 3451 Hervorragen¬

1585 3403 1863 3463 Puppenspieler“
1904 3403 2050 3463 brachte.
2082 3406 2157 3466 1914
2203 3410 2314 3470 wurde
2361 3412 2441 3472 „Der

688 3439 737 3499 des
768 3439 909 3499 geleistet
935 3440 1010 3500 hat,
1026 3439 1076 3499 für
1107 3438 1162 3498 das
1193 3437 1314 3497 Gebiet
1340 3437 1390 3497 der
1415 3437 1546 3497 Novelle

1575 3448 1718 3508 einsame
1745 3450 1840 3510 Weg“
1867 3451 2084 3511 aufgeführt,
2105 3451 2179 3511 1915
2211 3457 2290 3517 „Die
2317 3456 2439 3516 Komö¬

686 3482 730 3542 gi"
775 3481 834 3541 das
864 3483 1006 3543 Gleiche.
1032 3482 1135 3542 Seine
1170 3483 1263 3543 ersten
1298 3483 1475 3543 Novellen,
1496 3480 1544 3540 die

1577 3490 1628 3550 die
1654 3492 1710 3552 der
1737 3495 1897 3555 Worte“,
1918 3496 1995 3556 1919
2027 3496 2084 3556 das
2120 3498 2218 3558 etwas
2255 3502 2441 3562 mißglückte

682 3531 889 3591 Sammlung
919 3528 1102 3588 „Sterben“
1127 3528 1186 3588 und
1216 3528 1403 3588 „Leutnant
1418 3526 1546 3586 Gust!“,

1574 3538 1895 3598 Journalistenstück
1934 3543 2037 3603 „Fink
2070 3543 2135 3603 und
2174 3546 2445 3606 Fliederbusch“,

678 3575 836 3635 verrieten
901 3576 980 3636 kaum
1055 3576 1262 3636 jugendliche
1322 3576 1534 3636 Unfertigkeit

1575 3584 1601 3644 im
1644 3585 1760 3645 Herbst
1788 3585 1946 3645 desselben
1978 3588 2106 3648 Jahres
2144 3591 2328 3651 „Professor
2356 3591 2440 3651 Ber¬

681 3621 882 3681 offenbarten
921 3621 998 3681 aber
1028 3621 1065 3681 um
1114 3621 1137 3681 so
1172 3621 1345 3681 deutlicher
1379 3618 1446 3678 eine
1475 3618 1542 3678 her¬

1577 3630 1717 3690 nardi“,
1745 3633 1771 3693 im
1820 3631 1928 3691 Feber
1966 3633 2041 3693 1921
2074 3633 2127 3693 der
2166 3636 2343 3696 „Reigen".
2371 3638 2419 3698 Am

681 3669 906 3729 vorraoende,
921 3666 973 3726 den
1007 3666 1093 3726 Leser
1123 3666 1348 3726 bezwingende
1372 3666 1545 3726 Erzähler¬

1576 3675 1627 3735 21.
1650 3676 1734 3736 Juli
1758 3678 1831 3738 1921
1860 3677 1939 3737 fand
1968 3678 2126 3738 vielleicht
2149 3680 2200 3740 der
2229 3682 2432 3742 geschichtlich

682 3713 775 3773 gabe.
791 3713 840 3773 die
860 3713 928 3773 auch
958 3714 983 3774 in
1008 3713 1151 3773 späteren
1181 3710 1333 3770 Werken,
1349 3711 1407 3771 wie
1432 3711 1530 3771 „Frau

1572 3719 1808 3779 bedeutsamste
1835 3722 2113 3782 Schnitzlerabend
2144 3725 2169 3785 in
2201 3725 2314 3785 Brünn
2345 3729 2443 3789 statt,

677 3758 776 3818 Berta
835 3759 1008 3819 Garlan“,
1046 3758 1377 3818 „Dämmerseelen“,
1420 3756 1525 3816 „Frau
1573 3762 1625 3822 die
1652 3767 1936 3827 Erstaufführung
1963 3767 2015 3827 des
2042 3769 2089 3829 bis
2116 3770 2210 3830 dahin
2242 3773 2300 3833 vom
2342 3771 2437 3831 Dich¬

668 3806 773 3866 Beate
822 3806 884 3866 und
927 3806 980 3866 ihr
1029 3806 1171 3866 Sohn",
1209 3806 1298 3866 „Dr.
1336 3801 1537 3861 Graesler,
1570 3810 1617 3870 ter
1654 3812 1707 3872 dem
1760 3813 1903 3873 Theater
1935 3814 2205 3874 vorenthaltenen
2254 3818 2428 3878 „Schleiers

683 3852 899 3912 „Casanovas
937 3854 1165 3914 Heimfahrt",
1208 3855 1387 3915 „Fräulein
1436 3854 1544 3914 Else",

1572 3857 1623 3917 der
1654 3857 1825 3917 Beatrice“
1861 3860 1907 3920 als
1939 3860 2212 3920 Festvorstellung
2245 3863 2296 3923 des
2332 3863 2435 3923 Deut¬

679 3899 800 3959 „Spiel
833 3899 858 3959 im
912 3900 1212 3960 Morgengrauen“
1250 3901 1313 3961 und
1350 3899 1376 3959 in
1419 3899 1519 3959 seinem

1567 3902 1646 3962 schen
1678 3905 1934 3965 Journalisten=
1955 3905 2019 3965 und
2047 3907 2429 3967 Schriftstellervereines

682 3944 819 4004 einzigen
852 3943 978 4003 Roman
1016 3946 1100 4006 „Der
1127 3945 1201 4005 Weg
1233 3943 1285 4003 ins
1313 3945 1429 4005 Freie“
1456 3943 1540 4003 nicht

1571 3946 1621 4006 für
1656 3947 1796 4007 Mähren
1831 3949 1892 4009 und
1921 3951 2073 4011 Schlesien
2113 3952 2174 4012 und
2209 3946 2344 4006 zuglch

710 3991 770 4051 ehr
808 3992 1004 4052 übertroffen
1047 3992 1182 4052 wurde.
1207 3991 1274 4051 Von
1318 3994 1452 4054 Anfang
1490 3991 1526 4051 an
1569 3995 1943 4055 Abschiedsvorstellung
1975 3999 2023 4059 des
2048 3994 2201 4054 Diretr
