3344 4256
1487 300 1619 360 box
1697 303 1883 363 42/6

223 299 328 359 12.
387 303 981 363 Schnitzler's
1050 301 1279 361 Death

611 1193 971 1253 ERVER

240 1201 511 1261 OBS

329 1258 356 1318 I.
375 1258 495 1318 österr.
510 1255 662 1315 behördl.
677 1251 973 1311 konzessioniertes

285 1300 526 1360 Unternehmen
560 1294 606 1354 für
631 1293 1024 1353 Zeitungs-Ausschnitte

340 1356 493 1416 WIEN,
521 1359 576 1419 I.,
598 1356 883 1416 WOLLZEILE
932 1350 973 1410 11

446 1409 667 1469 TELEPHON
700 1405 872 1465 R-23-0-43

247 1553 478 1613 Ausschnitt
501 1550 590 1610 aus:

2588 1685 2664 1745 und
2704 1683 2760 1743 zur
2800 1679 3078 1739 Alimentierung
3117 1676 3183 1736 der
3213 1674 3328 1734 Indu¬

2576 1732 2797 1792 Quantität.
2857 1725 3083 1785 Desgleichen
3127 1720 3224 1780 fehlt
3257 1719 3289 1779 es

2577 1780 2706 1840 kraft;
2736 1777 2794 1837 die
2830 1772 3083 1832 entsetzlichen
3131 1769 3330 1829 Verhältnis

249 1782 374 1842 vom:

643 1848 832 1908 22.06

2587 1884 2644 1944 der
2670 1882 2818 1942 Dichter
2845 1878 2903 1938 die
2929 1876 3026 1936 Welt
3046 1874 3220 1934 erfreute.
3246 1873 3322 1933 Ein¬

1403 1914 1658 1974 Melancholie
1683 1909 1697 1969 —
1757 1909 1806 1969 sie
1836 1906 1909 1966 trat
1934 1904 1963 1964 in
1998 1902 2111 1962 seinem
2165 1897 2278 1957 Leben
2313 1893 2445 1953 ebenso
2480 1888 2544 1948 wie

2581 1930 2696 1990 füllen
2737 1927 2788 1987 die
2824 1923 2963 1983 Bücher
2998 1923 3235 1983 Schnitzlers,
3259 1917 3327 1977 wer

1404 1962 1443 2022 in
1504 1962 1625 2022 seiner
1691 1956 1807 2016 Kunst
1863 1953 1988 2013 zutage
2039 1947 2054 2007 —
2125 1946 2205 2006 eine
2251 1941 2397 2001 düstere
2458 1938 2528 1998 Fär

2584 1977 2726 2037 reichen
2772 1971 3061 2031 Übersetzungen
3118 1968 3310 2028 hinzurech

565 1981 1059 2041 Feuilleton.

1408 2013 1536 2073 bung.
1557 2010 1603 2070 Es
1630 2006 1670 2066 ist
1697 2005 1758 2065 das
1785 2003 1851 2063 Los
1883 2001 1954 2061 fast
1976 1997 2063 2057 aller
2090 1993 2358 2053 überragenden
2394 1987 2522 2047 Persön

2580 2025 2897 2085 Kultursprachen
2943 2017 3142 2077 vorliegen.
3177 2016 3239 2076 Von
3279 2013 3312 2073 se

1412 2058 1638 2118 lichkeiten,
1664 2052 1726 2112 daß
1768 2052 1870 2112 ihnen
1907 2049 1942 2109 zu
1985 2046 2077 2106 ihren
2119 2042 2304 2102 Lebzeiten
2346 2037 2453 2097 nicht
2495 2034 2546 2094 die

2577 2071 2678 2131 seien
2713 2070 2780 2130 nur
2838 2067 3002 2127 genannt
3043 2064 3093 2124 die
3150 2061 3326 2121 köstliche

1413 2105 1545 2165 ganze,
1571 2100 1861 2160 allumfassende
1896 2094 2102 2154 Verehrung
2137 2090 2250 2150 zuteil
2280 2088 2383 2148 wird,
2414 2084 2467 2144 die
2502 2082 2546 2142 sie

2589 2117 2831 2177 „Freiwild",
2855 2114 2914 2174 die
2951 2110 3145 2170 klassische
3188 2110 3323 2170 Tragöc

496 2123 642 2183 Artur
687 2117 971 2177 Schnitzlers
1015 2114 1135 2174 Tod.

1413 2152 1615 2212 verdienen

2588 2165 2650 2225 der
2684 2161 2887 2221 Beatrice“,
2904 2159 2966 2219 das
2990 2157 3192 2217 tiefsinnige
3221 2156 3327 2216 Scha¬

605 2178 666 2238 Von

1515 2199 1622 2259 Jetzt
1650 2197 1768 2257 dürfte
1808 2192 1910 2252 wohl
1937 2192 2024 2252 auch
2062 2188 2132 2248 mit
2165 2186 2224 2246 dem
2279 2182 2452 2242 Schmerz
2491 2179 2528 2239 um

2589 2213 2808 2273 Medardus“
2849 2209 2918 2269 und
2954 2207 3017 2267 der
3052 2205 3121 2265 mit
3151 2204 3265 2264 seiner

1415 2249 1484 2309 den
1520 2248 1686 2308 Hingang
1717 2243 1938 2303 Schnitzlers
1964 2238 2034 2298 eine
2065 2234 2286 2294 objektivere
2317 2230 2548 2290 Beurteilung

2584 2260 2680 2320 über
2720 2258 2770 2318 die
2811 2257 2980 2317 moderne
3020 2252 3320 2312 Bühnendichtur

350 2264 434 2324 Kein
472 2262 620 2322 Dichter
652 2257 800 2317 unserer
832 2257 911 2317 Zeit
938 2255 1006 2315 hat
1033 2253 1096 2313 den
1139 2252 1207 2312 Tod
1250 2252 1313 2312 mit
1345 2250 1376 2310 so

1417 2296 1535 2356 seines
1575 2293 1742 2353 Wirkens
1782 2289 1846 2349 und
1891 2286 2083 2346 Schaffens
2118 2282 2221 2342 Platz
2251 2279 2408 2339 greifen.
2438 2276 2546 2336 Keine

2589 2306 2789 2366 Einakter:
2813 2305 2907 2365 „Der
2931 2302 3037 2362 grüne
3067 2299 3267 2359 Kakadu",
3285 2294 3320 2354 ei

248 2311 541 2371 hellblickenden
585 2308 700 2368 Augen
744 2305 965 2365 betrachtet,
995 2300 1182 2360 erforscht
1216 2299 1283 2359 und
1327 2295 1365 2355 ge

1422 2345 1622 2405 nörgelnde
1656 2341 1805 2401 Stimme
1862 2335 1945 2395 wird
1993 2334 2095 2394 mehr
2138 2332 2217 2392 laut
2255 2328 2423 2388 werden,
2457 2321 2517 2381 den

2592 2353 2846 2413 schütterndes
2880 2350 3009 2410 Drama
3059 2347 3123 2407 aus
3167 2346 3324 2406 Frankre

240 2362 437 2422 schildert,
468 2358 534 2418 wie
570 2356 681 2416 Artur
717 2353 941 2413 Schnitzler,
972 2352 1043 2412 und
1089 2347 1231 2407 Freund
1287 2347 1373 2407 Hein

1426 2392 1716 2452 Eifersüchtelei
1766 2386 1834 2446 und
1874 2381 2183 2441 Kritikasterwut,
2223 2377 2287 2437 wie
2317 2376 2365 2436 sie
2406 2374 2435 2434 im
2494 2371 2538 2431 be

2574 2401 2677 2461 zeit,
2705 2400 2813 2460 worin
2869 2397 2934 2457 alle
2989 2393 3310 2453 weltbewegenden

253 2413 388 2473 konnte
439 2410 494 2470 ihm
565 2405 752 2465 sicherlich
808 2404 908 2464 keine
964 2400 1079 2460 Angst
1110 2398 1195 2458 oder
1236 2395 1377 2455 Furcht

1422 2443 1588 2503 rühmten
1624 2437 1820 2497 deutschen
1856 2431 2098 2491 Dichterwald
2144 2427 2215 2487 nur
2256 2425 2295 2485 zu
2342 2426 2452 2486 üppig
2493 2423 2533 2483 ge

2592 2449 2710 2509 bleme
2759 2446 2824 2506 wie
2867 2443 3121 2503 vernichtende
3160 2440 3326 2500 Gewitter

251 2461 356 2521 nicht
392 2458 527 2518 einmal
558 2455 633 2515 eine
673 2452 850 2512 peinliche
891 2449 1172 2509 Überraschung
1213 2444 1363 2504 bereiten

1427 2490 1583 2550 deihen,
1599 2484 1741 2544 müssen
1776 2481 1977 2541 angesichts
2007 2475 2120 2535 dieses
2145 2474 2311 2534 Dichters
2342 2473 2410 2533 und
2440 2468 2533 2528 diese

2591 2496 2745 2556 Donner
2772 2490 2988 2550 verheerend
3020 2490 3087 2550 und
3118 2487 3319 2547 zerstörenc

253 2510 307 2570 als
343 2508 378 2568 er
414 2506 514 2566 heute
560 2503 590 2563 in
646 2502 706 2562 das
752 2499 887 2559 schöne
939 2498 1024 2558 Heim
1075 2496 1105 2556 in
1146 2492 1206 2552 der
1242 2490 1387 2550 Wiener

1437 2535 1584 2595 Werkes
1614 2532 1881 2592 verstummen,
1905 2526 2140 2586 verstummen
2178 2523 2235 2583 für
2264 2520 2331 2580 alle
2360 2520 2450 2580 Zeit.
2475 2517 2546 2577 Und

2687 2542 2756 2602 Und
2792 2538 2920 2598 ebenso
2956 2538 3037 2598 groß
3073 2535 3130 2595 wie
3166 2535 3224 2595 der
3254 2535 3323 2595 Dr.

254 2556 601 2616 Sternwartestraße
636 2550 724 2610 trat,
749 2550 817 2610 mit
847 2548 910 2608 der
945 2546 1062 2606 kalten
1107 2541 1375 2601 Knochenhand

1425 2584 1528 2644 lange
1563 2585 1691 2645 Jahre,
1716 2580 1937 2640 Jahrzehnte
1967 2574 2065 2634 wohl
2095 2573 2178 2633 (und
2213 2571 2277 2631 das
2307 2568 2479 2628 bedeutet
2519 2566 2548 2626 in

2597 2591 2664 2651 der
2695 2589 2891 2649 Erzähler.
2941 2585 3020 2645 Nur
3051 2583 3186 2643 wenige
3223 2583 3315 2643 Tage

255 2607 311 2667 die
338 2607 409 2667 edle
441 2604 528 2664 Stirn
565 2603 627 2663 des
653 2598 813 2658 Meisters
839 2595 1015 2655 berührte
1042 2594 1108 2654 und
1145 2591 1222 2651 bald
1253 2589 1387 2649 darauf

1421 2634 1575 2694 unserer
1609 2632 1685 2692 wild
1725 2625 2076 2685 dahinstürmenden
2116 2621 2192 2681 Zeit
2221 2619 2294 2679 fast
2323 2616 2400 2676 eine
2439 2614 2554 2674 kleine

2595 2638 2733 2698 seitdem
2812 2634 2878 2694 wir
2934 2633 2973 2693 an
3029 2631 3139 2691 dieser
3180 2629 3279 2689 Stelle

248 2656 315 2716 das
341 2654 574 2714 Lebenslicht
600 2650 657 2710 des
684 2646 849 2706 Meisters
876 2643 1104 2703 auslöschte.
1120 2640 1192 2700 Alle
1218 2639 1384 2699 Freunde

1425 2681 1627 2741 Ewigkeit)
1657 2676 1738 2736 wird
1773 2675 1849 2735 man
1883 2673 1951 2733 sich
1985 2670 2023 2730 an
2057 2669 2115 2729 dem
2163 2664 2303 2724 Oeuvre
2332 2664 2558 2724 Schnitzlers

2595 2686 2843 2746 Schnitzlers:
2874 2681 3031 2741 „Flucht
3062 2678 3093 2738 in
3130 2678 3183 2738 die
3221 2676 3323 2736 Finst

247 2705 316 2765 und
356 2702 534 2762 Verehrer
564 2698 787 2758 Schnitzlers
817 2692 831 2752 —
896 2693 965 2753 und
1005 2690 1099 2750 jeder
1140 2687 1277 2747 Kenner
1328 2684 1386 2744 der

1421 2729 1617 2789 erbauen.
1636 2726 1752 2786 Schon
1790 2723 1882 2783 seine
1911 2720 2022 2780 ersten
2060 2717 2185 2777 Werke
2218 2714 2447 2774 bekundeten
2484 2710 2558 2770 eine

2603 2732 2831 2792 Würdigung
2868 2729 3073 2789 widmeten.
3116 2723 3164 2783 Es
3195 2723 3261 2783 war
3292 2725 3327 2785 di

258 2753 454 2813 deutschen
494 2747 680 2807 Literatur
716 2743 862 2803 gehörte
897 2742 936 2802 zu
981 2739 1039 2799 den
1084 2735 1275 2795 Schätzern
1320 2732 1374 2792 die

1428 2777 1738 2837 ungewöhnliche
1773 2771 1989 2831 Begabung.
2020 2767 2064 2827 Da
2104 2765 2182 2825 war
2217 2762 2414 2822 „Anatol“,
2459 2758 2556 2818 diese

2594 2780 2788 2840 Dichters,
2818 2777 2903 2837 aber
2944 2774 3018 2834 eine
3053 2771 3167 2831 seiner
3208 2771 3310 2831 schön

254 2800 308 2860 ses
333 2801 526 2861 Künstlers
551 2796 565 2856 —
621 2795 808 2855 bereiteten
843 2792 912 2852 sich
948 2789 1006 2849 zur
1031 2785 1135 2845 Feier
1160 2783 1279 2843 seines
1304 2781 1368 2841 sieb

1437 2825 1541 2885 Reihe
1572 2822 1768 2882 köstlicher
1794 2819 1939 2879 Skizzen
1969 2816 2030 2876 aus
2055 2815 2115 2875 der
2136 2811 2280 2871 Wiener
2307 2807 2547 2867 Gesellschaft

2599 2828 2721 2888 deutet
2750 2826 2811 2886 bei
2839 2825 3040 2885 Schnitzler
3068 2819 3285 2879 wahrhaftig
3314 2819 3330 2879 1

251 2851 385 2911 zigsten
448 2848 691 2908 Geburtstags
749 2842 827 2902 vor,
869 2837 930 2897 der
972 2837 1029 2897 ihm
1107 2834 1247 2894 endlich
1299 2830 1392 2890 volle

1429 2875 1458 2935 in
1494 2872 1605 2932 denen
1647 2872 1696 2932 die
1727 2866 1899 2926 sinnigste
1930 2863 2168 2923 Psychologie
2199 2859 2264 2919 mit
2295 2858 2350 2918 dem
2402 2856 2553 2916 feinster

2600 2875 2716 2935 blickt
2740 2872 2815 2932 man
2845 2872 2874 2932 im
2915 2869 3031 2929 Geiste
3055 2866 3148 2926 seine
3172 2866 3312 2926 erzähle

256 2899 508 2959 Genugtuung
555 2890 740 2950 gewähren
792 2889 858 2949 und
905 2887 966 2947 den
1013 2882 1152 2942 Beweis
1194 2878 1379 2938 erbringen

1431 2920 1559 2980 Esprit
1586 2919 1657 2979 sich
1699 2915 1911 2975 vereinigten
1952 2911 2019 2971 und
2056 2908 2360 2968 Kabinettstücke
2391 2904 2566 2964 schufen.

2603 2923 2723 2983 wahrt
2772 2923 2850 2983 man
2893 2917 2972 2977 hier
3015 2914 3129 2974 neben
3167 2914 3317 2974 prachty

256 2947 381 3007 sollte,
406 2946 472 3006 daß
508 2943 613 3003 nicht
644 2940 709 3000 nur
739 2937 966 2997 Österreich,
991 2933 1142 2993 sondern
1178 2929 1269 2989 auch
1304 2926 1394 2986 gan¬

1432 2968 1496 3028 wie
1531 2968 1580 3028 sie
1615 2965 1782 3025 Lavedan
1822 2964 1891 3024 und
1931 2959 2083 3019 Donnay
2114 2956 2222 3016 nicht
2252 2955 2562 3015 wirkungsvoller

2603 2970 2692 3030 wie:
2729 2969 2813 3029 „Ein
2856 2965 3079 3025 Abschied“,
3110 2962 3200 3022 „Die
3237 2959 3327 3019 grie¬

259 2995 509 3055 Deutschland
551 2992 616 3052 und
651 2989 716 3049 alle
747 2984 948 3044 Deutschen
984 2982 1013 3042 in
1049 2979 1110 3039 der
1140 2976 1260 3036 weiten
1301 2974 1381 3034 Wel

1428 3018 1606 3078 zustande
1636 3012 1829 3072 brachten.
1854 3010 1928 3070 Und
1959 3007 1998 3067 da
2028 3007 2096 3067 war
2127 3004 2186 3064 der
2216 3004 2404 3064 berühmte
2434 3001 2547 3061 „Leut

2606 3019 2700 3079 „Der
2724 3016 2842 3076 blinde
2872 3013 3077 3073 Geronimo“
3114 3010 3178 3070 und
3208 3007 3302 3067 „,Der

260 3043 375 3103 diesem
431 3043 481 3103 als
517 3039 683 3099 „Wiener
719 3033 890 3093 Dichter“
926 3031 955 3091 in
996 3028 1051 3088 die
1087 3023 1389 3083 zeitgenössische

1433 3065 1522 3125 nant
1542 3063 1690 3123 Gustl“,
1706 3060 1799 3120 diese
1829 3055 2076 3115 lebenswahre
2102 3052 2344 3112 Schilderung
2374 3050 2433 3110 des
2453 3049 2546 3109 öster

2603 3063 2771 3123 Novelle:
2809 3063 2893 3123 „Die
2937 3058 3040 3118 Toten
3083 3055 3307 3115 schweigen“

254 3090 654 3150 Literaturgeschichte
719 3078 1074 3138 eingeschachtelten
1143 3071 1276 3131 Helden
1331 3070 1394 3130 der

1429 3111 1657 3171 reichischen
1694 3105 2084 3165 Offizierleichtsinns,
2106 3102 2183 3162 eine
2215 3099 2449 3159 Erzählung,
2470 3097 2548 3157 nein

2604 3113 2776 3173 artigsten
2818 3106 3073 3166 Schöpfungen
3116 3102 3317 3162 zeitgenöss

259 3141 377 3201 Feder
429 3138 480 3198 die
532 3134 753 3194 liebevollste
795 3127 1072 3187 Bewunderung
1114 3120 1371 3180 entgegenbrin

1429 3160 1514 3220 eher
1545 3159 1596 3219 ein
1632 3157 1846 3217 Sittenbild,
1866 3153 1942 3213 eine
1968 3151 2130 3211 Novelle,
2151 3148 2258 3208 nein,
2279 3147 2365 3207 eher
2391 3145 2467 3205 eine
2498 3144 2543 3204 An

2610 3160 2737 3220 kunst,
2760 3159 2817 3219 die
2847 3156 2945 3216 jedem
2998 3150 3247 3210 unvergeßlich
3282 3147 3322 3207 bl

250 3190 344 3250 gen.
369 3188 482 3248 Sagen
532 3182 597 3242 wir
642 3180 681 3240 es
726 3177 844 3237 sofort
874 3177 949 3237 frei
979 3174 1132 3234 heraus,
1162 3170 1236 3230 eine
1276 3166 1394 3226 solche

1435 3207 1698 3267 klageschrift!
1731 3205 1779 3265 Es
1813 3201 1958 3261 gehörte
1997 3198 2044 3258 ein
2088 3198 2152 3258 gut
2186 3195 2293 3255 Stück
2337 3195 2552 3255 Tapferkeit

2608 3207 2767 3267 gelesen.
2815 3204 2915 3264 Denn
2951 3201 3016 3261 das
3046 3196 3193 3256 heilige:
3223 3195 3311 3255 „Stir

258 3237 363 3297 Feier
409 3234 509 3294 hätte
561 3230 767 3290 Schnitzler
813 3225 999 3285 erquickt,
1040 3220 1090 3280 sie
1141 3219 1237 3279 wäre
1298 3216 1393 3276 seine

2607 3254 2684 3314 kein
2719 3252 2914 3312 moderner
2948 3245 3204 3305 Schriftsteller
3239 3240 3322 3300 sov

1433 3254 1521 3314 aber
1551 3254 1638 3314 auch
1673 3250 2046 3310 unerschütterlicher
2076 3244 2336 3304 Patriotismus
2366 3243 2473 3303 dazu,
2498 3240 2557 3300 den

262 3284 404 3344 Freude
439 3282 502 3342 und
537 3280 605 3340 sein
635 3278 732 3338 Stolz
757 3272 938 3332 gewesen,
959 3272 1046 3332 denn
1081 3269 1115 3329 er
1145 3266 1242 3326 hatte
1267 3265 1296 3325 in
1331 3263 1389 3323 der

2601 3302 2699 3362 solch
2738 3298 2962 3358 klassischer
2990 3292 3149 3352 Sprache
3182 3290 3307 3350 darges

1449 3305 1654 3365 „Leutnant
1679 3299 1799 3359 Gustl“
1835 3298 1870 3358 zu
1900 3296 2105 3356 schreiben,
2131 3293 2221 3353 denn
2257 3292 2457 3352 Schnitzler
2488 3287 2562 3347 war

259 3332 380 3392 letzten
421 3329 552 3389 Jahren
588 3326 659 3386 nur
690 3326 724 3386 zu
761 3323 882 3383 häufig
918 3317 1100 3377 Ursache,
1121 3314 1212 3374 über
1243 3311 1293 3371 die
1329 3310 1374 3370 Un

2603 3350 2640 3410 in
2684 3348 2797 3408 dieser
2836 3344 2965 3404 kurzen
3009 3338 3177 3398 Novelle,
3215 3338 3268 3398 die

1434 3352 1557 3412 selbst
1578 3350 1727 3410 Offizier
1748 3348 1814 3408 und
1846 3345 1964 3405 mußte
1990 3344 2051 3404 den
2078 3341 2412 3401 militärärztlichen
2443 3338 2551 3398 Diens

258 3379 514 3439 dankbarkcit
545 3374 663 3434 seiner
698 3371 821 3431 Nation
861 3369 900 3429 zu
940 3367 1087 3427 klagen.
1117 3362 1216 3422 Wir,
1241 3359 1295 3419 die
1335 3359 1398 3419 wir

2602 3398 2750 3458 lichsten
2791 3394 2899 3454 zeigt,
2923 3390 2985 3450 wie
3020 3387 3054 3447 er
3084 3385 3135 3445 die
3170 3386 3295 3446 Geheim

1437 3400 1644 3460 verlassen,
1670 3398 1751 3458 weil
1776 3392 1923 3452 gewisse
1959 3392 2101 3452 Wiener
2132 3389 2254 3449 Kreise
2290 3387 2340 3447 die
2376 3385 2573 3445 Wahrheit

258 3428 313 3488 oft
342 3424 582 3484 Gelegenheit
611 3422 757 3482 hatten,
781 3419 851 3479 mit
880 3417 936 3477 ihm
993 3415 1030 3475 zu
1068 3410 1271 3470 sprechen,
1305 3407 1398 3467 seine

2598 3442 2809 3502 ergründen
2853 3440 3043 3500 verstand.
3092 3433 3186 3493 Paul
3214 3432 3308 3492 Verla

1437 3448 1543 3508 nicht
1569 3445 1700 3505 hören,
1721 3446 1771 3506 ja,
1797 3442 1858 3502 den
1894 3440 2041 3500 Künder
2067 3438 2128 3498 der
2159 3437 2357 3497 Wahrheit
2383 3434 2418 3494 um
2469 3434 2565 3494 Rang

266 3475 457 3535 Ansichten
501 3471 529 3531 in
573 3469 678 3529 Wort
712 3468 778 3528 und
813 3465 956 3525 Schrift
986 3463 1024 3523 zu
1063 3459 1307 3519 vernehmen,
1336 3454 1398 3514 wir

2606 3490 2817 3550 Sterbebett
2849 3484 3133 3544 unzähligemale
3171 3478 3228 3538 den
3266 3478 3323 3538 Sal

1443 3498 1517 3558 und
1548 3496 1678 3556 Namen
1709 3491 1854 3551 bringen
1890 3487 2046 3547 wollten.
2066 3487 2121 3547 Ihr
2147 3484 2418 3544 jämmerliches
2443 3481 2573 3541 Begia¬

266 3520 418 3580 wissen,
443 3519 507 3579 daß
542 3517 576 3577 er
606 3517 710 3577 nicht
735 3514 942 3574 ergrimmt,
967 3510 1070 3570 nicht
1100 3508 1277 3568 erbittert,
1303 3505 1405 3565 nicht

2608 3538 2727 3598 Weise
2766 3535 2935 3595 fürchtet
2968 3532 3022 3592 nie
3061 3529 3132 3589 und
3170 3525 3328 3585 nimmer

1437 3548 1504 3608 nen
1541 3544 1640 3604 erlitt
1666 3541 1791 3601 jedoch
1828 3539 1875 3599 ein
1906 3535 2183 3595 jämmerliches
2210 3532 2360 3592 Fiasko.

267 3569 457 3629 gekränkt
484 3565 576 3625 war,
598 3565 679 3625 aber
706 3565 757 3625 die
784 3564 949 3624 Angriffe
980 3559 1036 3619 der
1068 3556 1218 3616 dreisten
1254 3552 1383 3612 jugend

2610 3584 2682 3644 war
2730 3586 2812 3646 eine
2860 3582 2921 3642 für
2974 3578 3025 3638 die
3068 3574 3311 3634 Literaturges

1532 3601 1630 3661 Denn
1693 3598 1808 3658 durch
1845 3595 1897 3655 die
1960 3592 2320 3652 Verfolgungssucht
2351 3588 2409 3648 der
2467 3586 2549 3646 rück

264 3616 378 3676 lichen
439 3613 608 3673 Stürmer
668 3612 733 3672 und
800 3610 853 3670 die
915 3607 1248 3667 Gleichgültigkeit
1287 3599 1406 3659 seiner

2607 3634 2768 3694 Phrase.
2812 3627 3022 3687 Schnitzler
3055 3623 3114 3683 hat
3147 3622 3265 3682 solche
3293 3618 3314 3678 I

1441 3648 1632 3708 ständigen
1667 3643 1877 3703 Soldateska
1902 3641 1916 3701 —
1971 3638 2014 3698 sie
2039 3639 2166 3699 bildete
2191 3638 2260 3698 nur
2285 3636 2382 3696 einen
2412 3634 2573 3694 kleinen,

1217 3648 1394 3708 letzteren

1044 3654 1125 3714 (den

274 3663 530 3723 literarischen
638 3660 940 3720 Altersgenossen

2607 3679 2747 3739 Munde
2780 3675 2942 3735 geführt,
2964 3669 3180 3729 geschweige
3213 3666 3299 3726 denn

1442 3696 1555 3756 leider
1581 3692 1704 3752 jedoch
1735 3690 2013 3750 einflußreichen
2049 3686 2121 3746 Teil
2142 3685 2203 3745 der
2224 3684 2394 3744 einstigen
2425 3683 2460 3743 k.
2482 3681 2517 3741 u.
2538 3681 2574 3741 k.

274 3712 357 3772 war
431 3708 494 3768 der
568 3708 749 3768 Anschluß
828 3708 866 3768 an
945 3704 1004 3764 die
1078 3702 1219 3762 Jugend
1288 3696 1405 3756 offen¬

2607 3723 2651 3783 er
2679 3726 2861 3786 fürchtete
2889 3722 2916 3782 in
2950 3720 3011 3780 der
3045 3717 3110 3777 Tat
3139 3717 3199 3777 den
3238 3713 3304 3773 Tod

1440 3744 1567 3804 Armee
1602 3740 1617 3800 —
1681 3739 1804 3799 wurde
1839 3737 2040 3797 Schnitzler
2070 3734 2237 3794 förmlich
2277 3732 2306 3792 in
2346 3731 2399 3791 die
2434 3729 2547 3789 Litera

269 3764 341 3824 bar
419 3759 632 3819 wichtiger,
700 3759 752 3819 als
826 3756 882 3816 die
967 3753 1226 3813 Verteidigung
1310 3745 1408 3805 eines

2606 3772 2669 3832 ihn
2707 3774 2817 3834 wohl,
2839 3771 2902 3831 wie
2929 3768 3035 3828 schon
3067 3765 3209 3825 gesagt,
3226 3761 3315 3821 ohne

1449 3794 1503 3854 tur
1529 3792 1720 3852 gedrängt.
1741 3789 1780 3849 So
1811 3786 1891 3846 muß
1922 3786 2002 3846 man
2033 3783 2219 3843 eigentlich
2245 3780 2360 3840 seinen
2396 3777 2561 3837 einstiger

275 3810 476 3870 kostbaren
549 3807 724 3867 Schatzes
792 3804 853 3864 der
926 3801 1121 3861 deutschen
1200 3797 1406 3857 Dichtung)

273 3864 393 3924 riefen
432 3857 693 3917 Verstimmung
726 3856 750 3916 in
790 3855 840 3915 ihm
885 3853 1018 3913 hervor
1051 3852 1114 3912 und
1147 3850 1254 3910 gaben
1293 3846 1401 3906 seiner
1446 3842 1611 3902 Gegnern
1644 3840 1732 3900 noch
1765 3835 1866 3895 Dank
1899 3833 2000 3893 sagen
2033 3833 2090 3893 für
2116 3831 2166 3891 die
2192 3829 2345 3889 Werkc,
2365 3829 2428 3889 mit
2454 3828 2561 3888 denen
2607 3823 2804 3883 vielleicht
2836 3822 2906 3882 mit
2938 3819 3033 3879 jener
3072 3817 3123 3877 ein
3162 3815 3276 3875 wenig
