3392 4320
167 320 243 380 2.

306 318 891 378 Schnitzler's
971 311 1203 371 Death

334 1446 779 1506 OBSEF

1011 1474 1140 1534 Re

425 1494 452 1554 I.
462 1499 583 1559 österr.
593 1506 742 1566 behördl.
757 1522 1052 1582 konzessioniertes

369 1537 608 1597 Unternehmen
638 1549 690 1609 für
709 1562 1097 1622 Zeitungs-Ausschnitte

420 1597 573 1657 WIEN,
595 1608 643 1668 I.,
672 1617 951 1677 WOLLZEILE
1001 1631 1042 1691 11

516 1655 733 1715 TELEPHON
766 1671 940 1731 R-23-0-43

308 1790 530 1850 Ausschnitt
557 1799 596 1859 au

619 1848 680 1908 ae
703 1882 848 1942 gaag
873 1930 995 1990 den.

574 1962 588 2022 9
623 1974 669 2034 7.
688 1989 799 2049 0K.
834 2010 945 2070 19.

296 2011 406 2071 vom:

489 2139 609 2199 Arthur
640 2161 842 2221 Schnitzler,
864 2179 924 2239 der
955 2196 1116 2256 bekannte

445 2178 573 2238 Wiener
598 2207 914 2267 Pramarner-Und
962 2239 1113 2299 Roman.

432 2223 546 2283 autor,
557 2236 661 2296 dessen
691 2252 806 2312 Drama
827 2270 989 2330 „Fräulein
1019 2286 1085 2346 Else

373 2297 448 2357 mit
488 2313 658 2373 Elisabeth
717 2336 859 2396 Bergner
908 2355 1060 2415 verfilmt

538 2359 579 2419 e
604 2366 623 2426 n
760 2393 1042 2453 eee.

375 2399 650 2459 hirnverblutung
669 2417 694 2477 im
732 2425 820 2485 Alter
839 2434 891 2494 von
919 2441 945 2501 69
972 2446 1042 2506 Jah-

365 2430 418 2490 ren
452 2446 641 2506 gestorben.

678 2509 741 2569 Aus
766 2515 818 2575 der
848 2532 1040 2592 Zeitschrift

735 2563 822 2623 „Der
850 2573 948 2633 Film'

340 2602 415 2662 DER
459 2623 680 2683 ALTERNDE
715 2644 893 2704 DICHTER

388 2658 484 2718 Wien
507 2673 581 2733 1923
604 2681 656 2741 bei
668 2689 753 2749 einem
798 2706 948 2766 Empfang
981 2720 1012 2780 zu

334 2702 436 2762 Ehren
471 2715 530 2775 des
558 2728 703 2788 greisen,
721 2742 816 2802 schon
851 2757 1005 2817 reichlich

332 2748 450 2808 müden
485 2762 585 2822 Georg
620 2778 780 2838 Brandes.
799 2792 856 2852 Die
883 2803 1009 2863 tempe¬

329 2798 551 2858 ramentvolle
579 2816 658 2876 Frau
686 2823 730 2883 R.
749 2832 792 2892 R.
810 2837 846 2897 zu
882 2847 1006 2907 Arthur

328 2841 529 2901 Schnitzler:
578 2864 755 2924 „Brandesl
792 2882 874 2942 Oh,
911 2892 993 2952 diese

323 2891 613 2951 Jugendlichkeit!
633 2907 678 2967 Da
708 2917 791 2977 kann
820 2929 894 2989 man
923 2936 988 2996 sich

314 2922 362 2982 ein
391 2933 539 2993 Beispiel
560 2951 721 3011 nehmen!

347 2975 486 3035 Darauf
513 2994 705 3054 Schnitzler
732 3008 801 3068 mit
828 3022 985 3082 Distanz:

344 3014 359 3074 —
401 3021 457 3081 Ich
482 3031 563 3091 lasse
588 3041 661 3101 mich
694 3050 783 3110 nicht
808 3066 962 3126 drängen.

1937 285 2000 345 Das
2025 282 2216 342 Tagebuch,
2232 284 2335 344 Berlin

1425 308 1548 368 box
1627 309 1859 369 43/13

1932 388 2031 448 91.
2059 388 2186 448 OKT.
2214 389 2313 449 131

1631 458 1738 518 vom:

2553 506 2843 566 SCHNITZLER

1464 516 1628 576 LUDWIG
1667 515 1803 575 BAUER

1526 579 1560 639 In
1589 577 1704 637 diesem
1745 577 1872 637 milden
1896 575 2028 635 Herbst
2052 575 2091 635 ist
2115 573 2248 633 Arthur
2266 571 2473 631 Schnitzler
2497 569 2554 629 von
2584 566 2647 626 uns
2665 565 2866 625 regangen.

1462 628 1514 688 er.
1538 628 1595 688 der
1625 627 1734 687 selbst
1758 625 1806 685 ein
1840 625 2078 685 herbstlicher
2108 622 2255 682 Dichter
2285 618 2442 678 gewesen
2476 617 2538 677 ist:
2562 614 2633 674 voll
2658 613 2758 673 Reife
2792 613 2858 673 und

1463 677 1689 737 Müdigkeit.
1716 673 1787 733 voll
1813 673 1988 733 Weisheit
2014 672 2081 732 und
2118 673 2272 733 Ahnung
2309 667 2370 727 und
2407 664 2494 724 stets
2526 664 2612 724 nahe
2644 661 2706 721 dem
2758 661 2870 721 Ende.

1466 727 1544 787 Sein
1569 726 1696 786 letzter
1716 723 1808 783 Blick
1843 722 1916 782 mag
1946 721 2038 781 wohl
2059 718 2117 778 den
2147 718 2278 778 Garten
2308 715 2420 775 seines
2445 713 2679 773 Londhauses
2700 709 2865 769 gestreift

1464 776 1603 836 haben.
1624 775 1679 835 von
1715 775 1774 835 dem
1820 772 1895 832 man
1925 770 1990 830 auf
2016 769 2111 829 Wien
2141 766 2367 826 herabsieht.
2383 763 2427 823 Er
2453 763 2528 823 war
2554 760 2769 820 menschlich
2800 757 2864 817 wie

1468 822 1703 882 künstlerisch
1743 818 1801 878 der
1836 819 2096 879 vollkommene
2131 816 2317 876 Ausdruck
2357 811 2469 871 dieser
2499 810 2621 870 Stadt.
2646 808 2739 868 ihrer
2769 806 2871 866 Men¬

1466 873 1566 933 schen
1600 870 1666 930 und
1696 867 1786 927 ihres
1815 867 1977 927 Wesens.
1992 868 2025 928 er
2049 868 2140 928 Hatte
2169 864 2212 924 sie
2241 866 2327 926 ganz
2356 862 2379 922 in
2408 858 2480 918 sich
2519 858 2585 918 und
2614 858 2690 918 war
2715 856 2867 916 darüiber

1464 921 1593 981 hinaus
1619 921 1704 981 doch
1735 920 1820 980 noch
1850 918 1956 978 völlig
1986 916 2293 976 Persönlichkeit,
2309 909 2565 969 unzerstörbar
2590 908 2655 968 und
2686 909 2876 969 einmalig.

1464 969 1508 1029 Er
1534 969 1639 1029 liebte
1665 969 1715 1029 es.
1736 969 1765 1029 in
1796 967 1912 1027 diesen
1947 966 2078 1026 Garten
2109 963 2375 1023 hinabzusehen
2411 960 2476 1020 und
2507 958 2602 1018 sagte
2633 956 2698 1016 mir
2724 956 2874 1016 einmal,

1467 1019 1545 1079 halb
1588 1016 1835 1076 genießerisch
1878 1014 2125 1074 ausgestreckt
2162 1012 2230 1072 und
2273 1009 2383 1069 Stadt
2415 1007 2483 1067 wie
2521 1005 2615 1065 Land
2658 1001 2768 1061 durch
2810 1005 2868 1065 die

1464 1070 1582 1130 Augen
1614 1068 1644 1128 in
1670 1067 1737 1127 sich
1769 1066 2037 1126 aufnehmend:
2058 1064 2140 1124 „Als
2161 1061 2207 1121 ich
2239 1059 2315 1119 hier
2337 1058 2481 1118 einzog,
2497 1058 2532 1118 da
2559 1054 2687 1114 dachte
2714 1052 2760 1112 ich
2791 1053 2879 1113 mir,

1462 1117 1514 1177 ich
1547 1115 1668 1175 würde
1700 1117 1736 1177 da
1769 1115 1874 1175 unten
1907 1112 1933 1172 im
1981 1112 2113 1172 Garten
2145 1110 2277 1170 gehen.
2299 1107 2378 1167 dort
2405 1106 2584 1166 arbeiten.
2607 1104 2659 1164 Ich
2691 1103 2780 1163 habe
2813 1102 2865 1162 ihn

1472 1169 1496 1229 in
1537 1166 1667 1226 Jahren
1702 1165 1792 1225 kaum
1838 1161 2018 1221 betreten.
2039 1160 2118 1220 Man
2154 1160 2214 1220 hat
2239 1160 2299 1220 ihn
2335 1156 2450 1216 mehr.
2470 1156 2570 1216 wenn
2601 1153 2680 1213 man
2711 1153 2766 1213 ihn
2802 1151 2861 1211 von

1470 1214 1554 1274 oben
1578 1213 1701 1273 sieht.“
1725 1215 1786 1275 Ein
1816 1212 2148 1272 aufschlußreiches
2178 1209 2290 1269 Wort,
2308 1210 2415 1270 durch
2443 1207 2505 1267 das
2529 1205 2602 1265 man
2631 1202 2658 1262 in
2681 1201 2737 1261 ihn
2766 1201 2873 1261 selbst

1469 1263 1712 1323 hineinsieht.

1540 1313 1610 1373 Und
1654 1310 1701 1370 ein
1740 1311 1912 1371 anderes,
1935 1309 1999 1369 das
2027 1309 2064 1369 er
2092 1307 2161 1367 mir
2194 1306 2221 1366 im
2271 1304 2486 1364 September
2519 1301 2654 1361 schrieb
2693 1301 2719 1361 in
2757 1302 2854 1362 einem

1470 1363 1589 1423 Briefe
1612 1360 1696 1420 über
1719 1360 1809 1420 mein
1838 1360 1951 1420 Buch:
1974 1358 2024 1418 „Im
2070 1354 2211 1414 Gefühl
2229 1354 2325 1414 stehe
2348 1354 2392 1414 ich
2427 1354 2511 1414 nahe
2540 1352 2596 1412 bei
2614 1348 2749 1408 Ihnen,
2761 1351 2873 1411 daher

1474 1410 1556 1470 auch
1595 1410 1622 1470 in
1655 1410 1893 1470 Voraussicht
1921 1407 1981 1467 und
2015 1407 2175 1467 dunkler
2203 1404 2380 1464 Ahnung.
2402 1402 2496 1462 Aber
2524 1400 2584 1460 das
2613 1399 2728 1459 Genie
2757 1400 2800 1460 ist
2823 1401 2877 1461 in¬

1469 1459 1798 1519 commensurabel,
1819 1458 1880 1518 und
1906 1458 1967 1518 das
1989 1455 2070 1515 noch
2102 1455 2199 1515 nicht
2220 1453 2390 1513 geborene
2416 1452 2487 1512 erst
2503 1448 2616 1508 recht.
2627 1448 2667 1508 So
2689 1449 2796 1509 lassen
2817 1450 2873 1510 Sie

1477 1510 1537 1570 uns
1560 1511 1780 1571 Hoffnung.“
1802 1506 1879 1566 Und
1907 1506 1989 1566 auch
2018 1506 2044 1566 in
2073 1503 2188 1563 seinem
2227 1504 2386 1564 Glauben
2415 1501 2453 1561 an
2481 1498 2535 1558 die
2553 1498 2695 1558 Gewalt
2718 1499 2773 1559 der
2795 1494 2877 1554 Per¬

1471 1558 1713 1618 sönlichkeit.
1740 1557 1771 1617 in
1809 1557 1924 1617 diesem
1977 1554 2262 1614 Skeptizismus,
2289 1553 2352 1613 der
2384 1547 2611 1607 zweifelfroh
2654 1548 2716 1608 zum
2764 1548 2880 1608 Opti¬

1473 1608 1621 1668 mismus
1653 1606 1786 1666 wieder
1813 1605 1993 1665 umbiegt,
2014 1605 2060 1665 ist
2087 1604 2148 1664 der
2174 1602 2287 1662 ganze
2319 1600 2519 1660 Schnitzler
2551 1597 2751 1657 enthalten.
2773 1596 2875 1656 Seine

1479 1659 1726 1719 Gesellschaft
1759 1655 1834 1715 war
1861 1652 2152 1712 geschwunden,
2179 1651 2232 1711 die
2265 1650 2302 1710 er
2335 1649 2545 1709 dichterisch
2589 1648 2733 1708 umfaßt
2767 1647 2884 1707 hatte,

1472 1772 1526 1832 ihr
1560 1770 1726 1830 geistiges
1760 1766 1826 1826 und
1865 1763 2043 1823 sittliches
2071 1760 2187 1820 Klima
2226 1757 2325 1817 hatte
2354 1757 2426 1817 sich
2465 1751 2675 1811 verändert,
2704 1748 2770 1808 und
2804 1744 2875 1804 sein

1480 1823 1537 1883 bei
1566 1819 1652 1879 aller
1687 1813 1888 1873 Weichheit
1917 1811 2193 1871 unerbittlicher
2223 1806 2349 1866 Spott,
2367 1805 2436 1865 sein
2471 1802 2574 1862 Spiel
2604 1795 2775 1855 zwischen
2811 1793 2873 1853 den

1483 1870 1661 1930 Gefühlen
1696 1865 1921 1925 geborgener
1956 1862 2019 1922 und
2060 1858 2169 1918 durch
2210 1854 2389 1914 Reichtum
2441 1851 2510 1911 und
2551 1846 2619 1906 alte
2655 1846 2787 1906 Kultur
2822 1845 2885 1905 be¬

1481 1921 1623 1981 hüteter
1645 1915 1835 1975 Menschen
1867 1912 1977 1972 schien
2009 1912 2062 1972 ins
2084 1908 2189 1968 Leere
2216 1906 2252 1966 zu
2284 1902 2416 1962 fallen;
2433 1900 2480 1960 sie
2507 1896 2623 1956 waren
2650 1896 2754 1956 nicht
2776 1892 2892 1952 mehr.

1483 1971 1556 2031 Und
1599 1968 1757 2028 dennoch
1800 1963 1984 2023 erneuerte
2022 1958 2091 2018 sich
2128 1957 2201 2017 sein
2239 1956 2339 2016 Ruhm
2392 1949 2519 2009 immer
2551 1947 2661 2007 noch,
2688 1943 2762 2003 sind
2805 1942 2867 2002 dem

1482 2018 1581 2078 mehr
1615 2017 1664 2077 als
1692 2015 2012 2075 Sechzigjährigen
2045 2008 2177 2068 gerade
2211 2007 2238 2067 in
2277 2004 2393 2064 seinen
2432 1999 2558 2059 letzten
2598 1993 2879 2053 Greisenjahren

1486 2067 1750 2127 nachhallende
1795 2063 1938 2123 Erfolge
1983 2056 2198 2116 geworden:
2237 2052 2308 2112 sein
2353 2051 2491 2111 Roman
2536 2044 2756 2104 „Therese",
2790 2040 2883 2100 seine

1486 2114 1797 2174 Meisternovellen
1826 2112 1952 2172 „Spiel
1970 2110 1999 2170 im
2040 2104 2373 2164 Morgengrauen",
2391 2096 2575 2156 „Fräulein
2605 2092 2725 2152 Else",
2743 2090 2893 2150 andere.

1486 2168 1529 2228 Er
1557 2166 1650 2226 nahm
1695 2163 1739 2223 sie
1767 2163 1822 2223 hin
1855 2160 1943 2220 ohne
1971 2156 2186 2216 Illusionen,
2209 2151 2330 2211 erwies
2358 2147 2457 2207 einer
2480 2145 2595 2205 seiner
2623 2139 2788 2199 Feinheit
2811 2136 2893 2196 ent¬

1490 2216 1685 2276 fremdeten
1732 2211 1824 2271 Welt
1859 2211 1956 2271 nicht
1991 2205 2123 2265 einmal
2159 2204 2210 2264 die
2245 2200 2360 2260 Ehre,
2389 2195 2579 2255 verbittert
2608 2192 2648 2252 zu
2683 2190 2775 2250 sein.
2810 2187 2890 2247 Nur

1493 2265 1691 2325 polarkalt,
1713 2258 2011 2318 tausendjährig,
2034 2255 2094 2315 wie
2128 2253 2188 2313 aus
2217 2246 2587 2306 unüberbrückbarer
2621 2240 2747 2300 Ferne,
2770 2236 2885 2296 seinen

1498 2316 1597 2376 Ruhm
1647 2312 1889 2372 verachtend,
1912 2307 2011 2367 stand
2050 2305 2083 2365 er
2116 2303 2171 2363 ihr
2200 2302 2232 2362 in
2271 2299 2386 2359 seiner
2415 2294 2541 2354 letzten
2575 2289 2652 2349 Zeit
2680 2286 2906 2346 gegenüber.

1493 2365 1630 2425 Rettete
1669 2362 1740 2422 sich
1779 2360 1844 2420 aus
1878 2355 2054 2415 schwerem
2110 2352 2220 2412 Leid,
2248 2350 2308 2410 das
2342 2346 2402 2406 ihn
2442 2343 2496 2403 als
2530 2341 2634 2401 Mann
2673 2337 2738 2397 und
2789 2334 2893 2394 Vater

1495 2414 1664 2474 getroffen
1704 2411 1817 2471 hatte,
1846 2409 1873 2469 in
1908 2405 2161 2465 epikuräische
2196 2398 2359 2458 Genüsse
2388 2395 2450 2455 des
2479 2389 2642 2449 Körpers
2671 2388 2738 2448 und
2778 2385 2806 2445 in
2840 2382 2896 2442 die

1493 2461 1685 2521 gefrorene
1719 2458 1807 2518 Lust
1835 2455 2000 2515 geistiger
2039 2454 2100 2514 und
2139 2446 2425 2506 künstlerischer
2459 2438 2724 2498 Betrachtung.
2746 2433 2895 2493 Schrieb

1487 2512 1615 2572 immer
1647 2509 1848 2569 seltsamer,
1869 2505 1998 2565 immer
2025 2500 2334 2560 vollkommener;
2355 2495 2386 2555 in
2422 2491 2577 2551 dunklem
2625 2485 2743 2545 Glanz
2769 2484 2903 2544 schim¬

1497 2560 1604 2620 merte
1636 2560 1738 2620 unter
1771 2557 1883 2617 seinen
1920 2551 2208 2611 Meisterhänden
2245 2548 2306 2608 das
2338 2541 2523 2601 kostbare,
2544 2534 2699 2594 geliebte
2730 2534 2791 2594 und
2828 2532 2900 2592 nun

1500 2611 1526 2671 so
1554 2611 1715 2671 zuchtlos
1737 2605 1952 2665 verdorbene
1980 2601 2211 2661 Geschmeide
2239 2596 2298 2656 der
2320 2593 2508 2653 deutschen
2536 2588 2719 2648 Sprache.
2730 2581 2773 2641 Er
2795 2583 2902 2643 liebte

1499 2658 1560 2718 das
1592 2657 1704 2717 Leben
1736 2655 1838 2715 nicht
1864 2652 1982 2712 mehr,
2003 2649 2105 2709 aber,
2127 2646 2188 2706 wie
2219 2645 2254 2705 er
2281 2643 2316 2703 es
2343 2641 2584 2701 ausdrückte,
2605 2635 2661 2695 „er
2687 2632 2784 2692 stand
2821 2631 2882 2691 dem

1502 2706 1567 2766 Tod
1606 2706 1694 2766 ohne
1722 2701 1942 2761 Sympathie
1971 2696 2175 2756 gegenüber
2203 2694 2219 2754 .
2236 2694 2313 2754 Für
2341 2689 2417 2749 ihn,
2446 2688 2506 2748 den
2546 2683 2810 2743 Voltaireaner,
2833 2679 2898 2739 den

1495 2757 1587 2817 alten
1629 2754 1731 2814 Arzt,
1757 2753 1813 2813 den
1851 2748 2112 2808 dichterischen
2149 2743 2308 2803 Anreger
2340 2738 2401 2798 der
2427 2733 2721 2793 Psychoanalyse
2752 2727 2901 2787 wartete

1507 2807 1580 2867 kein
1620 2804 1794 2864 Jenseits,
1823 2800 1884 2860 und
1924 2797 1992 2857 alle
2026 2793 2234 2853 Eitelkeiten
2279 2789 2335 2849 von
2375 2787 2442 2847 sich
2483 2784 2662 2844 abtuend,
2685 2778 2831 2838 glaubte
2866 2776 2899 2836 er

1503 2855 1604 2915 nicht
1629 2855 1664 2915 an
1695 2849 1911 2909 literarische
1942 2843 2266 2903 Unsterblichkeit.
2285 2838 2410 2898 Prüfte
2435 2836 2513 2896 eher
2537 2832 2609 2892 eine
2640 2829 2904 2889 wohlgeratene

1502 2906 1649 2966 Speise,
1666 2903 1718 2963 sah
1750 2898 1960 2958 kennerisch
1987 2893 2056 2953 auf
2078 2891 2151 2951 eine
2178 2890 2304 2950 schöne
2331 2885 2499 2945 Frau...

1577 2951 1639 3011 Mit
1669 2949 1963 3009 Hofmannsthal
1987 2944 2032 3004 ist
2062 2940 2096 3000 er
2125 2940 2160 3000 so
2195 2939 2298 2999 recht
2327 2937 2385 2997 der
2414 2933 2570 2993 Dichter
2599 2930 2824 2990 Österreichs
2853 2926 2910 2986 ge¬

1510 3002 1638 3062 wesen,
1661 3001 1709 3061 er,
1731 2999 1790 3059 der
1812 2996 2033 3056 Kulturjude
2061 2993 2120 3053 aus
2148 2989 2293 3049 feinstem
2337 2983 2671 3043 Gelehrtenhause.
2688 2976 2812 3036 Beides
2840 2975 2909 3035 war

1507 3052 1733 3112 untrennbar
1772 3048 1799 3108 in
1838 3046 1893 3106 ihm
1944 3042 2143 3102 gemischt.
2171 3040 2214 3100 Er
2248 3037 2348 3097 hatte
2381 3035 2436 3095 die
2470 3032 2635 3092 jüdische
2680 3026 2918 3086 Verstandes¬

1507 3099 1674 3159 schärfe,
1686 3097 1737 3157 die
1761 3094 1898 3154 Freude
1922 3094 1956 3154 an
1986 3091 2164 3151 Dialektik
2199 3087 2262 3147 und
2286 3084 2585 3144 schonungslosem
2632 3076 2735 3136 Witz.
2753 3075 2827 3135 Und
2857 3074 2908 3134 die

1516 3148 1860 3208 verschwimmende
1895 3141 2098 3201 Weichheit
2133 3138 2188 3198 des
2224 3135 2398 3195 Gefühls,
2427 3131 2489 3191 den
2524 3127 2675 3187 Scherz,
2705 3125 2761 3185 der
2795 3124 2908 3184 Leben

1516 3201 1577 3261 und
1606 3196 1746 3256 Gefühl
1770 3194 1916 3254 niemals
1939 3191 2119 3251 ernsthaft
2142 3187 2265 3247 nahm.
2283 3184 2406 3244 Nichts
2429 3179 2558 3239 konnte
2587 3178 2615 3238 ja
2644 3174 2801 3234 bleiben,
2819 3173 2908 3233 diese

1510 3250 1631 3310 Stadt,
1654 3247 1769 3307 dieses
1798 3243 1902 3303 Reich
1941 3239 2013 3299 war
2041 3238 2245 3298 ersichtlich
2279 3234 2383 3294 nicht
2412 3228 2627 3288 dauerhaft.
2649 3223 2743 3283 Aber
2777 3223 2848 3283 was
2882 3221 2914 3281 es

1513 3297 1552 3357 an
1597 3293 1845 3353 Bewegtheit,
1879 3289 1918 3349 an
1964 3287 2229 3347 Verfeinerung
2274 3283 2403 3343 besaß,
2443 3277 2494 3337 die
2540 3272 2759 3332 herbstliche
2799 3271 2911 3331 bunte

1516 3345 1759 3405 Melancholie
1787 3340 1899 3400 seines
1928 3336 2114 3396 Welkens,
2137 3335 2210 3395 dies
2239 3333 2312 3393 war
2335 3331 2363 3391 in
2397 3329 2487 3389 ihm.
2510 3323 2611 3383 Diese
2646 3322 2775 3382 jungen
2810 3318 2921 3378 Lebe¬

1515 3395 1682 3455 männer,
1704 3393 1757 3453 die
1785 3390 1925 3450 kleinen
1953 3387 2147 3447 Öffiziere,
2169 3383 2223 3443 die
2250 3381 2406 3441 Haltung
2439 3374 2530 3434 einer
2558 3372 2747 3432 erzogenen
2785 3369 2925 3429 Klasse,

1514 3447 1587 3507 ihre
1611 3444 1763 3504 lautlose
1792 3438 2063 3498 Vornehmheit,
2081 3435 2131 3495 die
2155 3433 2358 3493 Diskretion
2393 3429 2454 3489 und
2484 3423 2806 3483 Kompliziertheit
2824 3418 2919 3478 ihrer

1520 3494 1735 3554 Fassionen:
1757 3487 1804 3547 sie
1831 3489 1904 3549 sind
1937 3487 1994 3547 das
2021 3485 2273 3545 Kennzeichen
2306 3477 2416 3537 seiner
2443 3472 2627 3532 Gestalten
2659 3469 2722 3529 von
2754 3470 2811 3530 den
2849 3468 2922 3528 An¬

1520 3545 1649 3605 fängen
1687 3542 1713 3602 in
1752 3539 1864 3599 seinem
1919 3536 2113 3596 „Anatol“,
2135 3533 2183 3593 wo
2216 3530 2301 3590 noch
2339 3525 2587 3585 französische
2620 3518 2808 3578 Vorbilder
2841 3515 2899 3575 dem

1520 3595 1651 3655 jungen
1691 3590 1778 3650 Arzt
1807 3587 1834 3647 in
1873 3587 1922 3647 die
1956 3584 2066 3644 Feder
2094 3581 2226 3641 liefen,
2249 3578 2331 3638 aber
2365 3575 2397 3635 er
2431 3574 2514 3634 doch
2548 3571 2652 3631 schon
2686 3567 2773 3627 ganz
2807 3564 2928 3624 Wien,

1520 3646 1609 3706 ganz
1636 3637 1841 3697 Österreich
1873 3635 1936 3695 und
1973 3635 2062 3695 ganz
2089 3631 2294 3691 Schnitzler
2321 3626 2415 3686 war,
2437 3627 2489 3687 bis
2516 3622 2552 3682 zu
2579 3620 2695 3680 seinen
2732 3614 2916 3674 Gestalten

1527 3691 1549 3751 im
1596 3689 1803 3749 „Einsamen
1838 3686 1964 3746 Weg“,
1982 3683 2010 3743 im
2057 3679 2149 3739 „Ruf
2173 3679 2235 3739 des
2259 3676 2438 3736 Lebens",
2456 3673 2484 3733 im
2525 3664 2870 3724 „Zwischenspiel",
2894 3662 2916 3722 in

1524 3742 1636 3802 seinen
1668 3733 2069 3793 Meistergeschichten,
2086 3730 2152 3790 und
2179 3727 2307 3787 immer
2333 3724 2467 3784 wieder
2488 3720 2534 3780 ist
2555 3718 2611 3778 der
2638 3715 2931 3775 liebesuchende.

1525 3789 1744 3849 zweifelnde
1767 3784 1982 3844 Selbstling,
1999 3781 2059 3841 dem
2104 3780 2137 3840 am
2182 3777 2280 3837 Ende
2308 3774 2368 3834 das
2392 3772 2501 3832 Glück
2535 3766 2617 3826 doch
2651 3764 2854 3824 entgleitet,
2872 3761 2926 3821 die

1525 3838 1797 3898 dominierende
1828 3832 1972 3892 Gestalt
1998 3829 2111 3889 seines
2147 3826 2311 3886 Werkes.
2333 3819 2425 3879 Stets
2456 3817 2548 3877 steht
2580 3816 2661 3876 auch
2698 3814 2805 3874 neben
2847 3810 2908 3870 dem

1521 3886 1769 3946 Zweifelnden
1804 3881 1861 3941 der
1890 3879 1976 3939 Tod,
2000 3878 2063 3938 und
2098 3873 2190 3933 diese
2219 3870 2340 3930 beiden
2370 3869 2525 3929 Motive,
2543 3865 2611 3925 Tod
2647 3862 2709 3922 und
2739 3862 2842 3922 Spiel
2866 3859 2929 3919 mit

1530 3937 1588 3997 dem
1638 3933 1848 3993 Schicksal,
1870 3928 1978 3988 füllen
2011 3927 2038 3987 in
2076 3923 2162 3983 stets
2189 3919 2422 3979 erneuerten,
2444 3914 2568 3974 immer
2596 3910 2822 3970 kunstvollen
2861 3908 2925 3968 und

1530 3986 1739 4046 manchmal
1773 3980 1858 4040 auch
1897 3976 2145 4036 gekünstelten
2194 3969 2507 4029 Verwandlungen
2556 3962 2626 4022 sein
2664 3960 2858 4020 „oeuvre“.
2886 3955 2928 4015 Er

1534 4037 1602 4097 war
1638 4034 1736 4094 wohl
1765 4032 1967 4092 bestimmt,
2002 4025 2082 4085 eine
2118 4022 2331 4082 verfeinerte
2378 4018 2447 4078 und
2488 4017 2546 4077 zum
2598 4011 2806 4071 Untergang
2853 4007 2933 4067 vor-

2866 4154 2936 4214 1703
