3436 4352
208 360 329 420 12.
381 368 971 428 Schnitzler's
1043 374 1266 434 Death

1482 373 1612 433 box
1690 383 1882 443 42/7

265 1093 625 1153 OBSE

743 1110 987 1170 NVER

347 1147 379 1207 I.
393 1150 511 1210 österr.
520 1157 671 1217 behördl.
685 1167 986 1227 konzessioniertes

296 1189 535 1249 Unternehmen
564 1197 615 1257 für
639 1209 1030 1269 Zeitungs-Ausschnitte

359 1251 505 1311 WIEN,
534 1258 582 1318 I.,
604 1264 892 1324 WOLLZEILE
942 1276 983 1336 11

449 1308 667 1368 TELEPHON
699 1318 874 1378 R-23-0-43

246 1440 468 1500 Ausschnitt
493 1449 585 1509 aus:

199 1673 399 1733 AUSSCHMITT
425 1680 475 1740 VOM

592 1744 651 1804 22
703 1741 793 1801 OKI.
804 1744 863 1804 193

181 1856 440 1916 tadtanzeiger
486 1864 538 1924 für
576 1871 655 1931 Köln
701 1876 764 1936 und
800 1882 1041 1942 Umgegend,
1060 1891 1148 1951 Köln

468 1948 803 2008 Morgenausgabe

580 2153 916 2213 Arthur
982 2159 1496 2219 Schnitzler
1564 2175 1996 2235 gestorben

400 2256 495 2316 Vom
549 2265 873 2325 Opaziergang
909 2273 1223 2333 heimgekehri,
1250 2273 1390 2333 ereilie
1418 2278 1478 2338 den
1523 2283 1697 2343 Dichter
1733 2285 1786 2345 ein
1822 2291 2048 2351 plötzlicher
2084 2295 2171 2355 Tod

1313 2368 1445 2428 gestalten
1480 2368 1567 2428 seiner
1597 2373 1695 2433 Werke
1720 2375 1768 2435 den
1803 2378 1896 2438 beiden
1931 2383 2058 2443 Figuren
2088 2385 2175 2445 dieses

1313 2404 1430 2464 Wiener
1467 2407 1643 2467 Denkmals.
1676 2413 1770 2473 Zwar
1798 2416 1897 2476 tragen
1939 2419 2011 2479 seine
2043 2423 2178 2483 Männen

1314 2441 1395 2501 selten
1432 2445 1481 2505 den
1523 2446 1600 2506 Bart
1632 2449 1718 2509 dieses
1755 2454 1887 2514 barocken
1928 2458 2087 2518 Burschen,
2115 2463 2178 2523 aber

1311 2479 1341 2539 sie
1373 2482 1425 2542 alle
1456 2484 1562 2544 greifen
1593 2487 1698 2547 immer
1730 2490 1835 2550 wieder
1867 2494 1928 2554 nach
1959 2495 2007 2555 den
2047 2500 2179 2560 Frauen,

1307 2521 1346 2581 sie
1377 2521 1430 2581 alle
1462 2522 1568 2582 wollen
1603 2524 1647 2584 die
1679 2527 1762 2587 Liebe
1798 2530 1842 2590 als
1878 2532 1926 2592 den
1967 2535 2099 2595 schönen,
2126 2538 2161 2598 un

1309 2558 1495 2618 beherrschten
1528 2562 1718 2622 Augenblick,
1737 2568 1769 2628 sie
1796 2568 1850 2628 alle
1878 2571 1978 2631 wollen
2010 2574 2183 2634 verführen,

1306 2594 1379 2654 aber
1409 2598 1483 2658 nicht
1513 2598 1561 2658 für
1591 2598 1634 2658 die
1665 2601 1753 2661 Liebe
1783 2604 1832 2664 den
1867 2607 1959 2667 Preis
1989 2612 2038 2672 der
2073 2613 2175 2673 Pflicht

1310 2634 1427 2694 zahlen,
1448 2634 1481 2694 sie
1506 2635 1560 2695 alle
1585 2639 1683 2699 wollen
1717 2644 1849 2704 genießen
1894 2647 1947 2707 und
1978 2650 2055 2710 selten
2085 2652 2178 2712 mehr.

1311 2671 1370 2731 Und
1396 2671 1467 2731 seine
1492 2676 1608 2736 Frauen
1639 2681 1770 2741 sträuben
1805 2683 1865 2743 sich,
1887 2686 1956 2746 aber
1982 2688 2052 2748 nicht
2078 2690 2158 2750 lange

1306 2709 1343 2769 sie
1376 2709 1430 2769 alle
1463 2712 1559 2772 folgen
1598 2714 1678 2774 ihrem
1727 2719 1851 2779 Gefühl,
1879 2723 1916 2783 sie
1943 2724 2051 2784 kennen
2094 2727 2169 2787 keine

1306 2747 1487 2807 Hemmung,
1512 2750 1590 2810 keine
1620 2754 1766 2814 Feigheit,
1791 2759 1845 2819 und
1880 2761 1904 2821 so
1934 2762 2041 2822 stürzen
2076 2765 2109 2825 sie
2139 2766 2163 2826 in

1300 2783 1413 2843 Schuld
1445 2788 1496 2848 und
1528 2788 1636 2848 Elend,
1657 2790 1724 2850 aber
1756 2794 1786 2854 sie
1818 2798 1875 2858 sind
1906 2801 1973 2861 groß
2005 2801 2030 2861 im
2073 2804 2175 2864 Sturz,

1301 2820 1370 2880 denn
1403 2825 1483 2885 wenn
1516 2825 1553 2885 sie
1582 2826 1623 2886 die
1652 2829 1736 2889 Liebe
1764 2835 1886 2895 wollen,
1910 2838 2013 2898 wollen
2046 2840 2078 2900 sie
2107 2843 2167 2903 auch

1303 2858 1356 2918 alle
1384 2861 1438 2921 von
1470 2861 1511 2921 ihr
1543 2867 1715 2927 unlöslichen
1752 2875 2002 2935 Verstrickungen.
2029 2879 2174 2939 Männer,

1303 2895 1349 2955 die
1382 2900 1558 2960 verführen,
1587 2903 1656 2963 aber
1694 2907 1763 2967 nicht
1800 2911 1911 2971 lieben,
1945 2915 1995 2975 und
2037 2918 2172 2978 Frauen,

1301 2933 1345 2993 die
1373 2938 1505 2998 verführt
1528 2940 1659 3000 werden,
1678 2944 1746 3004 weil
1765 2945 1800 3005 sie
1824 2949 1932 3009 lieben:
1956 2952 2028 3012 diese
2051 2956 2173 3016 Grund¬

1294 2974 1365 3034 züge
1395 2977 1577 3037 durchziehen
1607 2981 1650 3041 die
1679 2983 1789 3043 Bücher
1814 2986 1862 3046 des
1891 2990 2025 3050 Wieners
2060 2992 2165 3052 Arthur

1289 3011 1449 3071 Schnitzler
1477 3014 1531 3074 vom
1574 3018 1660 3078 ersten
1698 3020 1738 3080 bis
1771 3024 1821 3084 zum
1867 3028 1982 3088 letzten,
2005 3030 2027 3090 in
2060 3031 2165 3091 immer

1298 3049 1385 3109 neuen
1421 3055 1645 3115 Wandlungen,
1668 3058 1734 3118 aber
1756 3061 1817 3121 doch
1844 3063 1870 3123 im
1910 3067 2029 3127 gleichen
2060 3070 2152 3130 Takt.

1300 3086 1358 3146 und
1386 3088 1413 3148 so
1445 3089 1476 3149 ist
1504 3093 1567 3153 jene
1595 3096 1689 3156 Figur
1721 3099 1771 3159 von
1807 3102 1970 3162 Mattielli,
1993 3108 2160 3168 anderthall

1298 3126 1509 3186 Jahrhundert
1531 3130 1578 3190 vor
1599 3136 1773 3196 Schnitzler,
1790 3139 1842 3199 wie
1869 3141 1905 3201 ein
1932 3143 2048 3203 Zeichen
2075 3147 2164 3207 seiner

1307 3162 1396 3222 Welt.

1338 3202 1377 3262 Es
1407 3204 1441 3264 ist
1476 3205 1527 3265 kein
1563 3209 1677 3269 Zufall,
1707 3212 1759 3272 daß
1800 3216 1845 3276 der
1875 3220 2105 3280 Naturalismus
2135 3222 2157 3282 in

1300 3238 1378 3298 Wien
1410 3243 1485 3303 nicht
1507 3245 1551 3305 die
1578 3247 1666 3307 graue
1693 3252 1895 3312 Alltagsfarbe
1923 3258 2041 3318 bekam,
2060 3262 2112 3322 wie
2139 3261 2161 3321 in

1299 3279 1419 3339 Berlin;
1441 3284 1612 3344 Schnitzler,
1634 3287 1680 3347 der
1711 3288 1762 3348 mit
1789 3290 1844 3350 und
1874 3293 1925 3353 vor
1956 3295 2062 3355 andern
2093 3297 2161 3357 diese

1300 3317 1467 3377 Bewegung
1498 3321 1563 3381 nach
1590 3323 1745 3383 Österreich
1776 3328 1903 3388 brachte,
1926 3330 2000 3390 lebte
2027 3332 2053 3392 in
2084 3335 2163 3395 einer

1298 3352 1403 3412 Stadt,
1426 3356 1465 3416 die
1492 3358 1611 3418 damals
1638 3361 1659 3421 so
1691 3365 1810 3425 mächtig
1841 3366 1893 3426 und
1925 3368 1947 3428 so
1978 3371 2066 3431 heiter
2093 3374 2154 3434 war

1298 3392 1347 3452 daß
1380 3393 1443 3453 man
1475 3395 1525 3455 für
1553 3397 1602 3457 das
1630 3399 1711 3459 Grau
1744 3401 1770 3461 in
1798 3403 1884 3463 Grau
1916 3408 1984 3468 dort
2007 3411 2061 3471 kein
2093 3409 2152 3469 Ver

1292 3431 1425 3491 ständnis
1455 3435 1548 3495 hatte.
1588 3437 1666 3497 Aber
1697 3442 1849 3502 Schnitzler
1879 3447 1943 3507 trug
1978 3446 2017 3506 die
2047 3449 2165 3509 Skepsis

618 3501 663 3561 (:)
693 3500 795 3560 Wien,
818 3503 869 3563 21.
892 3506 1034 3566 Oktober.
1064 3510 1205 3570 (Telegr.)

485 3546 646 3606 Arthur
675 3550 895 3610 Schnitzler
919 3553 953 3613 ist
971 3553 1056 3613 heute
1080 3556 1172 3616 abend
1196 3556 1218 3616 im

445 3586 525 3646 Aller
555 3591 600 3651 von
631 3592 660 3652 69
691 3595 801 3655 Jahren
832 3597 857 3657 in
888 3598 972 3658 seiner
1003 3601 1073 3661 Villa
1104 3601 1128 3661 in
1159 3604 1239 3664 Döb¬

443 3633 499 3693 ling
536 3637 583 3697 bei
614 3640 692 3700 Wien
734 3643 937 3703 überraschend
974 3647 1015 3707 an
1052 3649 1212 3709 Gehirn

442 3684 629 3744 blutung
664 3691 905 3751 gestorben.
975 3694 1013 3754 In
1048 3696 1097 3756 den
1142 3700 1230 3760 letzten

440 3730 510 3790 zwei
541 3731 653 3791 Jahren
689 3737 744 3797 hat
770 3738 800 3798 er
831 3739 918 3799 wohl
944 3743 1126 3803 gelegentlich
1163 3745 1233 3805 über

442 3777 644 3837 Beschwerden
707 3786 836 3846 geklagt,
885 3787 923 3847 ist
976 3789 1043 3849 aber
1101 3792 1231 3852 niemals

439 3828 588 3888 eigenklich
628 3828 717 3888 krank
752 3831 896 3891 gewesen.
936 3835 1030 3895 Heute
1065 3840 1223 3900 vormittag

442 3873 548 3933 machte
591 3874 623 3934 er
666 3877 744 3937 einen
782 3882 987 3942 Spaziergang
1039 3885 1095 3945 und
1142 3889 1230 3949 kehrte

437 3920 521 3980 gegen
566 3920 599 3980 11
635 3922 698 3982 Uhr
743 3923 807 3983 nach
857 3928 955 3988 Hause
1000 3932 1113 3992 zurück.
1172 3935 1216 3995 Um

443 3968 518 4028 11.15
554 3968 614 4028 Uhr
650 3970 715 4030 fand
751 3971 796 4031 ihn
838 3977 913 4037 seine
954 3979 1120 4039 Sekretärin
1156 3980 1226 4040 be¬

439 4015 628 4075 wußtlos
684 4018 728 4078 am
778 4022 917 4082 Boden
957 4028 1129 4088 liegend
1168 4031 1217 4091 vor

439 4062 596 4122 Schnitzler
624 4065 678 4125 hat
706 4067 803 4127 seildem
854 4070 902 4130 das
935 4073 1126 4133 Bewußksein
1164 4078 1234 4138 nicht

438 4109 685 4169 wiedererlangt.
722 4114 815 4174 Gegen
856 4116 959 4176 Abend
996 4120 1057 4180 trat
1089 4121 1233 4181 Atem¬

437 4156 637 4216 lähmung
670 4159 729 4219 ein,
751 4162 794 4222 die
821 4162 891 4222 dann
930 4164 978 4224 zum
1022 4168 1098 4228 Tode
1125 4171 1233 4231 führte.

440 4199 479 4259 Er
504 4204 552 4264 hat
573 4206 646 4266 nicht
666 4208 695 4268 zu
725 4210 808 4270 leiden
838 4213 999 4273 brauchen;
1019 4216 1107 4276 seines
1132 4217 1220 4277 nahen

2268 853 2319 913 auf
2347 855 2408 915 eine
2441 860 2530 920 andre
2564 865 2657 925 Weise
2685 868 2793 928 herzu;
2821 872 2849 932 er
2878 875 2943 935 war
2972 880 3046 940 Arzt
3075 879 3131 939 und

2275 888 2314 948 sah
2350 895 2434 955 unter
2465 898 2513 958 den
2553 904 2690 964 jeelischen
2730 911 2907 971 Vorgängen
2942 915 2986 975 die
3022 918 3136 978 körper¬

2266 929 2349 989 lichen
2399 938 2690 998 Voraussetzungen.
2750 946 2857 1006 Hinter
2912 950 3007 1010 manch
3062 956 3132 1016 edel¬

2265 965 2392 1025 mütigem
2438 974 2569 1034 Verzicht
2601 979 2646 1039 sah
2679 980 2711 1040 er
2747 986 2933 1046 körperliches
2975 993 3138 1053 Versagen,

2262 1003 2355 1063 hinter
2386 1009 2483 1069 manch
2520 1016 2648 1076 geistigem
2697 1022 2901 1082 Überschwang
2937 1028 2986 1088 den
3022 1031 3128 1091 Rausch

2264 1042 2311 1102 des
2346 1046 2467 1106 Blutes,
2493 1051 2588 1111 hinter
2619 1055 2752 1115 mancher
2783 1061 2899 1121 Anmut
2926 1066 2973 1126 des
3004 1070 3132 1130 Herzens

2261 1079 2312 1139 den
2347 1085 2464 1145 Verfall
2494 1087 2541 1147 des
2585 1091 2705 1151 Leibes,
2740 1097 2839 1157 hinter
2882 1101 2977 1161 manch
3021 1107 3115 1167 zartem

2261 1121 2480 1181 Liebesschwur
2507 1125 2549 1185 die
2575 1130 2704 1190 Brunst:
2726 1132 2781 1192 kein
2812 1137 2962 1197 Wunder,
2980 1142 3031 1202 daß
3061 1145 3125 1205 man

2262 1153 2312 1213 bei
2330 1155 2371 1215 ihm
2412 1159 2512 1219 immer
2535 1164 2640 1224 wieder
2663 1167 2685 1227 im
2722 1173 2809 1233 süßen
2836 1176 2931 1236 Trank
2950 1180 3000 1240 den
3028 1182 3127 1242 bittern

2263 1193 2430 1253 Bodensatz
2451 1200 2536 1260 spürt

2302 1240 2354 1300 Die
2387 1243 2486 1303 dritte,
2513 1247 2587 1307 letzte
2614 1252 2761 1312 Teilkraft
2788 1258 2878 1318 seines
2911 1262 3026 1322 Wesens
3064 1268 3126 1328 nach

2262 1277 2424 1337 Liebesleid
2471 1284 2524 1344 und
2570 1291 2783 1351 eingeborenem
2838 1300 3032 1360 Mißtrauen:
3074 1302 3123 1362 das

2258 1317 2439 1377 Judentum.
2476 1321 2516 1381 In
2549 1325 2640 1385 seinem
2681 1330 2745 1390 nach
2777 1335 2904 1395 Umfang
2937 1339 2986 1399 und
3019 1343 3127 1403 Inhalt

2249 1353 2400 1413 breitesten
2432 1356 2487 1416 und
2515 1362 2619 1422 tiefsten
2652 1365 2766 1425 Roman
2798 1370 2848 1430 hat
2872 1376 3045 1436 Schnitzler,
3068 1380 3118 1440 und

2260 1389 2339 1449 zwar
2379 1396 2533 1456 wuchtiger
2573 1399 2630 1459 und
2670 1405 2789 1465 schärfer
2829 1409 2872 1469 als
2904 1412 2930 1472 es
2961 1413 3009 1473 ihm
3054 1419 3128 1479 sonst

2258 1428 2372 1488 möglich
2421 1434 2499 1494 war,
2535 1435 2579 1495 die
2619 1441 2738 1501 schwere
2782 1446 2848 1506 Last
2879 1449 2954 1509 einer
2989 1452 3108 1512 Sonder

2258 1467 2393 1527 stellung,
2430 1470 2476 1530 die
2517 1473 2580 1533 Not
2622 1478 2699 1538 einer
2745 1486 3000 1546 gesellschaftlichen
3050 1491 3127 1551 Ver¬

2261 1505 2374 1565 femung
2401 1509 2538 1569 gestaltet
2561 1514 2601 1574 so,
2625 1516 2679 1576 wie
2707 1518 2738 1578 sie
2766 1522 2811 1582 sich
2843 1524 2893 1584 aus
2926 1527 2971 1587 den
3003 1530 3121 1590 Wiener

2256 1542 2467 1602 Verhältnissen
2502 1548 2607 1608 ergab.
2648 1552 2709 1612 Und
2740 1555 2788 1615 der
2819 1561 2973 1621 besondere
3000 1568 3118 1628 Vorzug

2254 1580 2389 1640 jüdischen
2422 1583 2553 1643 Geistes,
2586 1589 2627 1649 die
2655 1594 2814 1654 Fähigkeit
2847 1598 2893 1658 der
2927 1603 3127 1663 Abstraktion,

2256 1617 2328 1677 zeigt
2351 1620 2391 1680 sich
2420 1622 2446 1682 in
2474 1623 2550 1683 einem
2592 1630 2728 1690 Versuch,
2751 1634 2774 1694 in
2801 1634 2846 1694 dem
2887 1640 3041 1700 Schnitzler
3069 1641 3123 1701 mit

2253 1655 2331 1715 Hilfe
2376 1659 2455 1719 eines
2495 1666 2689 1726 Diagramms
2742 1670 2803 1730 eine
2848 1676 3019 1736 Einteilung
3068 1679 3116 1739 der

2250 1692 2398 1752 Menschen
2432 1700 2542 1760 einzeln
2576 1703 2634 1763 und
2663 1709 2831 1769 insgesamt
2855 1714 2994 1774 versucht.

2291 1745 2345 1805 Die
2371 1748 2456 1808 ersten
2492 1755 2667 1815 Dichtungen
2704 1765 2894 1825 Schnitzlers,
2915 1767 2959 1827 die
2985 1770 3115 1830 Quatol¬

2242 1786 2379 1846 Szenen,
2398 1790 2512 1850 werden
2540 1796 2649 1856 bleiben
2686 1799 2727 1859 als
2760 1801 2818 1861 eine
2842 1807 3020 1867 echtbürtige
3043 1808 3116 1868 Ver¬

2247 1824 2410 1884 körperung
2442 1829 2492 1889 des
2529 1834 2728 1894 Wienertums
2765 1839 2819 1899 mit
2851 1843 2941 1903 seinen
2978 1849 3118 1909 Frauen,

2244 1861 2287 1921 die
2315 1864 2363 1924 den
2399 1870 2509 1930 ganzen
2545 1870 2598 1930 und
2634 1875 2722 1935 seinen
2758 1879 2908 1939 Mänern,
2931 1883 2975 1943 die
3006 1887 3108 1947 immer

2245 1903 2300 1963 nur
2324 1903 2376 1963 den
2404 1906 2507 1966 halben
2540 1910 2653 1970 Einsatz
2677 1917 2798 1977 wagen;
2822 1918 2864 1978 die
2893 1922 3038 1982 Christine
3062 1925 3113 1985 der

2249 1941 2407 2001 „Liebelei“
2444 1943 2512 2003 wird
2549 1947 2612 2007 noch
2645 1953 2735 2013 lange
2764 1955 2840 2015 ihren
2878 1962 3105 2022 erschütternden

2239 1978 2388 2038 Aufschrei
2422 1981 2487 2041 tun.
2539 1988 2600 2048 Und
2638 1990 2703 2050 auch
2741 1992 2793 2052 der
2826 1996 2976 2056 Professor
3014 2001 3112 2061 Bern¬

2247 2016 2333 2076 hardi
2361 2019 2429 2079 wird
2466 2022 2510 2082 als
2543 2025 2679 2085 Zeugnis
2712 2029 2761 2089 der
2794 2034 2980 2094 heimlichen,
3003 2039 3107 2099 immer

2239 2055 2345 2115 wieder
2379 2061 2514 2121 offenbar
2547 2064 2715 2124 werdenden
2753 2072 2902 2132 Tragödie
2935 2076 2981 2136 des
3019 2078 3107 2138 Arzt¬

2244 2093 2321 2153 tums
2348 2098 2453 2158 gelten,
2476 2100 2552 2160 wenn
2580 2103 2626 2163 die
2649 2109 2903 2169 romantierenden
2935 2115 3035 2175 Spiele
3058 2118 3089 2178 um

2235 2133 2404 2193 Medardus
2431 2136 2484 2196 und
2511 2138 2541 2198 um
2583 2142 2738 2202 Beatrice,
2756 2146 2809 2206 und
2836 2147 2916 2207 wenn
2948 2150 2988 2210 die
3010 2153 3108 2213 effekt¬

2240 2168 2312 2228 volle
2349 2174 2508 2234 Theaterei
2540 2176 2590 2236 des
2622 2179 2744 2239 Grünen
2786 2186 2921 2246 Kakadus
2958 2192 3099 2252 vergessen

2240 2207 2314 2267 sind.
2352 2210 2417 2270 Der
2445 2215 2590 2275 Erzähler
2623 2219 2781 2279 Schnitzler
2810 2224 2861 2284 hat
2890 2230 3039 2290 manches,
3067 2231 3090 2291 im

2238 2246 2333 2306 Guten
2365 2249 2419 2309 und
2447 2252 2474 2312 im
2515 2255 2592 2315 bösen
2624 2258 2778 2318 modernes
2806 2264 2946 2324 Schicksal
2969 2267 3019 2327 aus
3046 2269 3096 2329 den

2240 2283 2389 2343 Gewalten
2432 2288 2478 2348 des
2515 2290 2594 2350 Eros
2632 2297 2804 2357 entwickelt,
2833 2301 2874 2361 die
2912 2303 3010 2363 Leiden
3052 2308 3098 2368 de¬

2235 2323 2417 2383 Badearztes
2450 2329 2575 2389 Gräser,
2604 2333 2645 2393 die
2679 2336 2832 2396 Schicksale
2865 2338 2911 2398 des
2944 2344 3093 2404 alternden

2234 2362 2425 2422 Casanovas,
2475 2368 2617 2428 Fräulein
2677 2373 2765 2433 Elsas
2819 2377 2936 2437 bitteres
2991 2384 3099 2444 Opfer:

2238 2398 2360 2458 immer.
2374 2403 2479 2463 wieder
2515 2406 2581 2466 tönt
2612 2409 2656 2469 die
2691 2414 2925 2474 Grundmelodie
2960 2420 3008 2480 von
3048 2422 3096 2482 der

2232 2437 2389 2497 Bitterkeit
2414 2441 2482 2501 aller
2507 2448 2684 2508 Liebeslust.
2704 2452 2763 2512 Und
2788 2455 2813 2515 so
2838 2455 2901 2515 stieß
2931 2458 2975 2518 der
3000 2461 3097 2521 Streit

2230 2473 2263 2533 um
2307 2479 2354 2539 den
2383 2482 2532 2542 „Reigen“
2566 2482 2584 2542 in
2619 2487 2666 2547 den
2695 2491 2781 2551 ersten
2810 2496 3088 2556 Nachkriegsjahren

2235 2512 2280 2572 als
2316 2516 2379 2576 eine
2411 2518 2483 2578 neue
2515 2525 2727 2585 Abwandlung
2764 2530 2813 2590 der
2850 2532 2899 2592 von
2941 2535 3094 2595 Schnitzler

2233 2552 2340 2612 immer
2373 2556 2447 2616 schon
2490 2561 2676 2621 behandelten
2719 2568 2853 2628 Fragen,
2881 2574 3007 2634 insofern
3045 2574 3091 2634 ins

2230 2589 2336 2649 Leere,
2356 2592 2398 2652 als
2431 2595 2496 2655 man
2529 2600 2646 2660 damals
2674 2603 2791 2663 überall
2815 2607 2932 2667 wirklich
2965 2613 3090 2673 gemeine

2237 2631 2422 2691 Zeitschriften
2459 2636 2655 2696 ungehindert
2681 2642 2820 2702 feilhielt,
2842 2648 2898 2708 mit
2924 2651 3006 2711 denen
3043 2652 3089 2712 das

2234 2665 2284 2725 das
2322 2670 2479 2730 verdotene
2511 2674 2605 2734 Stück
2638 2681 2712 2741 nicht
2745 2684 2858 2744 einmal
2883 2688 2933 2748 den
2971 2690 3096 2750 schema¬

2230 2706 2329 2766 tischen
2365 2709 2458 2769 Stoff
2488 2712 2581 2772 teilte.

2267 2751 2423 2811 Schnitzler
2448 2759 2514 2819 ging
2544 2759 2593 2819 auf
2617 2761 2665 2821 den
2696 2764 2743 2824 70.
2763 2768 2943 2828 Geburtstag
2974 2772 3028 2832 an,
3047 2773 3088 2833 als

2236 2789 2280 2849 ihn
2316 2789 2360 2849 der
2391 2794 2451 2854 Tod
2482 2796 2596 2856 ereilte.
2637 2799 2682 2859 Er
2718 2803 2773 2863 hat
2809 2805 2853 2865 die
2889 2811 3084 2871 Gratulanten

2230 2825 2304 2885 nicht
2328 2831 2406 2891 mehr
2440 2832 2462 2892 zu
2500 2834 2575 2894 sehen
2608 2839 2766 2899 brauchen,
2790 2843 2831 2903 die
2860 2846 2901 2906 sich
2935 2849 2967 2909 an
3000 2849 3074 2909 einem

2230 2867 2330 2927 solchen
2364 2870 2420 2930 Tag
2450 2870 2473 2930 im
2521 2874 2602 2934 Ruhm
2645 2876 2688 2936 des
2717 2880 2879 2940 Gefeierten
2913 2887 3070 2947 mitsonnen

2230 2903 2303 2963 nicht
2328 2906 2367 2966 die
2397 2912 2682 2972 Festaufführungen
2717 2918 2746 2978 an
2781 2921 2943 2981 Theatern,
2963 2925 3007 2985 die
3032 2927 3076 2987 ihm

2227 2943 2404 3003 verschlossen
2437 2949 2553 3009 waren,
2572 2950 2618 3010 als
2647 2951 2674 3011 er
2698 2954 2739 3014 die
2768 2959 2991 3019 Aufführungen
3024 2962 3084 3022 noch

2229 2980 2303 3040 nötig
2332 2983 2429 3043 hatte;
2448 2986 2504 3046 und
2532 2988 2606 3048 nicht
2626 2992 2737 3052 einmal
2761 2996 2802 3056 die
2826 2998 2886 3058 nach
2914 2999 2960 3059 dem
3003 3001 3082 3061 übeln

2228 3020 2448 3080 Dezimalsystem
2486 3025 2534 3085 der
2558 3030 2782 3090 Dichterehrung
2812 3037 2984 3097 errechneten
3013 3039 3089 3099 Leit¬

2224 3058 2343 3118 aufsätze
2367 3061 2433 3121 über
2458 3063 2500 3123 sich
2530 3065 2582 3125 und
2611 3067 2658 3127 sein
2687 3071 2787 3131 Werk.
2817 3075 2993 3135 Vermutlich
3022 3079 3079 3139 war

2220 3094 2265 3154 ihm
2307 3097 2356 3157 das
2385 3101 2471 3161 recht.
2489 3104 2658 3164 vermutlich
2686 3108 2717 3168 ist
2741 3109 2768 3169 es
2796 3112 2841 3172 ihm
2882 3115 2978 3175 ebenso
3006 3118 3092 3178 recht,

2218 3130 2267 3190 daß
2304 3132 2331 3192 er
2359 3135 2436 3195 keine
2464 3141 2610 3201 Nachrufe
2638 3145 2665 3205 zu
2697 3147 2765 3207 lesen
2798 3150 2935 3210 braucht;
2958 3153 3085 3213 vermut¬

2221 3171 2265 3231 lich
2290 3171 2324 3231 ist
2344 3171 2368 3231 es
2393 3176 2432 3236 ihm
2472 3180 2663 3240 gleichgültig,
2684 3184 2732 3244 daß
2757 3186 2880 3246 Blumen
2910 3190 2959 3250 auf
2979 3192 3067 3252 seinem

2222 3209 2301 3269 Sarg
2327 3213 2412 3273 liegen
2442 3211 2452 3271 —
2503 3215 2527 3275 er
2553 3220 2648 3280 wußte
2673 3224 2768 3284 lebend
2794 3228 2888 3288 schon,
2904 3229 2959 3289 wie
2979 3231 3079 3291 schnell

2219 3250 2256 3310 sie
2278 3252 2379 3312 welken

2255 3296 2323 3356 Was
2350 3299 2413 3359 eben
2440 3301 2504 3361 noch
2526 3303 2616 3363 Blüte
2637 3306 2781 3366 gewesen,
2797 3312 2882 3372 welkt
2899 3315 2951 3375 nun
2978 3315 3079 3375 dahin:

2218 3333 2267 3393 das
2300 3335 2363 3395 war
2390 3338 2440 3398 sein
2477 3343 2712 3403 Grunderlebnis
2745 3347 2795 3407 von
2827 3350 2917 3410 dieser
2945 3353 3021 3413 Welt
3045 3351 3053 3411 —

2215 3374 2271 3434 und
2299 3374 2322 3434 so
2351 3376 2425 3436 hatte
2453 3377 2481 3437 er
2505 3379 2583 3439 wohl
2607 3382 2672 3442 auch
2701 3384 2747 3444 den
2780 3387 2877 3447 eignen
2906 3389 2966 3449 Tod
2995 3392 3073 3452 darin

2220 3413 2410 3473 einbezogen,
2427 3418 2469 3478 er,
2486 3419 2532 3479 der
2554 3424 2676 3484 Sänger
2697 3425 2745 3485 des
2767 3425 2851 3485 süßen
2878 3430 3079 3490 Liebesspiels.

2846 3467 2912 3527 Otto
2940 3467 3044 3527 Brües.
