3392 4352
196 155 363 215 Isschnitt
388 157 478 217 aus:

190 317 260 377 SH
304 315 630 375 CHRONICLE"

187 374 303 434 on.

196 485 400 545 10/31.

1375 786 1473 846 THE
1533 785 1704 845 JEWISH
1771 789 2067 849 CHRONICLE

2589 804 2792 864 OCTOBER
2830 807 2883 867 30,
2899 810 2979 870 1931

1751 879 1872 939 nature
1900 881 1995 941 that,
2004 884 2040 944 at
2072 885 2122 945 the
2154 891 2303 951 moment
2331 894 2367 954 of
2390 897 2444 957 bis
2471 897 2589 957 death,
2607 900 2634 960 it
2662 900 2725 960 was
2753 903 2879 963 finding
2916 905 2956 965 its
2984 906 3056 966 first

815 924 1189 984 Obituary.

1749 924 1984 984 presentation
2029 930 2056 990 in
2102 933 2260 993 London;
2288 939 2383 999 being
2425 945 2587 1005 produced
2633 945 2669 1005 at
2705 946 2718 1006 a
2756 948 2887 1008 private
2923 950 3059 1010 theatre

1749 968 1797 1028 for
1846 971 2013 1031 members
2062 975 2132 1035 ouly
2182 981 2260 1041 and,
2301 984 2451 1044 without
2491 989 2557 1049 one
2606 989 2689 1049 word
2738 992 2773 1052 of
2809 992 2972 1052 publicity
3021 996 3056 1056 or

734 1012 821 1072 DR.
842 1016 895 1076 A.
916 1022 1259 1082 SCHNITZLER.

1751 1016 2031 1076 announcement
2058 1019 2085 1079 in
2122 1021 2176 1081 the
2203 1028 2311 1088 Press,
2330 1031 2465 1091 playing
2493 1034 2624 1094 nightly
2651 1036 2683 1096 to
2710 1037 2832 1097 packed
2864 1040 3063 1100 audiences.

1800 1066 1893 1126 *.

421 1053 485 1113 Dr.
511 1058 639 1118 Arthur
674 1062 883 1122 Schnitzler,
918 1067 973 1127 the
1012 1070 1144 1130 famous
1187 1076 1341 1136 Austrian
1380 1079 1559 1139 dramatist
1594 1079 1654 1139 and

1940 1061 1971 1121 It
2008 1066 2076 1126 was
2108 1068 2167 1128 not
2204 1073 2299 1133 until
2331 1076 2408 1136 1908
2445 1078 2523 1138 that
2555 1079 2627 1139 this
2664 1082 2828 1142 exquisite
2869 1085 3047 1145 electrified

338 1100 508 1160 novelist,
529 1104 637 1164 whose
662 1108 778 1168 death,
795 1109 828 1169 at
853 1111 907 1171 the
928 1114 986 1174 age
1007 1116 1040 1176 of
1057 1119 1260 1179 sixty-nine,
1281 1121 1343 1181 was
1364 1124 1480 1184 briefly
1501 1124 1650 1184 reported

1749 1106 1827 1166 even
1860 1108 1911 1168 his
1944 1109 2013 1169 own
2037 1111 2116 1171 bozy
2149 1114 2185 1174 of
2209 1122 2437 1182 worshippers
2470 1124 2544 1184 with
2591 1124 2646 1184 his
2684 1127 2799 1187 novel,
2828 1127 2925 1187 “Tho
2963 1132 3051 1192 Road

1742 1150 1777 1210 to
1818 1150 1880 1210 the
1921 1153 2049 1213 Open."

336 1145 364 1205 in
390 1146 448 1206 our
469 1147 535 1207 last
557 1150 673 1210 week's
695 1153 807 1213 issue,
816 1156 874 1216 had
899 1157 911 1217 a
937 1161 1182 1221 distinguished
1204 1165 1333 1225 career,
1346 1167 1420 1227 first
1442 1168 1467 1228 in
1492 1171 1654 1231 medicine

2101 1156 2138 1216 In
2181 1162 2250 1222 this
2288 1165 2390 1225 book,
2423 1169 2632 1229 Schnitzler,
2670 1171 2743 1231 with
2795 1173 2846 1233 his
2893 1177 3051 1237 uncanny

342 1191 400 1251 and
429 1191 503 1251 then
533 1195 557 1255 in
583 1198 782 1258 literature,
795 1200 819 1260 in
849 1203 948 1263 which
973 1205 1006 1265 he
1028 1207 1118 1267 came
1140 1210 1164 1270 to
1185 1210 1218 1270 be
1239 1212 1355 1272 known
1381 1213 1413 1273 as
1435 1215 1488 1275 the
1513 1216 1650 1276 German

1746 1197 1858 1257 power
1890 1198 1926 1258 of
1949 1201 2098 1261 creating
2130 1209 2355 1269 atmosphere,
2378 1213 2554 1273 presented
2582 1215 2595 1275 a
2627 1216 2753 1276 lifelike
2785 1220 2911 1280 picture
2939 1222 2970 1282 of
2998 1223 3051 1283 the

337 1234 382 1294 De
404 1241 645 1301 Maupassant.
687 1245 736 1305 He
762 1247 824 1307 was
849 1249 924 1309 born
949 1251 974 1311 in
1004 1254 1124 1314 Vienna
1158 1255 1182 1315 in
1220 1258 1311 1318 May,
1324 1258 1415 1318 1862,
1428 1261 1486 1321 and
1516 1261 1578 1321 was
1599 1264 1653 1324 the

1748 1243 1810 1303 rich
1838 1243 1960 1303 Jewish
1988 1250 2209 1310 professional
2228 1257 2328 1317 class,
2342 1258 2409 1318 from
2446 1259 2550 1319 which
2586 1261 2622 1321 he
2654 1263 2799 1323 himself
2822 1267 2885 1327 had
2918 1268 3062 1328 sprung.

335 1282 389 1342 son
418 1283 451 1343 of
468 1287 601 1347 Johann
626 1291 838 1351 Schnitzler,
851 1294 859 1354 a
884 1297 1059 1357 Professor
1076 1300 1109 1360 of
1130 1303 1375 1363 Laryngology,
1392 1306 1459 1366 who
1484 1306 1546 1366 won
1580 1309 1658 1369 con¬

1750 1288 1816 1348 The
1847 1290 1930 1350 main
1961 1291 2027 1351 two
2058 1297 2265 1357 characters,
2292 1306 2419 1366 George
2455 1309 2648 1369 Wergethin
2688 1310 2745 1370 and
2785 1312 2877 1372 Anna
2917 1315 3058 1375 Rosner,

338 1330 506 1390 siderable
531 1335 683 1395 renown,
700 1338 760 1398 and
784 1339 852 1399 who
877 1341 969 1401 made
989 1344 1038 1404 his
1058 1345 1150 1405 home
1175 1347 1187 1407 a
1211 1352 1468 1412 meeting-place
1489 1352 1537 1412 for
1557 1353 1649 1413 many

1747 1333 1830 1393 were
1862 1336 1923 1396 not
1949 1339 2094 1399 Jewish,
2108 1342 2164 1402 but
2192 1345 2266 1405 they
2288 1349 2398 1409 moved
2433 1350 2459 1410 in
2495 1351 2530 1411 an
2565 1353 2715 1413 artistic,
2729 1356 2908 1416 Bohemian
2944 1359 3058 1419 circle,

336 1374 494 1434 literary,
507 1380 657 1440 musical
680 1383 736 1443 aud
772 1386 904 1446 artistic
931 1389 1076 1449 friends.
1121 1393 1208 1453 Thus
1235 1396 1345 1456 young
1377 1398 1570 1458 Schnitzler
1592 1398 1649 1458 had

1748 1378 1851 1438 which
1892 1383 1960 1443 was
1992 1386 2119 1446 almost
2151 1393 2355 1453 exclusively
2382 1397 2527 1457 Jewish.
2568 1398 2636 1458 The
2668 1400 2758 1460 story
2795 1404 2899 1464 opens
2931 1404 2958 1464 in
2995 1404 3048 1464 the

338 1422 595 1482 opportunities
617 1428 668 1488 for
686 1428 766 1488 wide
788 1431 977 1491 discussion
999 1436 1054 1496 and
1080 1439 1234 1499 reading.
1264 1440 1307 1500 He
1333 1443 1461 1503 studied
1487 1444 1650 1504 medicine

1743 1425 1833 1485 salon
1879 1428 1914 1488 of
1951 1431 2163 1491 Ehrenberg,
2195 1437 2208 1497 a
2254 1440 2376 1500 Jewish
2422 1443 2588 1503 munition
2634 1447 2769 1507 maker.
2829 1449 2896 1509 The
2937 1450 3050 1510 father

335 1467 369 1527 at
388 1467 444 1527 the
476 1470 598 1530 Vienna
625 1475 841 1535 University,
850 1479 929 1539 and,
943 1481 1026 1541 after
1044 1485 1237 1545 graduating
1255 1486 1290 1546 at
1313 1488 1361 1548 the
1383 1489 1440 1549 age
1462 1491 1493 1551 of
1511 1491 1634 1551 twenty

1743 1473 1891 1533 delights
1919 1475 1947 1535 in
1980 1478 2142 1538 flaunting
2176 1482 2226 1542 his
2255 1487 2389 1547 Judaism
2436 1488 2496 1548 and
2529 1491 2659 1551 Zionism
2707 1493 2738 1553 at
2772 1494 2827 1554 the
2856 1495 3046 1555 receptions

330 1512 450 1572 three,
471 1515 562 1575 went
579 1517 608 1577 to
637 1521 774 1581 London
808 1523 915 1583 where
945 1525 981 1585 he
1012 1529 1136 1589 walked
1165 1529 1219 1589 the
1248 1533 1414 1593 hospitals
1444 1535 1468 1595 in
1502 1536 1597 1596 order
1618 1536 1647 1596 to

1741 1520 1833 1580 given
1866 1518 1903 1578 by
1927 1521 1978 1581 his
2006 1522 2080 1582 wifo
2109 1526 2169 1586 and
2198 1528 2248 1588 his
2277 1533 2463 1593 daughter,
2477 1536 2570 1596 Elsa,
2589 1536 2654 1596 who
2678 1539 2807 1599 fancies
2827 1542 2957 1602 herself
2981 1542 3013 1602 as
3036 1543 3045 1603 a

333 1560 407 1620 gain
434 1563 650 1623 experience,
668 1565 725 1625 and
756 1567 844 1627 later
862 1570 981 1630 settled
1008 1573 1034 1633 in
1061 1574 1184 1634 Vienna
1216 1577 1246 1637 as
1273 1577 1286 1637 a
1308 1580 1550 1640 practitioner.
1591 1583 1652 1643 Hlis

1738 1563 1942 1623 patronness
1975 1565 2007 1625 of
2036 1568 2087 1628 the
2115 1571 2198 1631 arts.
2236 1575 2305 1635 The
2343 1577 2399 1637 son
2427 1578 2580 1638 “Oscar”
2604 1582 2744 1642 writhes
2772 1585 2809 1645 at
2833 1586 2888 1646 his
2907 1586 3046 1646 father's

330 1604 466 1664 passion
510 1608 565 1668 for
600 1611 784 1671 literature
823 1615 882 1675 and
934 1616 989 1676 the
1037 1620 1169 1680 drama,
1208 1622 1383 1682 however,
1418 1625 1465 1685 led
1508 1628 1563 1688 him
1619 1628 1649 1688 to

1738 1610 1914 1670 malicious
1939 1613 2066 1673 delight
2087 1614 2111 1674 in
2136 1619 2292 1679 speaking
2317 1624 2450 1684 Yiddish
2480 1625 2509 1685 in
2539 1627 2636 1687 front
2661 1627 2695 1687 of
2711 1629 2798 1689 him.
2838 1632 2955 1692 Round
2980 1634 3044 1694 this

325 1651 449 1711 devote
480 1654 570 1714 more
600 1656 660 1716 and
695 1661 785 1721 more
811 1661 892 1721 time
923 1661 952 1721 to
988 1666 1116 1726 writing
1146 1667 1206 1727 and
1245 1670 1275 1730 to
1305 1670 1357 1730 the
1387 1673 1584 1733 production
1619 1673 1653 1733 of

1736 1654 1851 1714 family
1885 1656 1940 1716 the
1968 1658 2061 1718 story
2089 1663 2238 1723 revolves
2271 1669 2331 1729 and
2360 1670 2461 1730 every
2485 1673 2704 1733 conceivable
2737 1674 2811 1734 kind
2848 1676 2885 1736 of
2913 1676 2973 1736 Jew
3020 1680 3043 1740 is

331 1697 425 1757 those
459 1700 553 1760 plays
588 1703 647 1763 and
686 1705 793 1765 books
823 1707 904 1767 that
935 1709 1054 1769 reveal
1084 1713 1135 1773 him
1187 1715 1225 1775 as
1256 1715 1268 1775 a
1307 1718 1431 1778 master
1470 1718 1503 1778 of
1534 1720 1644 1780 subtle

1738 1703 1909 1763 depicted.
1948 1705 2019 1765 Tbe
2048 1707 2138 1767 chief
2163 1713 2325 1773 interest,
2344 1715 2430 1775 after
2459 1718 2511 1778 the
2545 1718 2616 1778 love
2650 1721 2740 1781 story
2774 1722 2807 1782 of
2831 1724 2959 1784 George
2984 1723 3040 1783 and

328 1741 389 1801 and
425 1744 574 1804 forceful
596 1750 900 1810 characterisation
940 1755 1010 1815 with
1055 1756 1112 1816 the
1143 1761 1306 1821 slightest
1337 1762 1372 1822 of
1403 1765 1561 1825 material
1592 1766 1645 1826 for

1738 1750 1849 1810 Anna,
1877 1750 1909 1810 is
1947 1753 2082 1813 centred
2119 1753 2147 1813 in
2185 1758 2338 1818 George's
2366 1760 2427 1820 two
2460 1763 2608 1823 friends,
2637 1767 2794 1827 Heinrich
2832 1768 2999 1828 Berman,
3028 1770 3041 1830 a

330 1790 416 1850 plot.
479 1790 528 1850 He
562 1794 636 1854 soon
674 1797 811 1857 became
836 1801 1031 1861 recognised
1073 1804 1110 1864 as
1143 1804 1155 1864 a
1197 1807 1350 1867 supreme
1392 1810 1583 1870 delineator
1616 1810 1649 1870 of

1732 1793 1881 1853 novelist
1900 1797 1960 1857 and
1998 1798 2062 1858 Leo
2081 1801 2268 1861 Golowski,
2287 1805 2300 1865 a
2333 1807 2519 1867 musician.
2561 1809 2627 1869 Leo
2655 1810 2682 1870 is
2716 1813 2752 1873 an
2785 1815 2910 1875 ardent
2934 1815 3041 1875 young

335 1834 501 1894 Viennese
534 1838 587 1898 life
611 1840 669 1900 and
702 1843 878 1903 portrayed
915 1849 969 1909 the
996 1849 1109 1909 gaiety
1137 1851 1196 1911 and
1228 1853 1513 1913 irresponsibility
1545 1858 1581 1918 «f
1604 1858 1644 1918 its

1735 1840 1854 1900 Jewish
1890 1845 2119 1905 Nationalist.
2155 1847 2203 1907 Ile
2234 1850 2305 1910 sees
2332 1852 2388 1912 the
2420 1855 2618 1915 movement
2641 1859 2746 1919 rising
2777 1861 2813 1921 as
2844 1861 2857 1921 a
2892 1861 3046 1921 message

332 1882 477 1942 pre-war
508 1887 683 1947 pleasures
718 1890 795 1950 with
825 1891 837 1951 u
868 1895 1082 1955 remarkable
1109 1897 1236 1957 insight
1267 1899 1327 1959 and
1361 1902 1515 1962 brilliant
1542 1903 1652 1963 irony.

1734 1885 1767 1945 of
1786 1888 2020 1948 regeneration
2054 1891 2101 1951 for
2125 1893 2182 1953 the
2207 1896 2326 1956 Jewish
2360 1901 2493 1961 people,
2512 1903 2598 1963 feels
2627 1903 2684 1963 the
2708 1903 2765 1963 cry
2789 1904 2841 1964 for
2871 1907 3037 1967 Palestine

330 1926 392 1986 Hlis
425 1930 620 1990 analytical
653 1933 715 1993 and
757 1937 994 1997 constructivo
1031 1941 1122 2001 mind
1164 1944 1259 2004 made
1297 1944 1346 2004 his
1388 1946 1487 2006 short
1517 1948 1649 2008 novels,

1733 1933 1848 1993 within
1882 1936 1969 1996 him,
1988 1936 2053 1996 like
2082 1938 2114 1998 an
2147 1939 2277 1999 artistic
2301 1944 2524 2004 inspiration.
2576 1947 2649 2007 But
2678 1948 2817 2008 Berman
2860 1950 2929 2010 will
2957 1953 3040 2013 have

321 1972 545 2032 artistically,
568 1977 620 2037 the
652 1979 744 2039 most
767 1983 948 2043 satisfying
979 1986 1014 2046 of
1041 1986 1093 2046 his
1134 1989 1262 2049 works.
1297 1989 1332 2049 It
1355 1992 1420 2052 was
1456 1995 1522 2055 said
1567 1995 1641 2055 that

1733 1977 1818 2037 none
1838 1979 1871 2039 of
1891 1980 1933 2040 it.
1972 1982 2015 2042 To
2049 1983 2101 2043 him
2144 1985 2192 2045 all
2217 1989 2451 2049 nationalities
2480 1992 2541 2052 and
2571 1995 2623 2055 all
2648 1995 2809 2055 religions
2839 1998 2896 2058 are
2916 1998 2948 2058 as
2968 1998 3049 2058 one.

326 2019 549 2079 Schnitzler's
567 2022 712 2082 interest
730 2025 751 2085 in
778 2028 957 2088 medicine,
967 2031 1067 2091 which
1090 2033 1124 2093 he
1147 2034 1203 2094 had
1226 2037 1436 2097 throughout
1454 2040 1502 2100 his
1516 2040 1629 2100 career

1734 2024 1780 2084 le
1822 2026 1989 2086 “regards
2032 2028 2106 2088 with
2153 2031 2250 2091 anger
2288 2036 2358 2096 an1
2405 2037 2498 2097 scorn
2554 2039 2614 2099 the
2661 2042 2809 2102 attempt
2847 2042 2880 2102 to
2922 2043 3042 2103 collect

320 2066 551 2126 maintaining
577 2069 589 2129 a
616 2070 714 2130 small
732 2073 877 2133 practice
899 2075 928 2135 to
950 2077 1005 2137 the
1027 2079 1108 2139 end,
1122 2080 1181 2140 was
1199 2082 1262 2142 less
1280 2082 1305 2142 in
1327 2083 1378 2143 the
1400 2085 1532 2145 science
1554 2088 1644 2148 itself

1733 2067 1795 2127 from
1850 2070 1899 2130 all
1927 2073 2067 2133 corners
2099 2075 2135 2135 of
2163 2078 2216 2138 the
2253 2081 2371 2141 world,
2403 2082 2570 2142 members
2607 2085 2643 2145 of
2675 2085 2688 2145 a
2725 2088 2802 2148 race
2829 2089 2937 2149 whose
2969 2090 3041 2150 best

321 2109 399 2169 than
426 2111 457 2171 in
484 2114 536 2174 the
558 2115 646 2175 light
664 2116 765 2176 which
792 2118 840 2178 his
862 2120 958 2180 study
981 2124 1011 2184 of
1025 2126 1205 2186 pathology
1227 2129 1363 2189 onabled
1386 2131 1438 2191 him
1478 2133 1504 2193 to
1527 2132 1623 2192 throw

1733 2115 1799 2175 men
1833 2118 1914 2178 have
1943 2121 2071 2181 always
2105 2125 2234 2185 morged
2272 2127 2343 2187 into
2382 2128 2439 2188 the
2477 2130 2611 2190 culture
2649 2131 2682 2191 of
2707 2133 2758 2193 the
2788 2134 2859 2194 land
2893 2135 2925 2195 of
2945 2136 3035 2196 their

325 2153 362 2213 on
387 2158 511 2218 human
533 2162 674 2222 motives
691 2162 749 2222 and
774 2165 936 2225 conduct.
957 2169 969 2229 A
995 2168 1136 2228 number
1157 2170 1190 2230 of
1207 2176 1427 2236 Schnitzler's
1444 2178 1535 2238 plays
1556 2180 1635 2240 have

1726 2162 1907 2222 adoption,
1926 2165 1986 2225 aud
2019 2165 2047 2225 te
2075 2167 2154 2227 send
2183 2171 2257 2231 them
2309 2171 2336 2231 to
2374 2173 2387 2233 a
2425 2174 2555 2234 foreign
2593 2177 2691 2237 land,
2710 2179 2724 2239 a
2752 2180 2826 2240 land
2864 2180 2892 2240 to
2929 2180 3031 2240 which

322 2201 403 2261 been
425 2204 587 2264 produced
613 2207 634 2267 in
656 2209 792 2269 London
814 2212 981 2272 including
1002 2217 1194 2277 “Professor
1216 2222 1430 2282 Bernhardi,"
1451 2222 1549 2282 which
1575 2226 1635 2286 was

1726 2204 1764 2264 no
1788 2208 1883 2268 home
1912 2210 2069 2270 sickness
2094 2213 2175 2273 calls
2199 2216 2318 2276 them."
2367 2218 2438 2278 And
2467 2222 2615 2282 George,
2635 2223 2691 2283 the
2721 2225 2911 2285 Christian,
2931 2228 2968 2288 as
2993 2229 3030 2289 he

320 2249 499 2309 presented
526 2252 564 2312 by
590 2253 645 2313 the
671 2255 795 2315 Jewish
830 2257 945 2317 Drama
971 2263 1104 2323 League
1126 2263 1189 2323 last
1207 2266 1335 2326 March.
1374 2268 1442 2328 The
1468 2271 1643 2331 deceased,

1726 2252 1845 2312 listens
1874 2255 1902 2315 to
1931 2257 2046 2317 thom,
2070 2261 2237 2321 “realises
2266 2264 2356 2324 some
2386 2266 2452 2326 idea
2482 2267 2519 2327 of
2544 2269 2615 2329 this
2645 2270 2792 2330 people’s
2826 2273 3031 2333 mysterious

318 2294 446 2354 though
476 2297 510 2357 he
536 2297 608 2357 took
634 2297 668 2357 no
690 2300 796 2360 active
822 2303 895 2363 part
912 2306 942 2366 in
963 2308 1087 2368 Jewish
1109 2311 1224 2371 affairs
1242 2310 1305 2370 was
1323 2312 1335 2372 a
1361 2315 1459 2375 proud
1485 2318 1634 2378 member

1721 2300 1878 2360 destiny,
1898 2303 1999 2363 which
2037 2306 2162 2366 always
2191 2309 2363 2369 expresses
2391 2312 2484 2372 itself
2512 2314 2539 2374 in
2577 2316 2674 2376 every
2703 2317 2763 2377 one
2796 2317 2865 2377 who
2898 2320 3033 2380 springs

320 2335 353 2395 of
370 2338 419 2398 his
440 2341 510 2401 race
532 2341 585 2401 and
611 2343 672 2403 was
694 2346 810 2406 keenly
831 2350 1013 2410 interested
1035 2352 1059 2412 in
1084 2354 1138 2414 the
1155 2356 1250 2416 broad
1271 2359 1399 2419 aspects
1416 2359 1450 2419 of
1467 2361 1516 2421 the
1537 2362 1632 2422 Jew's

1719 2344 1788 2404 from
1831 2346 1881 2406 the
1905 2348 1998 2408 race,
2013 2350 2068 2410 not
2087 2352 2152 2412 less
2171 2353 2198 2413 in
2222 2353 2315 2413 those
2339 2357 2413 2417 that
2432 2358 2478 2418 try
2507 2359 2534 2419 to
2568 2361 2683 2421 escape
2712 2362 2781 2422 from
2829 2365 2898 2425 this
2927 2367 3028 2427 origin

318 2385 409 2445 place
432 2385 462 2445 in
485 2386 533 2446 the
560 2389 665 2449 sccial
679 2392 867 2452 organisr:.
907 2396 942 2456 In
969 2398 1035 2458 1926
1058 2399 1092 2459 he
1110 2401 1255 2461 declined
1277 2403 1303 2463 to
1326 2404 1414 2464 write
1436 2407 1467 2467 or
1485 2407 1576 2467 speak
1599 2408 1625 2468 in

1724 2392 1756 2452 of
1780 2392 1905 2452 theirs,
1919 2395 1951 2455 as
1970 2396 2091 2456 though
2124 2398 2151 2458 it
2171 2399 2254 2459 were
2278 2402 2286 2462 a
2310 2404 2477 2464 disgrace,
2501 2404 2510 2464 a
2543 2406 2631 2466 fairy
2659 2406 2724 2466 tale
2757 2407 2859 2467 which
2892 2409 2943 2469 did
2971 2410 3031 2470 not

315 2429 481 2489 Hungary
500 2433 640 2493 because
662 2436 701 2496 he
731 2440 885 2500 refused,
902 2440 940 2500 on
975 2447 1155 2507 principle,
1172 2449 1197 2509 to
1228 2449 1356 2509 lecture
1382 2452 1412 2512 in
1447 2452 1459 2512 a
1490 2453 1630 2513 country

1718 2436 1861 2496 concern
1890 2440 1961 2500 them
2000 2443 2033 2503 at
2053 2444 2110 2504 all,
2125 2446 2201 2506 than
2226 2446 2254 2506 in
2278 2449 2369 2509 those
2403 2449 2469 2509 who
2503 2452 2714 2512 obstinately
2743 2455 2876 2515 pointed
2901 2455 2977 2515 back
3001 2455 3029 2515 to

320 2475 447 2535 where,
465 2479 499 2539 he
522 2479 609 2539 said,
623 2482 719 2542 “The
750 2483 855 2543 White
887 2489 1005 2549 Terror
1032 2491 1093 2551 has
1116 2493 1207 2553 raged
1230 2496 1366 2556 against
1384 2497 1436 2557 the
1458 2497 1546 2557 Jews
1568 2502 1625 2562 and

1714 2479 1744 2539 it
1760 2482 1796 2542 as
1817 2485 1936 2545 though
1968 2488 1993 2548 to
2019 2489 2029 2549 a
2050 2491 2143 2551 piece
2170 2492 2205 2552 of
2227 2494 2382 2554 destiny,
2403 2497 2439 2557 an
2471 2498 2605 2558 honour
2631 2500 2667 2560 or
2694 2500 2734 2560 an
2766 2503 2952 2563 historical
2968 2503 3035 2563 fact

316 2520 426 2580 where
448 2524 660 2584 anti-Jewish
696 2532 964 2592 discrimination
1001 2535 1027 2595 is
1054 2537 1132 2597 still
1155 2541 1349 2601 practised."
1407 2544 1631 2604 Schnitzler's

1718 2529 1813 2589 based
1839 2531 1873 2591 on
1909 2532 1943 2592 an
1973 2535 2172 2595 immovable
2194 2539 2413 2599 foundation.

314 2566 463 2626 attitude
485 2570 515 2630 to
537 2571 588 2631 his
610 2572 720 2632 people
747 2574 798 2634 can
828 2577 900 2637 best
918 2580 952 2640 be
969 2580 1119 2640 summed
1141 2585 1179 2645 up
1201 2586 1226 2646 in
1248 2587 1299 2647 his
1317 2589 1380 2649 own
1406 2590 1526 2650 words,
1544 2592 1564 2652 in
1591 2593 1624 2653 an

1804 2577 1831 2637 In
1859 2580 1914 2640 the
1937 2581 2108 2641 cbaranter
2131 2583 2164 2643 of
2181 2584 2191 2644 “
2209 2586 2369 2646 George,"
2386 2586 2596 2646 Schnitzler,
2608 2590 2762 2650 standing
2791 2595 2918 2655 outside
2946 2593 3034 2653 him¬

308 2608 484 2668 interview
515 2610 550 2670 he
577 2616 722 2676 recently
745 2621 881 2681 granted
909 2625 935 2685 te
957 2625 970 2685 a
997 2628 1120 2688 forcign
1147 2631 1341 2691 newspaper

1715 2620 1798 2680 self,
1817 2626 2049 2686 undoubted,
2078 2624 2315 2684 endeevoured
2348 2630 2375 2690 to
2413 2628 2511 2688 probe
2544 2633 2594 2693 his
2623 2634 2692 2694 own
2730 2637 2879 2697 attitule
2912 2636 2944 2696 to
2972 2635 3027 2695 the

382 2655 421 2715 To
445 2656 476 2716 be
496 2657 507 2717 a
531 2658 585 2718 Jew
613 2660 640 2720 is
656 2661 667 2721 a
691 2662 761 2722 very
785 2664 839 2724 fine
859 2664 925 2724 art.
957 2667 991 2727 It
1012 2669 1109 2729 needs
1137 2672 1148 2732 a
1176 2673 1265 2733 great
1289 2675 1363 2735 deal
1383 2676 1414 2736 of
1434 2677 1543 2737 ability
1567 2679 1621 2739 and

1715 2665 1835 2725 Jewish
1864 2671 2040 2731 question,
2050 2673 2133 2733 and,
2148 2673 2222 2733 four
2246 2672 2343 2732 years
2367 2676 2469 2736 later,
2484 2677 2506 2737 in
2540 2677 2553 2737 “
2568 2679 2739 2739 Professor
2768 2682 2972 2742 Bernhardi,
3005 2685 3023 2745 a

309 2692 395 2752 much
422 2695 686 2755 understanding.
724 2700 818 2760 Many
841 2700 924 2760 Jews
943 2706 1018 2766 have
1041 2706 1048 2766 a
1071 2708 1161 2768 habit
1177 2709 1207 2769 of
1226 2712 1403 2772 constantly
1422 2715 1618 2775 proclaiming

1717 2716 1787 2776 play
1814 2715 1937 2775 which,
1951 2717 1986 2777 on
2017 2718 2162 2778 account
2189 2718 2224 2778 of
2242 2718 2295 2778 the
2317 2723 2475 2783 religious
2498 2724 2744 2784 controversies
2771 2727 2802 2787 it
2824 2727 2952 2787 raised,
2965 2728 3031 2788 was

312 2730 398 2790 pride
418 2729 440 2789 in
464 2731 554 2791 being
574 2732 585 2792 a
605 2732 691 2792 Jew.
727 2734 800 2794 This
824 2737 831 2797 I
851 2738 957 2798 detest
969 2740 976 2800 ;
996 2741 1019 2801 it
1035 2741 1058 2801 is
1075 2743 1105 2803 as
1121 2744 1351 2804 objectionable
1367 2747 1398 2807 as
1418 2747 1469 2807 the
1485 2751 1625 2811 boasting

1715 2758 1765 2818 for
1794 2758 1891 2818 years
1920 2761 2049 2821 banned
2082 2762 2106 2822 in
2143 2765 2288 2825 Central
2311 2767 2459 2827 Europe,
2484 2768 2520 2828 he
2549 2768 2627 2828 drew
2665 2769 2721 2829 the
2740 2771 2870 2831 picture
2899 2774 3033 2834 (almost

305 2765 338 2825 of
360 2765 444 2825 some
466 2768 572 2828 people
594 2768 689 2828 about
704 2771 787 2831 their
806 2775 985 2835 greatness.
1022 2779 1102 2839 Then
1136 2782 1241 2842 again,
1260 2783 1347 2843 there
1377 2785 1428 2845 are
1454 2786 1537 2846 Jews
1556 2789 1621 2849 who

1718 2805 1950 2865 biographical
1969 2807 2001 2867 of
2020 2809 2066 2869 his
2086 2810 2216 2870 father)
2235 2811 2267 2871 of
2287 2812 2295 2872 a
2319 2813 2439 2873 Jewish
2468 2813 2598 2873 doctor,
2608 2813 2678 2873 who
2701 2816 2845 2876 refusing
2869 2819 2901 2879 to
2925 2819 3027 2879 budge

306 2807 335 2867 go
357 2803 383 2863 to
405 2803 452 2863 the
475 2804 566 2864 other
585 2807 724 2867 extreme
747 2809 776 2869 of
798 2813 1029 2873 endeavouring
1052 2816 1077 2876 to
1099 2817 1169 2877 hide
1187 2819 1268 2879 their
1287 2820 1500 2880 Jewishness.
1540 2825 1617 2885 Such

305 2839 480 2899 cowardice
503 2842 524 2902 is
543 2843 740 2903 abominable
762 2846 791 2906 to
810 2846 872 2906 me.
913 2849 974 2909 The
996 2855 1190 2915 enlightened
1216 2857 1376 2917 Jew—and
1399 2859 1435 2919 he
1461 2860 1486 2920 is
1512 2862 1567 2922 not
1589 2864 1621 2924 as

1713 2849 1780 2909 from
1818 2852 1909 2912 what
1928 2853 1966 2913 he
1990 2855 2162 2915 conceives
2181 2855 2209 2915 to
2234 2857 2272 2917 be
2291 2857 2343 2917 his
2368 2860 2448 2920 duty
2468 2861 2501 2921 as
2520 2861 2534 2921 a
2559 2861 2754 2921 physician,
2774 2863 2859 2923 finds
2888 2864 3026 2924 himself

307 2876 373 2936 rare
395 2877 426 2937 as
444 2879 528 2939 some
550 2880 835 2940 imagine—stands
857 2885 994 2945 between
1016 2888 1104 2948 these
1125 2891 1181 2951 two
1199 2894 1425 2954 objectionable
1450 2898 1626 2958 extremes.

1715 2894 1868 2954 involved
1891 2899 1919 2959 in
1947 2900 1956 2960 a
1980 2903 2133 2963 political
2152 2903 2263 2963 clash,
2278 2905 2422 2965 wherein
2446 2906 2496 2966 the
2520 2908 2757 2968 anti-Semites
2781 2909 2971 2969 endeavour
2995 2909 3022 2969 to

308 2912 353 2972 He
372 2914 500 2974 regards
519 2915 564 2975 his
587 2916 780 2976 Jewishness
799 2921 829 2981 as
852 2921 859 2981 a
882 2924 1010 2984 natural
1026 2927 1097 2987 part
1113 2927 1143 2987 of
1162 2929 1305 2989 himself,
1317 2932 1339 2992 in
1370 2932 1419 2992 the
1446 2935 1532 2995 same
1555 2936 1615 2996 way

1711 2941 1806 3001 make
1830 2941 1839 3001 a
1864 2945 2045 3005 scapegoat
2064 2947 2097 3007 of
2112 2947 2197 3007 him.
2236 2949 2321 3009 This
2341 2950 2431 3010 play,
2446 2951 2627 3011 translated
2651 2953 2684 3013 by
2704 2953 2803 3013 Hetty
2823 2955 3028 3015 Landstone,

307 2949 341 3009 as
360 2948 367 3008 a
394 2949 458 3009 man
481 2950 515 3010 of
534 2952 591 3012 any
618 2953 708 3013 other
735 2957 920 3017 nationality
944 2962 1068 3022 regards
1095 2964 1242 3024 himself.
1277 2967 1322 3027 Ile
1349 2968 1371 3028 is
1398 2968 1493 3028 proud
1523 2972 1553 3032 of
1576 2973 1621 3033 his

1710 2984 1777 3044 was
1795 2989 1962 3049 produced
1995 2992 2035 3052 by
2063 2993 2117 3053 the
2140 2995 2257 3055 Jewish
2290 2998 2407 3058 Drama
2430 2998 2561 3058 League
2580 2998 2615 3058 at
2634 2999 2688 3059 the
2711 2999 2855 3059 Phoenix
2883 3001 3023 3061 Theatre

307 2984 420 3044 Jewish
447 2989 583 3049 heritage
606 2989 658 3049 but
674 2992 749 3052 does
769 2995 821 3055 not
837 2995 946 3055 advert
962 2998 992 3058 se
1011 2998 1060 3058 the
1083 3001 1162 3061 fact.
1197 3001 1226 3061 If
1246 3003 1291 3063 his
1310 3004 1416 3064 people
1435 3007 1556 3067 require
1575 3009 1620 3069 his

1709 3031 1780 3091 last
1802 3034 1936 3094 March.

307 3022 499 3082 assistance,
526 3026 560 3086 he
590 3026 677 3086 gives
700 3028 726 3088 it
749 3030 911 3090 according
942 3034 971 3094 to
1002 3034 1051 3094 the
1085 3036 1153 3096 best
1176 3037 1206 3097 of
1229 3040 1274 3100 his
1301 3042 1429 3102 ability.
1463 3046 1497 3106 In
1527 3046 1617 3106 other

308 3058 424 3118 words,
451 3060 485 3120 he
515 3059 541 3119 is
572 3060 583 3120 a
606 3061 658 3121 Jew
700 3064 723 3124 in
757 3067 851 3127 deeds
878 3070 934 3130 and
965 3072 1040 3132 feols
1067 3075 1180 3135 Jewish
1214 3076 1266 3136 but
1290 3079 1361 3139 does
1388 3079 1444 3139 not
1467 3081 1497 3141 go
1524 3082 1617 3142 about

1791 3078 1896 3138 These
1919 3082 1980 3142 two
2007 3086 2130 3146 works,
2143 3088 2204 3148 out
2222 3088 2257 3148 of
2271 3090 2284 3150 a
2310 3091 2394 3151 total
2412 3091 2442 3151 of
2461 3091 2561 3151 about
2584 3091 2667 3151 sixty
2689 3094 2781 3154 plays
2804 3094 2860 3154 aud
2892 3094 3023 3154 novels,

302 3095 498 3155 advertising
517 3098 558 3158 it.
593 3100 607 3160 I
623 3100 702 3160 have
729 3104 849 3164 always
876 3106 951 3166 tried
982 3108 1008 3168 to
1035 3110 1125 3170 follow
1159 3112 1231 3172 that
1254 3114 1314 3174 line
1345 3115 1412 3175 with
1443 3117 1492 3177 the
1519 3120 1620 3180 result

1710 3125 1927 3185 represented
1950 3129 2171 3189 Schnitzler's
2195 3135 2262 3195 sole
2290 3135 2484 3195 incursions
2512 3135 2583 3195 into
2612 3137 2625 3197 a
2657 3138 2860 3198 specifical'y
2893 3138 3014 3198 Jewish

307 3130 372 3190 that
391 3134 475 3194 some
493 3135 573 3195 have
592 3135 621 3195 at
639 3137 727 3197 times
750 3139 877 3199 accused
903 3144 947 3204 me
965 3144 994 3204 of
1016 3147 1129 3207 having
1148 3150 1302 3210 alienated
1324 3150 1444 3210 myself
1463 3153 1525 3213 from
1565 3153 1612 3213 my

1704 3169 1798 3229 field.
1837 3171 1930 3231 They
1952 3174 2046 3234 stand
2072 3177 2217 3237 without
2234 3180 2353 3240 rivals,
2367 3180 2401 3240 as
2418 3180 2469 3240 the
2491 3180 2576 3240 most
2594 3183 2717 3243 skilful
2730 3184 3016 3244 representations

307 3169 431 3229 people.
469 3169 507 3229 Of
522 3171 628 3231 course
647 3174 669 3234 it
685 3175 707 3235 is
723 3176 775 3236 not
787 3177 870 3237 true.
908 3180 938 3240 It
953 3182 976 3242 is
995 3184 1161 3244 ridiculous
1180 3186 1207 3246 to
1226 3186 1278 3246 say
1298 3189 1369 3249 that
1388 3189 1399 3249 I
1415 3189 1482 3249 hold
1502 3192 1618 3252 myself

303 3205 389 3265 aloof
408 3206 472 3266 from
507 3210 555 3270 my
579 3211 699 3271 people,
715 3214 824 3274 simply
847 3218 979 3278 becanse
1002 3220 1013 3280 I
1028 3221 1115 3281 don't
1131 3222 1179 3282 act
1199 3225 1228 3285 as
1248 3225 1277 3285 an
1304 3227 1497 3287 advertising
1524 3231 1617 3291 agent

1707 3216 1741 3276 of
1759 3216 1834 3276 that
1856 3219 2001 3279 pre-war
2028 3224 2146 3284 Jewish
2182 3225 2332 3285 clement
2363 3226 2389 3286 in
2425 3228 2565 3288 Central
2588 3228 2737 3288 Europe,
2755 3228 2856 3288 which
2883 3231 3014 3291 reigned

300 3243 334 3303 of
353 3244 458 3304 Jews.
504 3244 519 3304 I
549 3245 583 3305 am
629 3249 662 3309 as
697 3252 844 3312 absorbed
882 3254 905 3314 in
939 3256 1063 3316 Jowis'i
1090 3261 1245 3321 problems
1283 3263 1385 3323 to-day
1423 3264 1460 3324 as
1495 3265 1566 3325 ever
1601 3266 1615 3326 I

1709 3261 1862 3321 supreme
1883 3264 1912 3324 in
1937 3265 1990 3325 art
2007 3267 2065 3327 and
2095 3271 2277 3331 medicine.
2315 3273 2397 3333 From
2435 3273 2489 3333 the
2510 3273 2605 3333 point
2627 3273 2659 3333 of
2676 3275 2746 3335 view
2776 3274 2809 3334 of
2826 3276 3020 3336 literature,

299 3277 382 3337 was.
420 3281 431 3341 I
458 3282 552 3342 never
575 3284 677 3344 forget
696 3287 768 3347 that
791 3289 859 3349 first
882 3292 934 3352 and
966 3294 1116 3354 foremost
1136 3297 1192 3357 lam
1231 3297 1245 3357 a
1272 3300 1359 3360 Jew.
1397 3302 1446 3362 My
1477 3302 1541 3362 love
1571 3303 1616 3363 for

1705 3306 1779 3366 they
1802 3308 1854 3368 are
1877 3312 2111 3372 undoubtedly
2138 3315 2190 3375 his
2217 3318 2278 3378 two
2310 3318 2460 3378 greatest
2478 3319 2583 3379 works
2610 3319 2694 3379 aud,
2707 3321 2950 3381 incidentally,
2963 3322 3016 3382 the

301 3315 349 3375 my
384 3317 493 3377 people
524 3321 580 3381 has
607 3322 678 3382 been
713 3325 890 3385 intensilled
928 3328 962 3388 by
992 3332 1256 3392 anti-Semitism.
1287 3335 1302 3395 .
1487 3339 1502 3399 I
1536 3341 1608 3401 soon

1705 3351 1763 3411 two
1788 3353 1813 3413 in
1843 3355 1943 3415 which
1973 3356 2006 3416 he
2031 3358 2169 3418 himself
2187 3361 2257 3421 took
2283 3362 2337 3422 the
2362 3363 2450 3423 most
2463 3362 2571 3422 pride.

302 3352 430 3412 became
467 3356 635 3416 convinced
672 3361 744 3421 that
777 3362 894 3422 Jewish
931 3366 982 3426 life
1015 3368 1120 3428 to-day
1157 3368 1223 3428 was
1256 3371 1438 3431 dominated
1486 3374 1522 3434 by
1552 3376 1610 3436 two

299 3389 415 3449 factors
434 3391 441 3451 ;
467 3395 692 3455 anti-Semitism
733 3398 791 3458 and
825 3402 981 3462 Zionism.
1022 3404 1087 3464 TTao
1120 3407 1241 3467 modern
1270 3407 1325 3467 Jew
1365 3410 1423 3470 has
1453 3413 1536 3473 given
1573 3414 1609 3474 up

1785 3401 1979 3461 Schnitzler
2001 3404 2102 3464 never
2120 3407 2221 3467 really
2248 3410 2353 3470 forgot
2371 3410 2441 3470 that
2460 3410 2499 3470 he
2521 3410 2587 3470 was
2605 3410 2613 3470 a
2636 3410 2723 3470 Jew,
2733 3410 2790 3470 and
2812 3411 2900 3471 after
2918 3410 2931 3470 “
2949 3413 3014 3473 The

299 3425 386 3485 many
417 3428 530 3488 Jewish
564 3434 746 3494 traditions,
769 3437 826 3497 but
849 3439 1023 3499 something
1054 3442 1159 3502 vitally
1190 3443 1304 3503 Jewish
1338 3446 1497 3506 remained
1520 3450 1542 3510 in
1566 3452 1611 3512 his

1704 3446 1787 3506 Road
1819 3446 1849 3506 to
1880 3446 1937 3506 the
1968 3449 2051 3509 Open
2104 3451 2165 3511 and
2232 3455 2407 3515 Professor
2443 3454 2662 3514 Bernhardi,”
2694 3456 2746 3516 the
2773 3458 2886 3518 public
2913 3458 3009 3518 could

296 3464 386 3524 being
405 3465 412 3525 ;
435 3467 495 3527 this
522 3469 696 3529 something
727 3473 870 3533 together
896 3476 964 3536 with
999 3478 1047 3538 tue
1074 3479 1270 3539 anti-Jewish
1301 3483 1455 3543 elements
1475 3486 1546 3546 that
1562 3486 1610 3546 are

1705 3490 1763 3550 not
1781 3493 1889 3553 forget
1908 3494 1948 3554 it.
1990 3494 2112 3554 When,
2126 3496 2152 3556 in
2180 3498 2275 3558 1920,
2289 3500 2338 3560 the
2361 3500 2556 3560 production
2584 3500 2619 3560 of
2629 3501 2642 3561 “
2661 3503 2810 3563 Reigen”
2833 3503 2855 3563 in
2887 3504 3009 3564 Vienna

296 3500 409 3560 abroad
443 3503 507 3563 will
526 3506 647 3566 always
670 3509 779 3569 assure
806 3512 858 3572 the
881 3514 1059 3574 continnity
1089 3515 1119 3575 of
1142 3518 1191 3578 the
1214 3518 1327 3578 Jewish
1358 3520 1486 3580 pcople.
1520 3523 1614 3583 Anti¬

1702 3536 1830 3596 created
1855 3538 1892 3598 an
1918 3540 2033 3600 outcry
2063 3541 2100 3601 by
2129 3543 2183 3603 the
2216 3545 2419 3605 Churches;
2441 3546 2527 3606 when
2561 3547 2673 3607 armed
2702 3547 2884 3607 policemen
2918 3550 3009 3610 stood

295 3538 474 3598 Semitism,
489 3541 584 3601 which
606 3544 683 3604 aims
702 3544 734 3604 at
753 3547 800 3607 the
822 3548 1012 3608 destruction
1035 3550 1064 3610 of
1079 3551 1126 3611 the
1149 3553 1262 3613 Jewish
1280 3553 1405 3613 people,
1420 3559 1606 3619 completely

295 3574 407 3634 misses
434 3577 473 3637 its
496 3580 667 3640 objective.
707 3582 751 3642 Its
777 3583 868 3643 victim
908 3586 934 3646 is
963 3588 1014 3648 not
1036 3589 1200 3649 destroyed
1226 3590 1295 3650 but,
1307 3592 1339 3652 on
1369 3593 1419 3653 the
1449 3596 1613 3656 contrary,

1702 3583 1834 3643 outside
1855 3583 1909 3643 the
1938 3585 1996 3645 box
2025 3586 2117 3646 office
2150 3589 2208 3649 and
2242 3592 2445 3652 scrutinised
2470 3592 2565 3652 every
2591 3595 2765 3655 applicant
2790 3592 2840 3652 for
2869 3596 2977 3656 seats,
2989 3596 3014 3656 it

295 3610 441 3670 becomes
471 3618 628 3678 stronger,
643 3618 722 3678 more
752 3622 887 3682 resolute
913 3623 967 3683 and
997 3625 1081 3685 more
1107 3625 1245 3685 dignified
1278 3628 1348 3688 than
1381 3631 1472 3691 ever.
1505 3632 1545 3692 As
1567 3633 1610 3693 for

1700 3628 1766 3688 was
1787 3629 1824 3689 no
1845 3631 1949 3691 shout
1974 3631 2011 3691 of
2032 3634 2103 3694 high
2132 3635 2240 3695 moral
2265 3637 2407 3697 purpose
2432 3637 2531 3697 which
2557 3640 2652 3700 came
2673 3640 2739 3700 from
2781 3640 2839 3700 the
2869 3642 3010 3702 howling

290 3648 442 3708 Zionism,
461 3652 476 3712 1
503 3653 541 3713 am
579 3656 750 3716 interested
781 3658 807 3718 in
838 3659 876 3719 it,
899 3661 952 3721 not
979 3661 1093 3721 merely
1124 3663 1157 3723 as
1181 3664 1192 3724 a
1219 3666 1348 3726 solution
1375 3667 1397 3727 to
1417 3667 1466 3727 the
1489 3669 1599 3729 Jewish

1697 3675 1771 3735 mob
1796 3675 1829 3735 of
1846 3677 1999 3737 students
2025 3679 2049 3739 in
2075 3679 2128 3739 the
2149 3682 2332 3742 street—it
2349 3682 2415 3742 was
2436 3684 2581 3744 simply“
2602 3685 2697 3745 Down
2727 3688 2797 3748 with
2823 3688 2876 3748 the
2897 3688 3001 3748 Jews.

290 3686 452 3746 problem,
464 3688 520 3748 but
536 3690 566 3750 as
585 3691 596 3751 a
619 3693 759 3753 unifying
778 3696 861 3756 force
881 3697 910 3757 of
926 3698 1047 3758 Jewry,
1062 3700 1069 3760 a
1093 3700 1172 3760 force
1195 3701 1263 3761 that
1289 3703 1380 3763 binds
1400 3704 1482 3764 Jews
1502 3707 1543 3767 all
1558 3708 1607 3768 the

295 3719 386 3779 world
408 3723 480 3783 over
499 3724 525 3784 to
547 3726 638 3786 strive
660 3728 703 3788 for
722 3730 729 3790 a
755 3732 894 3792 common
923 3735 1004 3795 aim.
1041 3737 1194 3797 Whether
1220 3738 1340 3798 Zionism
1373 3740 1442 3800 will
1454 3741 1534 3801 solve
1556 3742 1603 3802 the

291 3756 404 3816 Jowish
438 3762 563 3822 problem
605 3765 638 3825 or
661 3767 729 3827 not,
748 3768 801 3828 the
828 3769 911 3829 mere
938 3773 1069 3833 striving
1089 3774 1168 3834 after
1183 3774 1191 3834 a
1214 3776 1300 3836 great
1319 3777 1361 3837 aim
1395 3779 1418 3839 is
1433 3780 1455 3840 in
1479 3780 1565 3840 itself
1580 3780 1610 3840 of

288 3796 379 3856 great
394 3800 588 3860 importance
618 3804 673 3864 and
706 3805 863 3865 exercises
893 3810 903 3870 a
933 3810 1134 3870 tremendous
1157 3813 1306 3873 influence
1325 3816 1358 3876 on
1380 3816 1423 3876 all
1443 3816 1504 3876 who
1530 3819 1603 3879 work

291 3834 335 3894 for
354 3834 405 3894 the
424 3837 564 3897 common
587 3840 698 3900 cause.

379 3887 444 3947 The
467 3894 604 3954 funeral
627 3895 692 3955 was
721 3897 759 3957 on
793 3901 914 3961 Friday
942 3903 1008 3963 last
1036 3903 1068 3963 in
1097 3903 1157 3963 the
1180 3905 1301 3965 Jewish
1340 3909 1472 3969 Section
1500 3912 1533 3972 of
1550 3912 1599 3972 the

293 3934 419 3994 Vienna
442 3938 582 3998 Central
600 3941 790 4001 Cemetery.
831 3944 862 4004 In
899 3948 1102 4008 accordance
1134 3950 1211 4010 with
1247 3953 1473 4013 instructions
1496 3956 1554 4016 left
1573 3957 1595 4017 in

291 3980 352 4040 Dr.
377 3983 600 4043 Schnitzler’s
630 3987 720 4047 will,
744 3989 801 4049 the
830 3992 982 4052 greatest
1007 3998 1192 4058 simplicity
1226 3998 1288 4058 was
1317 4001 1502 4061 observed.
1550 4002 1597 4062 Ie

291 4023 356 4083 was
375 4028 491 4088 buried
514 4030 542 4090 in
570 4031 579 4091 a
612 4034 709 4094 grave
742 4037 774 4097 of
802 4037 932 4097 honour
960 4040 1052 4100 given
1095 4043 1131 4103 by
1155 4043 1206 4103 the
1229 4046 1345 4106 Jewish
1373 4049 1610 4109 Community,

286 4070 351 4130 but
369 4072 461 4132 there
488 4075 571 4135 were
594 4078 628 4138 no
655 4081 818 4141 speeches
845 4085 910 4145 and
933 4087 945 4147 a
968 4088 1064 4148 short
1087 4090 1205 4150 prayer
1232 4093 1306 4153 only
1333 4094 1394 4154 was
1417 4096 1535 4156 recited
1562 4095 1597 4155 by

291 4114 340 4174 the
368 4117 507 4177 Cantor.
544 4123 607 4183 Dr.
622 4126 842 4186 Schnitzler's
866 4129 933 4189 will
957 4135 1137 4195 requested
1160 4136 1236 4196 that
1255 4137 1291 4197 no
1314 4139 1458 4199 wreaths
1481 4141 1594 4201 should

287 4165 324 4225 be
345 4165 457 4225 placed
482 4168 519 4228 on
545 4168 598 4228 the
619 4169 718 4229 grave
740 4172 797 4232 aud
831 4177 910 4237 that
935 4181 972 4241 no
1006 4183 1213 4243 notification
1239 4187 1271 4247 of
1288 4189 1338 4249 his
1359 4189 1454 4249 death
1480 4189 1595 4249 should
