3392 4384
581 181 656 241 150,
688 186 820 246 AVENUE
852 190 908 250 DES
940 198 1154 258 CHAUPS-ÉLY
1180 201 1337 261 LES-Vin¬

385 201 516 261 dresse

381 298 498 358 Date:

743 342 799 402 31
839 348 935 408 MAI
965 351 1080 411 1932

400 396 561 456 Signature

383 494 566 554 Haposition

871 558 1115 618 LETTRE
1193 554 1268 614 DE
1354 549 1598 609 VIENNE

531 727 685 787 Petit
759 727 1112 787 panorama
1185 721 1257 781 de
1341 719 1391 779 la
1466 714 1568 774 vie
1642 715 1963 775 littéraire

1019 848 1078 908 et
1150 845 1491 905 artistique
1562 817 1964 877 MrlDuen

961 979 1110 1039 Vienne,
1131 981 1219 1041 mai.

650 1037 707 1097 (De
738 1032 835 1092 notre
862 1030 1144 1090 correspondant)

587 1095 630 1155 Un
669 1091 767 1151 grand
807 1091 901 1151 poète
936 1088 1125 1148 autrichien
1164 1085 1254 1145 vient

541 1133 574 1193 de
624 1133 830 1193 disparaître
881 1127 1175 1187 prématurémont
1217 1124 1250 1184 en

541 1169 651 1229 pleine
683 1167 820 1227 activité
856 1166 1020 1226 littéraire
1052 1163 1086 1223 et
1114 1163 1149 1223 au
1185 1162 1255 1222 len¬

545 1208 674 1268 démain
709 1205 743 1265 de
778 1205 804 1265 la
838 1205 967 1265 clôture
998 1202 1148 1262 brusque
1184 1201 1252 1261 d'un

543 1246 725 1306 intermède
756 1241 1041 1301 bureaucratique
1072 1241 1111 1301 de
1142 1238 1171 1298 sa
1202 1238 1253 1298 vie

544 1285 598 1345 par
622 1282 767 1342 instants
791 1280 859 1340 fort
878 1279 1005 1339 agitée.
1020 1276 1120 1336 Anton
1148 1274 1257 1334 Wild¬

546 1323 643 1383 gans,
657 1321 692 1381 né
714 1320 727 1380 à
754 1318 878 1378 Vienne
900 1318 931 1378 en
958 1316 1055 1376 1881,
1068 1316 1152 1376 était
1170 1312 1249 1372 venu

1933 1351 1983 1411 No
2003 1351 2040 1411 DE
2067 1354 2180 1414 DÉRIT

546 1363 554 1423 à
589 1360 615 1420 la
645 1360 813 1420 notoriété
844 1357 969 1417 comme
999 1354 1094 1414 poète
1125 1351 1254 1411 lyrique

546 1399 622 1459 avec
655 1396 708 1456 ses
741 1396 883 1456 Sonnets
912 1396 924 1456 à
957 1395 1046 1455 Ead,
1066 1392 1261 1452 Printemps

547 1437 761 1497 d'automne,
791 1434 891 1494 Midi,
921 1432 1072 1492 volumes
1110 1430 1147 1490 de
1190 1429 1265 1489 vers

1739 1462 1869 1522 Katroit
1889 1464 1919 1524 de

549 1474 750 1534 échelonnés
782 1471 818 1531 de
850 1471 923 1531 1913
956 1471 969 1531 à
1006 1471 1102 1531 1917,
1125 1469 1184 1529 qui
1212 1466 1266 1526 ré¬

2065 1498 2204 1558 TUNIS
2243 1511 2522 1571 SOCIALISTE

552 1512 698 1572 vélaient
729 1510 758 1570 en
798 1509 844 1569 lui
871 1509 909 1569 un
949 1509 1064 1569 maître
1099 1506 1267 1566 accompli

550 1553 587 1613 de
613 1551 638 1611 la
668 1548 793 1608 forme,
815 1547 898 1607 nous
925 1545 1054 1605 dirions
1080 1544 1269 1604 volontiers

1735 1560 1861 1620 Adresse

553 1590 588 1650 un
628 1587 824 1647 parnassien
860 1584 1073 1644 autrichien,
1095 1583 1126 1643 si
1157 1581 1264 1641 Wild¬

552 1629 628 1689 gans
651 1628 686 1688 ne
713 1623 825 1683 devait
848 1625 905 1685 pas
929 1623 1201 1683 l'impeccabilité
1228 1621 1264 1681 de

1731 1657 1839 1717 Date:

550 1668 602 1728 son
639 1664 725 1724 style
758 1662 794 1722 et
823 1664 851 1724 sa
888 1662 1035 1722 vigueur
1068 1660 1263 1720 concentrée

2091 1655 2143 1715 er
2177 1659 2283 1719 JUIN
2327 1667 2443 1727 1932

552 1705 616 1765 aux
647 1701 836 1761 classiques
866 1698 970 1758 latins
1000 1700 1073 1760 plus
1108 1698 1176 1758 qu'à
1211 1698 1267 1758 des

552 1741 732 1801 influences
758 1737 964 1797 françaises,
985 1738 1044 1798 par
1070 1736 1212 1796 ailleurs
1238 1734 1267 1794 si

1735 1754 1926 1814 Signature:

557 1781 659 1841 fortes
682 1778 739 1838 sur
761 1778 787 1838 la
815 1778 1005 1838 littérature
1028 1775 1262 1835 autrichienne

552 1820 853 1880 contemporaine.

1733 1853 1908 1913 Exposition

596 1871 940 1931 Poète-philosophe,
969 1868 996 1928 il
1025 1868 1138 1928 aurait
1172 1864 1270 1924 quel¬

556 1910 638 1970 ques
682 1907 784 1967 traits
831 1907 1004 1967 communs
1051 1904 1129 1964 avec
1173 1903 1267 1963 notre

555 1948 647 2008 Sully
690 1945 940 2005 Prudhomie,
970 1944 1058 2004 mais
1092 1942 1172 2002 avec
1211 1942 1278 2002 une

1816 1959 2522 2019 Signalons

557 1986 748 2046 sensibilité
780 1984 930 2044 vibrante
962 1981 1024 2041 qui
1046 1981 1273 2041 l'apparente¬

561 2026 627 2086 rait
661 2025 741 2085 dans
775 2023 837 2083 une
871 2020 946 2080 tout
980 2020 1071 2080 autre
1110 2019 1268 2079 direction

561 2062 639 2122 avec
666 2062 700 2122 un
731 2059 847 2119 Albert
874 2059 1026 2119 Samain.
1043 2059 1087 2119 De
1113 2059 1139 2119 la
1165 2058 1277 2118 poésie

1818 2081 1852 2141 Je
1874 2080 1951 2140 fou.
1966 2078 2063 2138 letais
2092 2076 2147 2136 une
2169 2074 2238 2134 fois
2260 2071 2295 2131 de
2316 2071 2393 2131 plus
2415 2070 2463 2130 les
2484 2068 2497 2128 «
2520 2065 2610 2125 Sou¬

558 2101 693 2161 lyrique
727 2101 741 2161 à
779 2101 806 2161 la
844 2098 957 2158 poésie
990 2098 1225 2158 dramatique,
1253 2095 1281 2155 il

1780 2145 1894 2205 venirs
1919 2142 1933 2202 »
1954 2141 1988 2201 d.
2013 2142 2067 2202 M.
2087 2137 2230 2197 Antoine
2256 2134 2364 2194 quond
2394 2132 2463 2192 mon
2493 2128 2611 2188 atten¬

555 2142 608 2202 n’y
640 2140 654 2200 a
694 2140 793 2200 qu’un
829 2138 905 2198 pas,
932 2136 999 2196 vite
1031 2137 1129 2197 sauté
1161 2135 1174 2195 à
1215 2133 1277 2193 une

561 2178 689 2238 époque
715 2175 748 2235 où
777 2175 852 2235 tout
877 2172 1110 2232 versificateur
1135 2172 1276 2232 pouvait

1785 2208 1851 2268 tion
1885 2205 1942 2265 fut
1966 2204 2051 2264 prise
2085 2202 2142 2262 par
2171 2197 2233 2257 une
2262 2196 2362 2256 lettre
2396 2193 2433 2253 du
2467 2187 2600 2247 célèbre

561 2216 678 2276 encore
715 2212 811 2272 rêver
848 2212 884 2272 de
917 2211 1087 2271 l'éclatant
1124 2210 1273 2270 exemple

561 2253 598 2313 de
636 2252 748 2312 succès
782 2250 885 2310 donné
919 2250 981 2310 par
1011 2250 1156 2310 Edmond
1194 2249 1272 2309 Ros-

1780 2268 1927 2328 critique
1963 2265 2115 2325 (corges
2146 2261 2298 2321 Brandès
2333 2257 2367 2317 où
2407 2257 2436 2317 je
2471 2255 2520 2315 lus
2550 2250 2604 2310 ces

566 2294 660 2354 tand.
679 2292 851 2352 Wildgans
874 2289 910 2349 ft
933 2286 1028 2346 jouer
1051 2286 1128 2346 tour
1151 2286 1164 2346 à
1187 2286 1282 2346 tour,

1792 2331 1877 2391 mots
1903 2328 1914 2388 ;
1934 2328 1945 2388 «
1971 2327 2001 2387 11
2021 2325 2088 2385 (M.
2107 2322 2237 2382 Arthur
2262 2324 2472 2384 Schuitzier)
2497 2312 2613 2372 s'ima¬

566 2333 598 2393 de
636 2331 716 2391 1914
744 2331 758 2391 à
797 2328 895 2388 1920,
919 2328 956 2388 de
990 2327 1135 2387 grandes
1164 2323 1281 2383 tragé¬

563 2370 636 2430 dies
684 2367 718 2427 en
770 2367 864 2427 vers,
904 2364 1028 2424 Armut
1072 2364 1286 2424 (Pauvreté),

1783 2394 1856 2454 gine
1883 2390 1947 2450 que
1974 2387 2052 2447 vous
2078 2386 2121 2446 me
2148 2381 2346 2441 connaissez
2373 2375 2546 2435 peut-être
2572 2370 2611 2430 de

566 2408 661 2468 Liebe
689 2405 857 2465 (Amour),
876 2405 958 2465 Dies
981 2404 1054 2464 ira,
1072 2402 1167 2462 Cain.
1186 2401 1277 2461 Cette

565 2446 720 2506 dernière
754 2444 884 2504 œuvre,
910 2443 922 2503 «
956 2441 1073 2501 poème
1107 2441 1283 2501 mythique

1793 2454 1854 2514 nom
1898 2450 1929 2510 et
1960 2448 2079 2508 ,u'une
2106 2443 2419 2503 recommandation
2472 2435 2507 2495 de
2561 2432 2608 2492 ma

570 2485 599 2545 en
629 2483 699 2543 cinq
729 2483 821 2543 actes
847 2484 880 2544 »,
897 2482 993 2542 jouée
1023 2478 1056 2538 au
1090 2479 1283 2539 Burgthea-

1794 2518 1872 2578 part
1902 2512 1985 2572 vous
2015 2508 2226 2568 toucherait.
2251 2506 2290 2566 Je
2320 2502 2359 2562 ne
2394 2501 2462 2561 sais
2492 2499 2555 2559 pas
2585 2498 2619 2558 si

574 2522 636 2582 ter,
658 2524 671 2584 y
702 2522 892 2582 consacrait
915 2519 1078 2579 l'alliance
1105 2517 1145 2577 de
1172 2515 1282 2575 l'écri-

572 2561 640 2621 vain
693 2559 770 2619 avec
814 2558 1135 2618 l’administration.
1178 2553 1286 2613 Wild¬

1793 2582 1853 2642 j'ai
1878 2574 2060 2634 l'honneur
2097 2571 2197 2631 d'être
2234 2568 2334 2628 connu
2376 2564 2411 2624 de
2447 2561 2578 2621 vous...
2599 2558 2613 2618 »

570 2600 666 2660 gans,
694 2599 725 2659 en
763 2597 877 2657 pleine
909 2596 996 2656 crise
1029 2596 1065 2656 de
1102 2593 1276 2653 l'inflation

1793 2641 1836 2701 Et
1859 2640 1885 2700 je
1908 2637 1950 2697 me
1978 2635 2131 2695 rappelai
2153 2632 2229 2692 que,
2246 2624 2518 2684 quarante.huit
2535 2620 2622 2680 heu¬

576 2640 604 2700 et
643 2637 679 2697 de
718 2635 742 2695 la
784 2635 918 2695 débâcle
960 2634 997 2694 de
1035 2632 1064 2692 la
1102 2632 1289 2692 couronne,

574 2676 670 2736 avait
696 2674 825 2734 accepté
855 2673 884 2733 le
914 2671 1006 2731 poste
1032 2671 1182 2731 tentant,
1204 2671 1287 2731 mais

1793 2702 1849 2762 res
1876 2698 2108 2758 auparavant,
2139 2695 2175 2755 un
2213 2691 2336 2751 hasard
2378 2686 2517 2746 m'avait
2549 2680 2615 2740 fait

574 2713 729 2773 terrible,
760 2711 794 2771 de
829 2710 997 2770 directeur
1032 2710 1066 2770 de
1101 2710 1127 2770 la
1162 2709 1287 2769 grande

576 2754 671 2814 scène
697 2752 751 2812 non
780 2752 909 2812 lyrique
935 2749 1197 2809 subventionnée
1227 2746 1285 2806 que

1802 2762 1965 2822 entendre
1993 2758 2030 2818 un
2059 2755 2274 2815 littérateur,
2293 2749 2442 2809 critique
2471 2746 2508 2806 de
2536 2740 2629 2800 ciné¬

578 2791 605 2851 la
629 2791 834 2851 République
863 2788 951 2848 avait
975 2788 1101 2848 héritée
1125 2785 1163 2845 de
1187 2785 1289 2845 l'Em¬

1798 2827 1850 2887 ina
1880 2823 1961 2883 dans
1990 2820 2023 2880 ur
2057 2817 2152 2877 poste
2182 2817 2215 2877 de
2244 2817 2282 2877 T.
2307 2815 2344 2875 S.
2369 2813 2411 2873 F.
2436 2809 2623 2869 demander

574 2831 649 2891 pire
687 2829 762 2889 sans
800 2824 943 2884 pouvoir
981 2824 1031 2884 lui
1061 2823 1199 2883 assurer
1237 2821 1291 2881 des

570 2867 766 2927 ressources
793 2863 1011 2923 budgétaires
1038 2862 1134 2922 aussi
1156 2862 1300 2922 stables.

1798 2892 1861 2952 par
1884 2883 2062 2943 téléphone
2085 2880 2130 2940 les
2153 2880 2267 2940 places
2286 2874 2372 2934 pour
2395 2874 2454 2934 une
2482 2868 2627 2928 premiè.

579 2907 669 2967 Cette
693 2905 861 2965 première
884 2901 1020 2961 période
1043 2901 1211 2961 d'activité
1239 2898 1288 2958 di¬

576 2945 757 3005 rectoriale
779 2943 834 3003 fut
856 2940 1024 3000 traversée
1050 2939 1088 2999 de
1110 2938 1187 2998 tant
1209 2936 1291 2996 d'in¬

1803 2951 1834 3011 re
1866 2949 1902 3009 du
1934 2948 1988 3008 film
2030 2946 2061 3006 et
2089 2943 2157 3003 dirę
2189 2943 2202 3003 :
2226 2942 2239 3002 «
2262 2940 2335 3000 Mon
2367 2935 2425 2995 nom
2472 2933 2526 2993 est
2549 2928 2621 2988 bien

577 2983 708 3043 trigues
736 2982 794 3042 que
822 2980 995 3040 Wildgans
1022 2977 1104 3037 évita
1136 2978 1290 3038 toujours

1806 3012 1964 3072 connu...
1982 3009 1994 3069 »
2020 3006 2157 3066 Certes,
2175 3006 2187 3066 e
2214 2998 2406 3058 emonsieur
2432 2997 2484 3057 est
2506 2995 2543 3055 un
2574 2990 2633 3050 ho¬

579 3025 639 3085 par
678 3021 704 3081 la
743 3021 833 3081 suite
873 3017 937 3077 d'en
981 3017 1092 3077 parler
1136 3015 1170 3075 ou
1214 3015 1282 3075 d'en

581 3061 703 3121 ccrire.
733 3056 955 3116 L'amertume
994 3053 1047 3113 des
1082 3052 1174 3112 rares
1208 3053 1296 3113 allu-

1807 3073 1944 3133 norable
1976 3068 2145 3128 écrivain,
2168 3065 2254 3125 mais
2283 3062 2296 3122 «
2324 3059 2401 3119 bien
2434 3057 2538 3117 connu
2580 3056 2593 3116 !
2616 3053 2634 3113 »

579 3099 668 3159 sions
699 3096 783 3156 qu’il
811 3095 823 3155 y
859 3095 872 3155 a
904 3095 1006 3155 faites
1037 3092 1072 3152 ne
1108 3092 1290 3152 l’empêcha

1811 3138 1855 3198 Et
1885 3133 1909 3193 il
1934 3131 1988 3191 est
2013 3128 2155 3188 difficile
2190 3124 2381 3184 d'affirmer
2411 3119 2489 3179 sans
2514 3116 2631 3176 risque

583 3137 773 3197 cependant
810 3135 867 3195 pas
908 3131 1095 3191 d'accepter
1140 3129 1201 3189 une
1246 3127 1298 3187 se¬

581 3176 685 3236 conde
716 3176 798 3236 fois,
824 3172 858 3232 en
898 3170 993 3230 1930,
1019 3170 1044 3230 le
1079 3170 1170 3230 poste
1201 3166 1300 3226 rede¬

1813 3201 1878 3261 que
1906 3196 1966 3256 l'on
1995 3193 2008 3253 a
2041 3192 2050 3252 «
2079 3191 2162 3251 deux
2190 3188 2335 3248 millions
2364 3182 2582 3242 d’auditeurs
2606 3177 2638 3237 ».

585 3215 668 3275 venu
706 3212 827 3272 vacant
861 3210 957 3270 aprés
995 3210 1020 3270 la
1058 3206 1183 3266 gestion
1221 3206 1292 3266 d'un

585 3248 916 3308 régisseur-acteur,
947 3250 994 3310 M.
1029 3245 1226 3305 Herterich.
1257 3248 1300 3308 Lo

1815 3262 1829 3322 J
1853 3259 2006 3319 epréfère
2030 3255 2067 3315 un
2095 3252 2244 3312 Brandès
2268 3249 2300 3309 et
2324 3248 2351 3308 sa
2380 3243 2566 3303 modestie.

594 3289 684 3349 poète
710 3288 844 3348 croyait
870 3285 1012 3345 pouvoir
1043 3283 1198 3343 insuffler
1225 3282 1237 3342 à
1272 3281 1297 3341 la

585 3328 702 3388 Maison
733 3328 767 3388 de
794 3325 929 3385 Molière
960 3322 1195 3382 autrichienne
1226 3318 1299 3378 l'es¬

588 3371 656 3431 prit
679 3366 734 3426 qui
756 3364 937 3424 l'animait.
951 3361 1006 3421 Ses
1028 3361 1240 3421 adversaires
1262 3356 1274 3416 —

1864 3390 1898 3450 h
1927 3388 1941 3448 !
1961 3387 2024 3447 que
2049 3385 2098 3445 M.
2118 3382 2229 3442 Pierre
2254 3378 2414 3438 Bonardi
2430 3376 2444 3436 a
2469 3373 2581 3433 raison
2610 3371 2644 3431 de

590 3406 627 3466 un
657 3403 823 3463 directeur
844 3403 877 3463 de
902 3402 1031 3462 théâtre
1052 3400 1298 3460 subventionné

589 3442 621 3502 en
650 3442 657 3502 a
682 3442 836 3502 toujours
857 3439 1142 3499 d'innombrables
1163 3436 1174 3496 —
1220 3435 1300 3495 dau¬

1817 3454 1963 3514 signaler
1999 3449 2020 3509 la
2059 3448 2146 3508 mine
2181 3445 2219 3505 de
2254 3439 2432 3499 scénarios
2467 3437 2527 3497 que
2566 3430 2648 3490 con¬

586 3480 703 3540 bèrent
730 3479 912 3539 volontiers
939 3477 1021 3537 cette
1048 3474 1231 3534 tentative,
1253 3475 1304 3535 ju¬

1826 3516 1911 3576 tient
1937 3513 1981 3573 La
2012 3509 2158 3569 Bruyère
2189 3507 2203 3567 !
2229 3501 2441 3561 Souhaitons
2472 3499 2557 3559 qu'il
2583 3495 2648 3555 soit

590 3520 650 3580 gée
685 3518 745 3578 par
775 3516 839 3576 eux
874 3516 990 3576 naîve,
1016 3515 1051 3575 de
1090 3513 1253 3573 remédier
1288 3514 1300 3574 à

596 3558 617 3618 la
652 3558 734 3618 crise
769 3555 937 3615 mondiale
972 3552 1028 3612 des
1059 3552 1209 3612 théâtres
1244 3551 1304 3611 par

1831 3580 1900 3640 plus
1924 3573 2041 3633 écoute
2079 3570 2177 3630 qu'un
2205 3567 2242 3627 de
2271 3566 2336 3626 mes
2360 3564 2443 3624 amis
2472 3560 2528 3620 qui
2547 3555 2654 3615 souli¬

594 3599 619 3659 le
649 3594 766 3654 retour
792 3594 855 3654 aux
885 3594 961 3654 plus
987 3593 1100 3653 saines
1130 3590 1311 3650 traditions

1833 3643 1908 3703 gna,
1932 3637 2024 3697 dans
2048 3636 2059 3696 «
2088 3630 2355 3690 Cinémigazine
2385 3627 2419 3687 »,
2437 3626 2465 3686 il
2489 3624 2500 3684 y
2536 3624 2546 3684 a
2576 3619 2657 3679 plu¬

600 3638 631 3698 da
659 3636 685 3696 la
713 3633 904 3693 littérature
937 3630 964 3690 et
987 3630 1023 3690 de
1051 3630 1142 3690 l'art.
1161 3629 1201 3689 En
1234 3627 1306 3687 réa-

599 3675 672 3735 lité,
694 3672 719 3732 le
749 3672 843 3732 choix
874 3670 929 3730 des
960 3669 1067 3729 pièces
1097 3668 1110 3728 à
1140 3666 1234 3726 créer
1265 3666 1298 3726 ou

1831 3701 1935 3761 sieurs
1963 3695 2104 3755 anvées,
2127 3694 2154 3754 le
2182 3692 2236 3752 oas
2264 3689 2323 3749 des
2351 3686 2364 3746 «
2392 3684 2597 3744 Caractères
2625 3681 2656 3741 »,

594 3716 606 3776 à
636 3710 821 3770 reprendre
846 3708 960 3768 s'était
985 3707 1111 3767 montré
1141 3704 1233 3764 assez
1259 3702 1313 3762 ju¬

594 3749 727 3809 dicieux
773 3747 856 3807 pour
899 3746 932 3806 se
974 3745 1124 3805 traduire
1170 3743 1228 3803 par
1270 3741 1307 3801 de

1835 3762 2058 3822 inspiratears
2087 3755 2123 3815 de
2157 3755 2245 3815 filis
2273 3752 2310 3812 et
2339 3752 2399 3812 qui
2423 3749 2487 3809 cita
2525 3744 2562 3804 an
2595 3743 2655 3803 des

598 3788 723 3848 bonnes
758 3785 921 3845 recettes.
952 3784 999 3844 M.
1029 3782 1202 3842 Wildgans
1237 3782 1305 3842 n'en

1836 3824 2003 3884 portraits
2022 3821 2059 3881 de
2088 3820 2129 3880 La
2158 3818 2326 3878 Bruyère,
2349 3815 2358 3875 —
2405 3810 2559 3870 scénario
2587 3805 2661 3865 tout

594 3830 650 3890 fut
680 3827 736 3887 pas
766 3825 873 3885 moins
904 3824 1037 3884 sacrifié
1068 3822 1080 3882 à
1111 3818 1166 3878 des
1197 3818 1313 3878 consi-

599 3866 770 3926 dérations
787 3863 825 3923 de
846 3863 963 3923 nature
984 3857 1311 3917 politico-commer-

1837 3887 1932 3947 häti.

599 3905 698 3965 ciale,
724 3903 786 3963 qui
811 3899 1032 3959 entourèrent
1062 3898 1091 3958 sa
1129 3896 1303 3956 démission

598 3943 633 4003 de
662 3940 836 4000 rancours
856 3937 937 3997 dont
962 3936 1131 3996 s'aggrava
1160 3934 1212 3994 son
1245 3934 1313 3994 état

599 3981 637 4041 de
664 3979 754 4039 santé
780 3979 853 4039 déjà
880 3976 948 4036 très
970 3975 1134 4035 éprouvé.
1156 3973 1182 4033 Il
1199 3971 1212 4031 a
1239 3970 1316 4030 sue-

603 4018 711 4078 combé
750 4017 775 4077 le
813 4015 825 4075 3
863 4015 947 4075 mai,
973 4015 985 4075 à
1023 4012 1086 4072 une
1120 4010 1204 4070 crise
1242 4009 1313 4069 car-

603 4057 724 4117 diaque
748 4054 987 4114 foudroyante,
1004 4051 1129 4111 comme
1158 4048 1206 4108 ses
1231 4048 1311 4108 deux

604 4096 725 4156 grands
754 4090 1012 4150 prédécesseurs
1036 4090 1049 4150 à
1078 4089 1100 4149 la
1129 4087 1195 4147 tête
1223 4087 1260 4147 do
1289 4088 1312 4148 la

608 4131 790 4191 ittérature
818 4128 1070 4188 autrichienne.
1088 4125 1179 4185 Hugo
1198 4125 1312 4185 d'Hof-

612 4170 810 4230 mannsthal
832 4170 858 4230 et
887 4170 1009 4230 Arthur
1031 4167 1236 4227 Schnitzler.
