3392 4320
201 300 217 360 2

353 306 929 366 Schnitzler's
997 305 1222 365 Deatl

1453 309 1578 369 box
1660 311 1890 371 43/17

355 458 443 518 NY
492 458 961 518 World..Telegram

1348 718 1441 778 NY
1488 721 1582 781 SUN

244 751 661 811 SCHNITZLER
709 758 847 818 DIES

1300 792 1465 852 0017

257 881 277 941 N
363 884 606 944 HENNA
660 891 850 951 HOME

1000 922 1313 982 SCHNITZLER
1361 928 1400 988 IS
1440 932 1572 992 DEAD

956 1010 1139 1070 Austrian
1188 1015 1435 1075 Playwright
1484 1021 1607 1081 Victim

224 1010 381 1070 Famous
424 1018 588 1078 Austrian
638 1022 868 1082 Playwright

1101 1059 1138 1119 of
1168 1061 1296 1121 Heart
1325 1067 1487 1127 Attack.

280 1097 495 1157 Succumbs
519 1103 620 1163 After
651 1106 811 1166 Several

983 1130 1162 1190 VIENNA.
1183 1133 1254 1193 Oct.
1275 1136 1308 1196 21
1334 1139 1388 1199 (U.
1409 1143 1626 1203 P.).—Arthur

952 1169 1146 1229 Schnitzler,
1166 1172 1311 1232 Austrian
1338 1176 1543 1236 playwright,
1559 1182 1623 1242 died

401 1181 517 1241 Days’
544 1186 692 1246 lllness.

949 1202 978 1262 at
1000 1205 1048 1265 his
1071 1204 1159 1264 home
1186 1210 1278 1270 today
1305 1210 1334 1270 of
1356 1213 1367 1273 a
1393 1215 1486 1275 heart
1505 1219 1634 1279 attack.

952 1240 990 1300 He
1014 1243 1071 1303 had
1098 1243 1171 1303 been
1198 1246 1232 1306 ill
1248 1248 1298 1308 for
1321 1247 1444 1307 several
1464 1255 1555 1315 days.

213 1276 248 1336 By
269 1276 313 1336 the
334 1279 422 1339 United
447 1282 531 1342 Press.

248 1318 411 1378 VIENNA,
421 1322 491 1382 Oct.
505 1325 699 1385 21.—Arthur
713 1330 854 1390 Schnitz¬

978 1319 1041 1379 Dr.
1054 1324 1231 1384 Schnitzler
1255 1327 1315 1387 was
1339 1330 1366 1390 69
1387 1330 1477 1390 years
1501 1335 1541 1395 old
1565 1337 1620 1397 and

207 1355 265 1415 ler,
282 1357 424 1417 Austrian
449 1361 653 1421 playwright,
671 1366 729 1426 died
758 1369 787 1429 at
809 1369 854 1429 his

948 1358 1014 1418 was
1040 1360 1106 1420 best
1133 1365 1243 1425 known
1273 1366 1299 1426 in
1333 1369 1473 1429 America
1503 1372 1551 1432 for
1577 1375 1624 1435 his

206 1392 294 1452 home
329 1396 416 1456 today
451 1397 485 1457 of
512 1399 604 1459 heart
635 1404 769 1464 disease.
812 1403 853 1463 He

949 1399 1014 1459 play
1047 1393 1128 1453 “The
1157 1403 1279 1463 Affairs
1305 1404 1337 1464 of
1362 1406 1501 1466 Anatol.”
1550 1412 1627 1472 This

204 1428 263 1488 had
291 1431 359 1491 been
387 1434 423 1494 ill
442 1432 560 1492 several
579 1440 670 1500 days.

944 1432 1005 1492 was
1028 1435 1104 1495 first
1124 1438 1277 1498 produced
1304 1441 1373 1501 with
1400 1445 1476 1505 John
1507 1448 1621 1508 Barry-

944 1472 1027 1532 more
1050 1473 1083 1533 as
1101 1475 1149 1535 the
1171 1476 1237 1536 star
1256 1478 1277 1538 in
1304 1479 1366 1539 1912
1388 1481 1443 1541 and
1465 1485 1608 1545 achieved

238 1492 298 1552 Dr.
327 1497 443 1557 Arthur
480 1501 670 1561 Schnitzler,
699 1505 848 1565 Viennese

945 1509 1036 1569 great
1059 1515 1253 1575 popularity.
1272 1515 1301 1575 It
1323 1515 1385 1575 was
1408 1522 1616 1582 subsequent¬

204 1530 322 1590 wirter,
346 1533 409 1593 who
441 1534 468 1594 to
500 1539 637 1599 America
669 1542 850 1602 epitomized

948 1545 967 1605 ly
1001 1546 1077 1606 done
1112 1550 1138 1610 in
1173 1551 1222 1611 the
1253 1551 1375 1611 movies
1406 1554 1436 1614 by
1471 1560 1520 1620 the
1555 1562 1615 1622 late

203 1566 252 1626 the
278 1569 369 1629 spirit
386 1570 419 1630 of
440 1574 511 1634 that
532 1575 586 1635 gay
607 1578 727 1638 capital
745 1578 777 1638 of
799 1582 844 1642 the

949 1584 1077 1644 Wallace
1111 1588 1206 1648 Reid,
1233 1590 1291 1650 and
1325 1592 1387 1652 was
1417 1595 1538 1655 revived
1576 1599 1608 1659 on

196 1604 287 1664 years
310 1605 408 1665 before
431 1607 480 1667 thę
500 1610 572 1670 war,
583 1612 640 1672 was
659 1615 723 1675 best
739 1619 841 1679 known

942 1620 989 1680 the
1015 1623 1188 1683 Broadway
1211 1627 1298 1687 stage
1321 1628 1383 1688 last
1402 1631 1508 1691 season
1538 1634 1608 1694 with

202 1640 221 1700 in
249 1643 312 1703 this
336 1645 462 1705 country
486 1646 529 1706 for
549 1649 596 1709 his
620 1655 765 1715 “Anatol”
789 1656 844 1716 and

940 1657 1055 1717 Joseph
1093 1664 1304 1724 Schildkraut
1335 1667 1362 1727 in
1405 1669 1454 1729 the
1489 1674 1611 1734 leading

208 1679 407 1739 “Casanova's
426 1686 667 1746 Homecoming.

938 1694 1028 1754 role.

235 1715 287 1775 His
316 1718 451 1778 "Affairs
475 1721 507 1781 of
532 1726 667 1786 Anatol"
692 1727 753 1787 was
778 1730 846 1790 first

969 1734 1028 1794 Dr.
1044 1736 1218 1796 Schnitzler
1238 1739 1356 1799 started
1381 1742 1432 1802 life
1452 1744 1483 1804 as
1504 1747 1515 1807 a
1539 1747 1614 1807 phy¬

196 1752 358 1812 portrayed
398 1757 421 1817 in
461 1757 524 1817 New
572 1761 650 1821 York
690 1765 726 1825 by
761 1769 840 1829 John

936 1771 1032 1831 sician
1063 1772 1118 1832 and
1149 1775 1241 1835 never
1269 1781 1451 1841 completely
1483 1786 1606 1846 forsook

196 1790 382 1850 Barrymore
407 1795 430 1855 in
467 1798 548 1858 1912,
569 1802 727 1862 achieving
760 1805 844 1865 great

936 1808 987 1868 the
1028 1811 1200 1871 profession
1245 1816 1362 1876 despite
1403 1819 1447 1879 his
1484 1822 1609 1882 prolific

196 1828 389 1888 popularity.
453 1834 682 1894 Subsequently
726 1839 749 1899 it
789 1841 848 1901 was

933 1843 1061 1903 literary
1101 1848 1161 1908 and
1204 1854 1358 1914 dramatic
1401 1859 1501 1919 work.
1555 1860 1615 1920 His

195 1863 270 1923 done
294 1864 316 1924 in
343 1867 392 1927 the
415 1870 525 1930 movies
549 1871 579 1931 by
606 1874 734 1934 Wallace
758 1877 829 1937 Reid

934 1882 1019 1942 plays
1044 1885 1123 1945 were
1148 1888 1326 1948 considered
1355 1894 1462 1954 daring
1490 1898 1522 1958 on
1554 1900 1604 1960 the

230 1900 304 1960 Born
334 1903 359 1963 in
389 1907 501 1967 Vienna
527 1909 681 1969 February
707 1915 752 1975 15,
769 1917 848 1977 1862,

931 1921 1058 1981 English
1092 1923 1148 1983 and
1178 1927 1343 1987 American
1373 1932 1462 1992 stage

192 1939 368 1999 Schnitzler
396 1945 514 2005 studied
545 1948 698 2008 medicine
726 1951 761 2011 at
789 1953 835 2013 the

955 1957 1082 2017 Besides
1117 1963 1282 2023 “Anatol,"
1321 1965 1410 2025 other
1441 1969 1529 2029 plays
1556 1972 1606 2032 in¬

191 1976 368 2036 University
404 1980 439 2040 of
475 1984 589 2044 Vienna
629 1987 687 2047 and
731 1988 790 2048 was
825 1992 837 2052 a

933 1995 1035 2055 cluded
1079 1999 1263 2059 “Leibelei,"
1311 2004 1496 2064 “Freiwild"
1540 2009 1598 2069 and

189 2014 355 2074 practicing
388 2019 547 2079 physician
580 2024 604 2084 in
641 2024 690 2084 the
723 2027 840 2087 capital

934 2032 1103 2092 “Reigen."
1158 2035 1189 2095 In
1230 2037 1386 2097 Germany
1426 2043 1473 2103 his
1509 2044 1607 2104 “Pro¬

189 2046 233 2106 for
262 2049 318 2109 five
347 2053 435 2113 years
460 2056 541 2116 after
566 2060 614 2120 his
639 2063 841 2123 graduation.

925 2070 1031 2130 fessor
1053 2071 1245 2131 Bernardhi"
1277 2076 1337 2136 was
1359 2079 1466 2139 barred
1491 2081 1523 2141 by
1548 2082 1597 2142 the

185 2085 228 2145 He
268 2088 362 2148 never
402 2096 583 2156 completely
624 2100 741 2160 forsook
785 2105 836 2165 the

930 2106 1054 2166 censor.
1097 2111 1318 2171 "Casanova's
1347 2118 1572 2178 Homecoming

188 2124 380 2184 profession,
397 2130 510 2190 despite
535 2133 581 2193 his
606 2137 727 2197 prolific
753 2140 836 2200 liter¬

924 2143 979 2203 and
1011 2148 1176 2208 “Fraulein
1204 2151 1290 2211 Else"
1322 2152 1396 2212 were
1420 2157 1506 2217 other
1530 2160 1601 2220 well

187 2163 235 2223 ary
264 2165 321 2225 and
350 2169 505 2229 dramatic
530 2172 627 2232 work.

924 2184 1032 2244 known
1062 2187 1167 2247 works
1189 2189 1221 2249 of
1240 2190 1305 2250 his.

220 2202 280 2262 Dr.
311 2205 489 2265 Schnitzler
524 2209 593 2269 even
637 2214 745 2274 during
785 2216 836 2276 the

188 2236 272 2296 years
309 2237 341 2297 of
378 2241 426 2301 his
463 2243 585 2303 literary
626 2249 727 2309 labors
764 2252 828 2312 held

184 2274 352 2334 numerous
375 2279 523 2339 positions
543 2282 573 2342 of
596 2284 676 2344 trust
695 2287 752 2347 and
776 2289 832 2349 im¬

182 2312 327 2372 portance
358 2314 381 2374 in
416 2315 538 2375 various
565 2321 734 2381 hospitals.
788 2326 829 2386 He

181 2350 283 2410 might
304 2351 378 2411 have
403 2351 469 2411 been
497 2353 529 2413 as
553 2360 778 2420 distinguished
802 2365 825 2425 in

183 2385 232 2445 the
258 2387 392 2447 medical
413 2390 500 2450 field,
518 2390 542 2450 it
564 2392 622 2452 was
647 2396 726 2456 often
756 2402 835 2462 said,

178 2420 213 2480 as
245 2423 268 2483 in
301 2426 481 2486 literature,
506 2428 560 2488 had
592 2429 631 2489 he
659 2434 765 2494 chosen
801 2439 828 2499 to

179 2458 284 2518 devote
312 2461 361 2521 his
381 2463 434 2523 life
458 2461 486 2521 to
511 2466 559 2526 the
588 2470 685 2530 work.

216 2497 333 2557 Among
362 2500 410 2560 his
434 2500 520 2560 plays
548 2503 621 2563 were
654 2510 815 2570 “Liebelei,

186 2532 371 2592 "Freiwild."

406 2537 553 2597 “Reigen"
600 2542 659 2602 and
710 2547 827 2607 “Frau¬

180 2569 232 2629 lein
273 2572 370 2632 Else."

428 2575 483 2635 His
516 2577 694 2637 “Professor
727 2585 826 2645 Bern¬

175 2607 283 2667 hardi"
312 2609 368 2669 was
393 2614 498 2674 barred
523 2614 559 2674 by
583 2615 636 2675 the
660 2620 769 2680 censor
794 2622 818 2682 in

179 2646 358 2706 Germany.

405 2647 464 2707 His
494 2652 646 2712 "Reigen"
680 2656 739 2716 was
769 2659 819 2719 the

174 2682 295 2742 subject
316 2683 346 2743 of
367 2685 460 2745 angry
488 2688 594 2748 debate
618 2693 641 2753 in
669 2695 719 2755 the
743 2697 821 2757 Aus¬

175 2712 253 2772 ian
282 2716 482 2776 Parliamant

969 3014 1194 3074 EXTRACT
1224 3017 1336 3077 FRON

797 3124 1056 3184 Grslel
1110 3133 1326 3193 drien

740 3261 843 3321 Date

1191 3263 1277 3323 22

772 3400 1299 3460 DOCTOR-NOVELISTS
1344 3397 1549 3457 DEATH.

808 3447 874 3507 The
914 3446 1004 3506 death
1060 3444 1083 3504 is
1122 3445 1306 3505 announced
1362 3440 1444 3500 (says
1483 3439 1534 3499 the

777 3482 910 3542 Central
934 3482 1043 3542 News)
1067 3479 1102 3539 of
1138 3479 1317 3539 Schnitzler
1365 3476 1415 3536 the
1459 3473 1541 3533 well¬

776 3518 882 3578 known
909 3518 1052 3578 Austrian
1079 3515 1223 3575 novelist.
1257 3512 1378 3572 Arthur
1398 3511 1541 3571 Schnitz¬

777 3552 835 3612 ler,
848 3551 914 3611 who
942 3551 1000 3611 was
1028 3551 1094 3611 born
1122 3550 1149 3610 in
1181 3548 1298 3608 Vienna
1322 3548 1345 3608 in
1381 3545 1462 3605 1862,
1479 3545 1537 3605 was

776 3590 827 3650 the
854 3587 905 3647 son
932 3587 967 3647 of
991 3587 1131 3647 Johannt
1155 3584 1346 3644 Schnitzler,
1362 3582 1412 3642 the
1436 3581 1541 3641 laryn¬

779 3624 920 3684 gologist,
956 3622 1012 3682 and
1061 3621 1190 3681 himself
1231 3619 1295 3679 took
1344 3617 1360 3677 a
1405 3617 1538 3677 medical

777 3659 902 3719 degree,
930 3656 977 3716 for
1008 3656 1090 3716 some
1122 3655 1196 3715 time
1236 3653 1404 3713 practising
1447 3652 1478 3712 as
1522 3651 1533 3711 a

778 3694 952 3754 physician.
985 3691 1042 3751 His
1071 3691 1144 3751 first
1173 3688 1246 3748 book
1283 3688 1344 3748 was
1397 3686 1527 3746 Anatol,

778 3730 785 3790 a
816 3727 911 3787 series
935 3727 968 3787 of
992 3727 1148 3787 dramatic
1171 3724 1320 3784 sketches
1343 3721 1377 3781 of
1397 3723 1408 3783 a
1439 3722 1533 3782 young

781 3763 895 3823 Vienna
925 3762 1008 3822 girl's
1043 3760 1107 3820 love
1149 3757 1354 3817 adventures.
1415 3756 1445 3816 It
1483 3754 1540 3814 was

779 3799 936 3859 published
970 3796 995 3856 in
1028 3794 1111 3854 1893,
1128 3795 1186 3855 and
1220 3793 1278 3853 was
1303 3793 1473 3853 translated
1503 3792 1536 3852 by

778 3833 842 3893 Mr.
863 3832 1021 3892 Granville
1050 3829 1164 3889 Barker
1193 3829 1217 3889 in
1246 3829 1327 3889 1908.

817 3868 856 3928 He
889 3868 982 3928 wrote
1018 3866 1151 3926 polished
1192 3864 1276 3924 verse
1309 3864 1365 3924 and
1402 3862 1539 3922 brilliant

784 3905 884 3965 plays,
905 3903 961 3963 but
986 3900 1014 3960 is
1039 3900 1107 3960 best
1136 3899 1241 3959 known
1278 3897 1302 3957 in
1335 3897 1472 3957 England
1504 3895 1540 3955 by

776 3939 827 3999 his
862 3937 967 3997 novels
1011 3933 1042 3993 of
1077 3934 1226 3994 Viennese
1265 3933 1335 3993 life,
1367 3932 1460 3992 which
1500 3929 1539 3989 he

783 3975 923 4035 depicted
956 3972 1024 4032 with
1065 3972 1076 4032 a
1109 3970 1262 4030 lightness
1294 3969 1326 4029 of
1359 3969 1447 4029 touch
1480 3969 1540 4029 and

773 4011 918 4071 humour
941 4011 1014 4071 that
1041 4011 1091 4071 are
1119 4006 1309 4066 mniitable.

1895 1715 1978 1775 The
2020 1729 2186 1789 Ameri

1886 1780 1970 1840 New
2021 1787 2136 1847 lork
2187 1799 2277 1859 NY

1848 2061 2061 2121 STORY
2106 2064 2277 2124 ENDS

1742 3280 2060 3340 CURTAIN—
2101 3286 2170 3346 Dr.
2194 3288 2338 3348 Arthur

1740 3330 1971 3390 Schnitzler,
2021 3332 2188 3392 eminent
2243 3338 2341 3398 Aus¬

1706 3379 1830 3439 Atrian
1880 3387 2080 3447 dramatist
2118 3390 2188 3450 and
2238 3393 2345 3453 poet,

1742 3429 1815 3489 who
1853 3434 1932 3494 died
1970 3437 2007 3497 of
2039 3441 2219 3501 apoplexy
2257 3442 2341 3502 yes-

1734 3483 1863 3543 terday
1894 3487 1923 3547 in
1964 3491 2122 3551 Vienna.

2431 2111 3067 2171 DNSURMTTLLER,

2477 2272 2791 2332 SIHUI,
2835 2274 2979 2334 DER

2458 2362 2625 2422 VIENNA,
2645 2366 2722 2426 Oct.
2736 2367 2767 2427 21
2800 2370 3063 2430 (AP).—Arthur

2411 2410 2602 2470 Schnitzer,
2623 2414 2773 2474 eminent
2799 2417 2950 2477 Austrian
2987 2421 3064 2481 poet

2412 2456 2471 2516 and
2521 2459 2716 2519 dramatist,
2755 2461 2825 2521 died
2880 2467 2978 2527 today
3027 2470 3059 2530 of

2407 2505 2589 2565 apoplexy.
2632 2509 2678 2569 He
2720 2512 2844 2572 studied
2892 2515 3051 2575 medicine

2415 2549 2459 2609 for
2505 2554 2606 2614 many
2653 2555 2765 2615 years.
2822 2560 2873 2620 He
2919 2562 2986 2622 was
3038 2564 3048 2624 a

2406 2599 2572 2659 physician
2608 2602 2632 2662 in
2668 2602 2794 2662 several
2820 2608 2946 2668 leading
2977 2611 3052 2671 hos¬

2405 2646 2508 2706 pitals
2541 2647 2600 2707 and
2639 2650 2737 2710 never
2770 2655 2911 2715 actually
2944 2658 3052 2718 aban¬

2406 2693 2510 2753 doned
2541 2695 2593 2755 his
2625 2694 2822 2754 profession.

2446 2739 2493 2799 He
2530 2740 2595 2800 was
2626 2742 2686 2802 the
2717 2745 2842 2805 author
2874 2748 2915 2808 of
2946 2751 3041 2811 many

2406 2784 2509 2844 works
2535 2788 2697 2848 including
2732 2793 2918 2853 "Professor
2944 2796 3047 2856 Bern¬

2403 2834 2530 2894 hardi,"
2573 2835 2647 2895 "Der
2684 2838 2821 2898 Reigen"
2860 2842 2922 2902 and
2965 2842 3044 2902 "Der

2399 2881 2482 2941 Jung
2514 2880 2703 2940 Medarous.

2440 2930 2656 2990 Schnitzler's
2691 2933 2878 2993 reputation
2922 2936 2960 2996 as
2995 2938 3032 2998 an

2398 2974 2516 3034 author
2546 2975 2604 3035 was
2629 2978 2821 3038 established
2851 2981 2875 3041 in
2905 2983 2979 3043 1893
3004 2986 3038 3046 by

2399 3009 2447 3069 his
2474 3014 2549 3074 first
2571 3017 2739 3077 published
2771 3020 2912 3080 writing,
2935 3023 3040 3083 "Ana¬

2396 3047 2471 3107 tol,"
2498 3049 2506 3109 a
2533 3051 2630 3111 series
2652 3052 2683 3112 of
2705 3056 2864 3116 dramatic
2891 3059 3040 3119 sketches

2397 3088 2431 3148 of
2457 3088 2513 3148 the
2544 3088 2609 3148 love
2640 3094 2838 3154 adventures
2863 3099 2898 3159 of
2924 3100 2938 3160 a
2970 3100 3035 3160 rich

2397 3124 2498 3184 young
2532 3128 2704 3188 Viennese.

2435 3163 2464 3223 It
2490 3165 2551 3225 was
2571 3166 2596 3226 in
2627 3168 2682 3228 the
2703 3172 2789 3232 light
2810 3171 2941 3231 comedy
2972 3175 3032 3235 vein

2396 3200 2468 3260 that
2500 3202 2564 3262 was
2596 3208 2842 3268 characteristic
2875 3211 2906 3271 of
2939 3214 3034 3274 much

2390 3238 2425 3298 of
2448 3241 2500 3301 his
2527 3243 2602 3303 work
2638 3243 2695 3303 and
2726 3246 2788 3306 was
2815 3250 2969 3310 produced
3000 3251 3026 3311 in

2395 3279 2539 3339 America
2567 3281 2602 3341 as
2630 3277 2711 3337 “The
2739 3285 2865 3345 Affairs
2888 3288 2920 3348 of
2947 3288 3033 3348 Ana¬

2398 3314 2472 3374 tol."

2431 3349 2499 3409 The
2540 3354 2737 3414 playwright
2777 3359 2841 3419 and
2886 3362 3043 3422 novelist,

2395 3386 2458 3446 who
2486 3391 2549 3451 was
2573 3394 2646 3454 born
2678 3395 2700 3455 in
2733 3398 2874 3458 Vienna,
2893 3400 2961 3460 May
2989 3400 3043 3460 15,

2397 3428 2482 3488 1862,
2511 3432 2569 3492 was
2602 3433 2615 3493 a
2648 3435 2825 3495 prącticing
2862 3438 3026 3498 physiciar

2391 3466 2500 3526 before
2525 3468 2563 3528 he
2588 3470 2697 3530 turned
2727 3472 2755 3532 to
2784 3473 2904 3533 writing
2933 3476 3033 3536 abou,

2390 3504 2444 3564 the
2475 3506 2536 3566 gay
2566 3507 2627 3567 and
2658 3510 2814 3570 frivolous
2850 3513 2966 3573 Vienna
2997 3514 3016 3574 o

2385 3540 2549 3600 post-war
2574 3545 2672 3605 days.

2432 3581 2534 3641 Other
2561 3581 2654 3641 plays
2680 3584 2705 3644 in
2737 3585 2813 3645 that
2841 3587 2917 3647 style
2949 3589 3026 3649 were

2401 3620 2574 3680 Liebelei,"
2617 3622 2794 3682 "Freiwild"
2832 3626 2892 3686 and
2935 3626 3027 3686 "Rei¬

2385 3656 2460 3716 gen,
2526 3657 2579 3717 the
2632 3661 2729 3721 latter
2778 3662 2791 3722 a
2845 3664 2946 3724 series
2995 3666 3025 3726 of

2385 3694 2548 3754 dialogues
2586 3697 2763 3757 describing
2805 3703 3023 3763 Viennese

2385 3729 2518 3789 amours
2544 3732 2569 3792 in
2604 3733 2634 3793 so
2669 3736 2806 3796 detailed
2841 3736 2853 3796 a
2884 3742 3025 3802 manner

2385 3767 2460 3827 that
2487 3769 2513 3829 it
2545 3771 2607 3831 was
2634 3771 2695 3831 not
2723 3773 2904 3833 performed
2940 3778 3028 3838 until

2383 3804 2471 3864 1920,
2511 3808 2561 3868 ten
2610 3811 2703 3871 years
2749 3814 2837 3874 after
2887 3817 2911 3877 it
2956 3817 3025 3877 was

2382 3844 2530 3904 written.

2427 3882 2523 3942 Other
2554 3882 2588 3942 of
2615 3885 2665 3945 his
2696 3886 2838 3946 writings
2869 3891 3016 3951 included

2384 3918 2569 3978 "Sterben,"

2625 3924 2835 3984 "Lieutenant
2891 3927 3005 3987 Gustl,

2386 3959 2594 4019 Casanova's
2644 3966 2905 4026 Homecoming,”
2955 3968 3012 4028 and

2393 3996 2544 4056 Fraulein
2575 3999 2673 4059 Else."
