3392 4320
810 29 885 89 Wge

255 67 370 127 saniert
411 69 506 129 werde
547 69 607 129 wie
648 72 708 132 alle
748 73 879 133 anderen
925 73 1035 133 Posten
1086 75 1207 135 unserer
1248 78 1378 138 Bilanz.

254 115 485 175 Fusionspläne
515 115 569 175 mit
589 118 716 178 anderen
741 121 1194 181 Verkehrsunternehmungen
1229 124 1366 184 bedürfen

238 160 321 220 wohl
350 161 400 221 der
429 163 607 223 genauesten
642 166 894 226 Untersuchung.
923 168 989 228 Dr.
1013 170 1248 230 Weidenhoffer
1277 171 1365 231 schloß

250 204 306 264 mit
333 207 384 267 dem
426 207 587 267 Ausdruck
624 210 675 270 des
707 213 905 273 Vertrauens
942 213 967 273 in
999 216 1108 276 unsere
1134 218 1378 278 wirtschaftliche

244 246 1281 306 Sanhlaftohaitsn......

314 339 890 399 Schnitzler's
958 336 1188 396 Death

496 398 728 458 Hoo-...e,
758 401 806 461 ..
849 401 953 461 An
1034 403 1081 463 dn
1127 404 1211 464 ain
1255 404 1365 464 Aese-

251 438 411 498 flüssigen,
431 440 482 500 der
502 441 655 501 Ordnung
681 445 706 505 in
740 446 784 506 der
810 446 996 506 öffentlichen
1028 448 1086 508 und
1112 449 1247 509 privaten
1273 448 1375 508 Wirt¬

250 484 357 544 schaft.
374 487 453 547 Auch
488 489 532 549 die
561 491 680 551 Wunde
709 494 760 554 der
788 494 1042 554 Credit=Anstalt
1072 497 1150 557 kann
1185 499 1241 559 nur
1270 500 1360 560 heilen

244 531 295 591 bei
324 534 488 594 äußerster
517 536 692 596 Reduktion
744 539 800 599 der
829 542 971 602 Spesen,
1011 542 1061 602 bei
1090 545 1277 605 Anpassung

250 580 354 640 ganzen
394 580 560 640 Rahmens
594 582 633 642 an
672 585 716 645 die
750 586 999 646 gegenwärtigen
1039 589 1272 649 Verhältnisse.
1301 590 1372 650 Wir

245 626 369 686 müßten
398 628 459 688 jetzt
488 628 533 688 den
568 630 686 690 Beweis
715 631 839 691 liefern,
862 634 884 694 so
913 634 1002 694 schloß
1037 634 1105 694 Dr.
1122 637 1370 697 Weidenhoffer,

246 671 295 731 daß
345 675 395 735 ein
446 676 701 736 demokratisches
752 679 968 739 Staatswesen
1018 682 1174 742 imstande
1224 685 1273 745 ist,

239 718 428 778 erhaltenden
466 724 580 784 Kräfte
608 724 634 784 zu
673 724 813 784 entfalten
852 724 906 784 und
944 725 987 785 die
1015 728 1210 788 Demagogie
1243 730 1361 790 zurück¬

241 766 439 826 zudpängen.
463 769 536 829 Das
566 769 605 829 ist
634 771 701 831 auch
731 772 776 832 die
805 772 986 832 Gesinnung
1021 774 1072 834 des
1101 777 1226 837 größten
1266 777 1362 837 Teiles

245 810 290 870 der
319 814 567 874 österreichischen
602 817 839 877 Bevölkerung.
862 818 935 878 Wir
964 819 1065 879 hätten
1100 822 1280 882 gewünscht,
1303 824 1359 884 daß

243 860 503 920 Finanzminister
532 861 594 921 Dr.
617 864 850 924 Weidenhoffer
879 866 935 926 das
970 867 1083 927 Thema
1117 870 1361 930 Verwaltungs¬

242 904 334 964 reform
378 908 523 968 vielleicht
545 909 642 969 etwas
670 912 837 972 konkreter
865 912 1027 972 behandelt
1049 915 1151 975 hätte,
1174 916 1227 976 wir
1255 916 1352 976 hätten

239 951 389 1011 vielleicht
413 954 453 1014 ein
488 956 661 1016 Programm
708 959 830 1019 ersehnt
854 960 929 1020 über
958 960 1004 1020 den
1039 960 1155 1020 Schutz
1184 960 1236 1020 des
1278 962 1363 1022 Kon¬

239 998 412 1058 sumenten,
434 1000 504 1060 über
538 1001 580 1061 die
608 1003 776 1063 Befreiung
803 1005 857 1065 von
890 1005 1074 1065 würgenden
1107 1007 1253 1067 Abgaben
1302 1009 1356 1069 und

240 1044 311 1104 über
345 1044 383 1104 ein
423 1048 816 1108 Wirtschaftserneuerung
861 1051 894 1111 im
950 1053 1110 1113 breitesten
1155 1055 1260 1115 Sinne
1305 1056 1355 1116 des

237 1091 386 1151 Wortes.
404 1094 502 1154 Heute
526 1096 635 1156 müssen
665 1097 722 1157 wir
745 1098 797 1158 der
821 1100 1045 1160 Befriedigung
1075 1100 1231 1160 Ausdruck
1254 1105 1363 1165 geben,

239 1139 285 1199 daß
320 1139 366 1199 der
396 1141 534 1201 Kampf,
558 1142 604 1202 der
628 1143 685 1203 seit
709 1145 778 1205 zehn
807 1148 928 1208 Jahren
964 1149 1004 1209 ein
1033 1149 1166 1209 Regime
1207 1150 1259 1210 der
1294 1150 1357 1210 Ei¬

237 1187 403 1247 sparungen
440 1190 600 1250 bezweckt,
619 1192 730 1252 endlich
761 1195 890 1255 Erfolge
916 1198 1032 1258 zeitigt.
1058 1198 1162 1258 Spät,
1181 1198 1353 1258 hoffentlidh

232 1234 312 1294 nicht
341 1234 367 1294 zu
401 1237 489 1297 spät.

318 1345 421 1405 Dr.
454 1345 589 1405 Juch
644 1345 778 1405 über
832 1348 988 1408 seine
1031 1352 1271 1412 Pariser

539 1422 1059 1482 Verhandlungen.

417 1481 614 1541 Telegramm
665 1482 800 1542 unseres
831 1487 1165 1547 Korrespondenten.

955 1542 1095 1602 Paris,
1121 1542 1166 1602 21.
1192 1542 1326 1602 Oktober.

322 1584 388 1644 Der
423 1587 543 1647 frühere
578 1590 807 1650 österreichische
841 1593 1103 1653 Finanzminister
1138 1598 1211 1658 Dr.
1232 1596 1353 1656 Juch,

232 1626 283 1686 der
307 1630 370 1690 nach
400 1631 480 1691 einem
521 1634 665 1694 längeren
695 1634 886 1694 Aufenthalt
910 1637 932 1697 in
962 1640 1106 1700 Paris
1135 1642 1222 1702 heute
1246 1640 1355 1700 wieder

227 1676 324 1736 nach
350 1679 688 1739 Wienabreist,
707 1682 756 1742 hat
775 1684 915 1744 folgende
941 1687 1125 1747 Erklärung
1151 1688 1353 1748 abgegeben:

324 1723 452 1783 „Meine
483 1723 575 1783 Reise
613 1724 680 1784 nach
711 1728 902 1788 Frankreich
945 1731 1006 1791 hat
1050 1732 1105 1792 mir
1149 1732 1357 1792 Gelegenheit

231 1769 373 1829 gegeben,
400 1772 426 1832 in
466 1772 531 1832 eine
558 1774 701 1834 nützliche
728 1778 1127 1838 Fühlungnahme
1161 1780 1245 1840 mit
1272 1778 1343 1838 den

228 1817 574 1877 maßgebenden
634 1819 787 1879 Bank=
828 1822 914 1882 und
962 1828 1348 1888 Finanzkreisen

230 1914 343 1974 Talent
368 1918 398 1978 zu
429 1918 549 1978 haben.
568 1920 646 1980 Sein
677 1921 766 1981 erstes
798 1922 888 1982 Stück
943 1923 1014 1983 Das
1051 1924 1220 1984 Märchen"
1251 1926 1353 1986 wurde

230 1960 266 2020 am
303 1962 474 2022 Deutschen
506 1964 732 2024 Volkstheater
763 1968 848 2028 unter
879 1968 1044 2028 Gelächter
1069 1970 1246 2030 abgelehnt.
1272 1971 1344 2031 Man

231 2005 307 2065 ahnt
336 2009 445 2069 kaum,
473 2010 539 2070 man
572 2011 638 2071 muß
671 2011 726 2071 das
754 2014 864 2074 immer
892 2014 947 2074 und
980 2017 1090 2077 immer
1118 2017 1233 2077 wieder
1256 2017 1354 2077 erlebt

231 2052 340 2112 hahen,
364 2054 433 2114 was
462 2053 514 2113 für
538 2056 665 2116 dreisten
700 2058 838 2118 Unsinn,
862 2060 925 2120 was
955 2059 1007 2119 für
1030 2063 1226 2123 anmaßende
1250 2064 1353 2124 Ober¬

231 2100 429 2160 flächlichkeit
460 2100 508 2160 die
545 2101 634 2161 Leute
671 2103 695 2163 in
732 2106 936 2166 Bereitschaft
967 2106 1081 2166 haben,
1112 2109 1196 2169 wenn
1233 2111 1268 2171 sie
1305 2109 1347 2169 ein

227 2146 334 2206 großes
371 2148 490 2208 Talent
528 2150 606 2210 nicht
642 2152 793 2212 begreifen
836 2154 889 2214 und
932 2155 1009 2215 nicht
1040 2158 1191 2218 begreifen
1227 2157 1353 2217 wollen.

326 2208 405 2268 Aber
439 2211 564 2271 Arthur
598 2217 764 2277 Schnitzler
804 2215 910 2275 zwang
957 2220 1149 2280 Unzählige,
1183 2220 1282 2280 zuerst
1316 2220 1342 2280 in

225 2255 455 2315 Deutschland,
473 2258 547 2318 dann
583 2260 605 2320 in
640 2261 686 2321 der
716 2261 819 2321 ganzen
854 2263 1062 2323 Kulturwelt,
1080 2265 1114 2325 an
1150 2267 1224 2327 seine
1248 2264 1351 2324 dichte¬

220 2299 309 2359 rische
340 2303 586 2363 Erdensendung
623 2306 652 2366 zu
689 2308 845 2368 glauben,
876 2309 971 2369 seinen
1008 2311 1098 2371 Geist
1123 2312 1152 2372 zu
1189 2312 1351 2372 verehren,

228 2345 276 2405 sein
308 2348 530 2408 Menschentum
574 2354 598 2414 zu
629 2351 747 2411 lieben.
766 2354 802 2414 In
834 2354 914 2414 jener
939 2355 1043 2415 fernen
1075 2358 1161 2418 Zeit,
1181 2358 1229 2418 als
1261 2358 1346 2418 „Das

223 2391 366 2451 Märchen
419 2393 470 2453 vom
517 2397 713 2457 grinsenden,
736 2399 926 2459 feindseligen
962 2402 1151 2462 Widerstand
1181 2405 1348 2465 weggefegt

226 2438 345 2498 wurde,
377 2440 484 2500 schrieb
533 2443 654 2503 Arthur
697 2443 872 2503 Schnitzler
915 2447 1016 2507 Szene
1060 2449 1107 2509 für
1150 2449 1253 2509 Szene
1296 2449 1349 2509 des

229 2488 384 2548 „Anatol"
419 2488 470 2548 und
505 2489 551 2549 las
580 2489 654 2549 diese
678 2492 862 2552 blendenden
892 2494 1029 2554 Dialoge
1053 2495 1150 2555 Szene
1180 2495 1225 2555 für
1254 2497 1346 2557 Szene

216 2529 289 2589 vor.
318 2533 585 2593 Hofmannsthal,
614 2537 681 2597 halb
721 2537 789 2597 noch
824 2541 868 2601 ein
903 2541 1033 2601 Knabe,
1062 2542 1123 2602 war
1152 2542 1277 2602 damals
1317 2542 1339 2602 in

224 2579 342 2639 unseren
377 2580 466 2640 Kreis
495 2584 641 2644 getreten,
659 2584 743 2644 hatte
761 2584 817 2644 mit
840 2587 891 2647 der
908 2588 1116 2648 anfeuernden
1145 2588 1348 2648 Ueberlegen¬

219 2620 286 2680 heit
326 2624 410 2684 eines
450 2627 653 2687 bedeutenden
699 2629 840 2689 Mannes
886 2632 1054 2692 Schnitzler
1100 2634 1342 2694 Bewunderung

219 2669 437 2729 dargebracht,
461 2673 547 2733 hatte
576 2675 623 2735 ihn
664 2674 721 2734 mit
750 2676 801 2736 dem
848 2676 1096 2736 Enthusiasmus
1138 2679 1183 2739 der
1218 2679 1339 2739 Jugend

219 2715 394 2775 ermuntert
423 2718 477 2778 und
517 2719 599 2779 hatte
633 2721 709 2781 dann
743 2722 798 2782 zur
826 2724 1052 2784 Buchausgabe
1086 2726 1140 2786 des
1180 2727 1323 2787 „Anatol

220 2758 302 2818 jenen
333 2762 451 2822 Prolog
481 2766 687 2826 geschrieben,
706 2769 758 2829 der
777 2771 882 2831 ebenso
913 2772 1054 2832 berühmt
1079 2772 1185 2832 wurde
1209 2775 1267 2835 wie
1298 2775 1344 2835 der

220 2808 340 2868 Anatol
365 2808 419 2868 und
456 2810 510 2870 das
535 2811 607 2871 süße
633 2812 759 2872 Mädel.

317 2864 373 2924 Ein
400 2867 495 2927 neuer
522 2869 623 2929 Klang
663 2868 719 2928 kam
778 2869 835 2929 mit
868 2872 964 2932 dieser
990 2875 1195 2935 Dialogreihe
1227 2874 1252 2934 in
1298 2874 1342 2934 die

226 2913 381 2973 Literatur
405 2915 485 2975 jener
515 2916 595 2976 Zeit.
613 2917 687 2977 Eine
711 2916 803 2976 Saite
827 2917 930 2977 wurde
954 2921 1143 2981 angerührt,
1161 2921 1241 2981 deren
1271 2920 1334 2980 Ton

224 2961 301 3021 jedes
326 2963 404 3023 Herz
428 2963 694 3023 unwiderstehlich
718 2963 778 3023 mit
804 2966 978 3026 Rührung,
996 2969 1056 3029 mit
1076 2969 1268 3029 Entzücken,
1286 2968 1346 3028 mit

224 3006 275 3066 dem
315 3009 433 3069 Gefühl
468 3009 518 3069 der
548 3011 734 3071 Lebenslust
769 3012 825 3072 und
866 3013 927 3073 mit
962 3015 1222 3075 melancholischer
1245 3013 1346 3073 Nach¬

223 3055 420 3115 denklichkeit
449 3058 658 3118 durchdrang.
682 3058 840 3118 „Anatol"
874 3061 930 3121 und
965 3061 1140 3121 „Liebelei"
1169 3064 1332 3124 bewirkten

224 3100 263 3160 ein
298 3103 495 3163 Aufleuchten
530 3104 580 3164 der
610 3106 733 3166 Wiener
762 3105 841 3165 Art,
864 3108 914 3168 der
943 3109 1152 3169 wienerischen
1187 3109 1350 3169 Szenerie,

221 3148 266 3208 der
289 3151 419 3211 Wiener
454 3152 625 3212 Mädchen,
654 3154 772 3214 Frauen
819 3153 875 3213 und
915 3156 1074 3216 Männer,
1109 3157 1148 3217 ein
1195 3157 1217 3217 so
1246 3157 1336 3217 helles

219 3196 437 3256 Aufleuchten,
467 3198 527 3258 daß
563 3199 615 3259 der
645 3199 852 3259 Widerschein
888 3201 988 3261 davon
1042 3205 1095 3265 sich
1143 3205 1219 3265 über
1267 3207 1343 3267 ganz

223 3244 344 3304 Europa
372 3247 565 3307 verbreitete.
588 3248 720 3308 Damals
754 3250 859 3310 mußte
882 3250 970 3310 gegen
998 3252 1203 3312 vergötterten
1231 3252 1347 3312 Kitsch,

224 3297 307 3357 gegen
344 3292 603 3352 Verlogenheiten
633 3294 657 3354 in
694 3297 886 3357 Goldschnitt
912 3299 1079 3359 gekämpft
1104 3300 1243 3360 werden.
1268 3300 1333 3360 Und

219 3337 282 3397 man
312 3338 456 3398 kämpfte
480 3341 502 3401 in
538 3340 589 3400 dem
631 3342 845 3402 Bewußtsein,
869 3345 914 3405 für
938 3345 996 3405 das
1019 3346 1111 3406 Echte
1135 3346 1227 3406 wider
1257 3344 1332 3404 alles

227 3385 344 3445 Falsche
381 3387 586 3447 einzustehen.
622 3390 774 3450 Direktor
799 3390 981 3450 Burckhard
1023 3393 1110 3453 hatte
1146 3393 1334 3453 Schnitzlers

219 3433 395 3493 „Liebelei"
419 3435 640 3495 angenommen
674 3435 734 3495 und
762 3435 807 3495 die
830 3438 1034 3498 Aufführung
1063 3438 1090 3498 im
1129 3441 1340 3501 Burgtheater

220 3477 407 3537 oeschlossen.
430 3479 513 3539 Auch
542 3479 569 3539 er
608 3481 652 3541 ein
686 3482 857 3542 Kämpfer.
874 3485 1035 3545 Während
1069 3487 1207 3547 mancher
1235 3486 1340 3546 nächt¬

215 3525 301 3585 licher
331 3529 568 3589 Spaziergänge
603 3530 800 3590 wiederholte
836 3529 864 3589 er
905 3529 963 3589 mir
992 3531 1067 3591 seine
1091 3535 1223 3595 Sorge:
1259 3535 1333 3595 „Ich

219 3572 292 3632 kann
327 3574 383 3634 mir
413 3574 469 3634 mit
492 3575 543 3635 dem
583 3578 674 3638 Stück
703 3576 754 3636 den
788 3578 868 3638 Hals
897 3581 1067 3641 brechen!“
1096 3581 1175 3641 Aber
1205 3581 1233 3641 er
1256 3580 1329 3640 blich

216 3620 323 3680 dabei,
341 3622 517 3682 schwankte
540 3625 641 3685 keinen
677 3625 846 3685 Moment:
875 3626 960 3686 „Und
989 3628 1073 3688 wenn
1102 3626 1130 3686 's
1159 3629 1227 3689 mich
1256 3629 1334 3689 Hals

218 3665 274 3725 und
314 3668 439 3728 Kragen
479 3670 575 3730 kostet
587 3670 660 3730 ...
688 3670 745 3730 das
785 3670 875 3730 Stück
921 3671 988 3731 muß
1029 3676 1158 3736 gespielt
1188 3676 1340 3736 werden!

219 3715 348 3775 Muß!"
385 3713 432 3773 Es
468 3714 526 3774 hat
562 3717 609 3777 ihm
675 3717 757 3777 einen
811 3721 1024 3781 nachhaltigen
1066 3721 1184 3781 starken
1226 3723 1331 3783 Erfolg

221 3760 358 3820 gebracht
378 3760 437 3820 und
462 3762 541 3822 diese
565 3763 764 3823 Aufführung
789 3766 843 3826 hat
862 3766 1031 3826 Schnitzler
1056 3769 1109 3829 mit
1134 3769 1212 3829 einem
1255 3769 1333 3829 Ruck

216 3805 243 3865 in
278 3808 323 3868 die
352 3809 436 3869 Höhe
460 3810 510 3870 des
545 3811 680 3871 Ruhmes
715 3811 861 3871 geyoben.
885 3814 1009 3874 Ludwig
1038 3817 1174 3877 Speidel
1197 3817 1259 3877 war
1288 3817 1338 3877 der

218 3856 308 3916 erste,
326 3858 376 3918 der
399 3858 455 3918 das
484 3859 721 3919 neuerstandene
750 3861 879 3921 Talent,
908 3861 958 3921 der
993 3864 1037 3924 die
1072 3867 1167 3927 junge
1196 3865 1331 3925 Meister¬

217 3906 319 3966 schaft
337 3906 518 3966 Schnitzlers
551 3909 685 3969 erkannt
711 3909 765 3969 und
797 3910 980 3970 gewürdigt
1005 3915 1067 3975 hat.

1427 333 1550 393 box

1628 335 1800 395 42/5

1411 1219 1627 1279 Hochapartes
1688 1222 1926 1282 Nachmittags¬

2009 1227 2072 1287 Der
2084 1228 2193 1288 fesche
2211 1231 2373 1291 neuartige
2391 1234 2529 1294 Russen¬

1453 1258 1600 1318 Complet
1623 1258 1678 1318 aus
1706 1261 1862 1321 schworom

2009 1275 2127 1335 mantel
2149 1277 2205 1337 aus
2226 1279 2324 1339 feinem
2361 1280 2531 1340 Shetland¬

1406 1295 1446 1355 K.
1477 1297 1587 1357 Selden
1608 1297 1760 1357 -Mongol
1791 1299 1816 1359 in
1867 1302 1917 1362 den

2012 1324 2107 1384 Tuch,
2133 1325 2209 1385 gans
2235 1327 2402 1387 gefüttert,
2423 1327 2534 1387 Schaf¬

1404 1333 1573 1393 modernen
1596 1334 1705 1394 Farben
1729 1338 1820 1398 grün,
1829 1339 1920 1399 braun

2012 1371 2084 1431 woll
2120 1372 2311 1432 wattellert,
2358 1375 2523 1435 Persianer

1409 1373 1458 1433 und
1492 1372 1647 1432 schwarz,
1672 1375 1744 1435 sehr
1768 1375 1910 1435 klaidsam

1406 1410 1460 1470 und
1493 1410 1615 1470 schick,
1630 1410 1803 1470 besonders
1826 1413 1931 1473 preis¬

2128 1419 2226 1479 Imit.,
2244 1419 2399 1479 vorbrämt

1411 1448 1500 1508 wert,
1507 1449 1524 1509 in
1548 1449 1626 1509 allen
1650 1452 1763 1512 Größen
1788 1455 1930 1515 lagernd,

1557 1553 1578 1613 s
1601 1554 1741 1614 55.-

2148 1557 2359 1617 s110.-

1421 1703 1886 1763 Modenpalais
1915 1708 2133 1768 JULIUS
2191 1711 2490 1771 KRUPMIN

1651 1774 1714 1834 nur
1748 1775 1811 1835 VII.
1838 1778 2186 1838 KAISERSTRASSE
2219 1778 2295 1838 115.

1739 1836 1815 1896 Das
1844 1840 2032 1900 führende
2068 1840 2193 1900 Haus.

1501 1930 1620 1990 Später
1639 1934 1711 1994 ging
1736 1933 1766 1993 es
1790 1935 1911 1995 Arthur
1936 1936 2098 1996 Schnitzler
2123 1937 2177 1997 mit
2202 1939 2394 1999 Burckhards
2419 1939 2521 1999 Nach¬

1407 1974 1502 2034 folger
1527 1978 1659 2038 weniger
1690 1978 1762 2038 gut.
1781 1981 1979 2041 Schlenther,
2004 1982 2051 2042 der
2076 1985 2268 2045 Ostpreuße,
2293 1985 2341 2045 der
2372 1986 2516 2046 aufrechte

1405 2022 1545 2082 Berliner
1580 2025 1732 2085 Kritiker,
1761 2025 1812 2085 der
1841 2028 2055 2088 Vorkämpfer
2090 2028 2140 2088 für
2169 2031 2254 2091 Ibsen
2300 2031 2350 2091 und
2390 2031 2525 2091 Gerhart

1408 2070 1627 2130 Hauptmann,
1650 2073 1734 2133 hatte
1758 2073 1802 2133 als
1831 2073 1977 2133 Direktor
2000 2073 2050 2133 des
2074 2076 2304 2136 Burgtheaters
2333 2079 2383 2139 gar
2407 2079 2508 2139 keinen

1414 2114 1506 2174 teifen
1535 2118 1668 2178 Nacken.
1686 2118 1731 2178 Er
1755 2119 1830 2179 ließ,
1848 2121 1899 2181 auf
1917 2121 1998 2181 einen
2028 2121 2119 2181 Wink
2149 2123 2201 2183 von
2224 2124 2316 2184 oben,
2334 2124 2513 2184 Schnitzlers

1402 2163 1517 2223 geniale
1550 2166 1905 2226 Revolutionskomödie
1937 2167 2021 2227 „Der
2054 2170 2149 2230 grüne
2176 2169 2329 2229 Kakadu"
2366 2170 2419 2230 aus
2452 2168 2498 2228 dem

1407 2210 1587 2270 Repertoire
1622 2211 1859 2271 verschwinden.
1882 2214 1927 2274 Er
1956 2217 2096 2277 weigerte
2131 2216 2203 2276 sich,
2227 2218 2306 2278 nicht
2335 2217 2424 2277 allein
2459 2216 2509 2276 den

1402 2256 1560 2316 „Schleier
1583 2255 1634 2315 der
1657 2258 1815 2318 Beatrice"
1844 2258 1873 2318 zu
1902 2258 2031 2318 spielen,
2049 2260 2100 2320 den
2129 2261 2157 2321 er
2180 2263 2259 2323 schon
2293 2264 2508 2324 angenommen

1401 2299 1498 2359 hatte,
1520 2303 1725 2363 Schlenther,
1748 2303 1801 2363 der
1829 2306 2007 2366 Schnurren
2051 2306 2110 2366 wie
2143 2308 2196 2368 das
2229 2309 2489 2369 „Husarenfieber

1399 2346 1470 2406 oder
1493 2350 1619 2410 holden,
1642 2351 1879 2411 überwundenen
1913 2354 2061 2414 Blödsinn
2106 2356 2160 2416 wie
2189 2355 2431 2415 „Renaissance"
2459 2354 2508 2414 ins

1405 2395 1608 2455 Burgtheater
1637 2396 1739 2456 holte,
1762 2399 1812 2459 hat
1841 2399 1892 2459 den
1932 2402 2074 2462 „Jungen
2108 2402 2329 2462 Medardus",
2352 2402 2442 2462 dieses
2477 2400 2510 2460 an

1401 2442 1594 2502 Grillparzer
1616 2443 1765 2503 reichende
1793 2443 1881 2503 Werk
1909 2444 1952 2504 ein
1981 2446 2283 2506 „liebenswürdiges
2312 2448 2504 2508 Monstrum“

1402 2488 1540 2548 genannt
1564 2488 1621 2548 und
1650 2491 1794 2551 rundweg
1823 2491 2094 2551 zurückgewiesen.
2118 2494 2187 2554 Erst
2210 2495 2319 2555 Alfred
2343 2494 2377 2554 v.
2395 2495 2510 2555 Berger

1396 2533 1519 2593 brachte
1543 2535 1599 2595 mit
1622 2536 1706 2596 einer
1735 2537 1938 2597 unvergeßlich
1973 2539 2154 2599 vollendeten
2189 2541 2386 2601 Aufführung
2420 2541 2510 2601 dieses

1396 2580 1517 2640 Drama
1558 2583 1586 2643 zu
1628 2584 1709 2644 einem
1761 2584 1895 2644 großen,
1924 2584 2115 2644 stürmischen
2157 2589 2283 2649 Erfolg.
2314 2589 2388 2649 Wie
2424 2587 2504 2647 selten

1395 2626 1519 2686 vorher,
1541 2628 1599 2688 wie
1622 2629 1697 2689 etwa
1730 2630 1788 2690 nur
1816 2629 1837 2689 in
1870 2629 1918 2689 den
1951 2631 2052 2691 Tagen
2085 2632 2295 2692 Grillparzers
2328 2633 2381 2693 und
2409 2632 2419 2692 —
2479 2633 2500 2693 in

1396 2673 1606 2733 gebührendem
1656 2673 1789 2733 Abstand
1822 2673 1833 2733 —
1894 2676 2126 2736 Bauernfelds,
2155 2679 2215 2739 war
2249 2679 2298 2739 der
2327 2679 2421 2739 tiefste
2454 2679 2509 2739 und

1402 2716 1467 2776 deste
1501 2718 1584 2778 Sinn
1624 2718 1673 2778 des
1707 2721 1940 2781 Burgtheaters
1974 2724 2095 2784 erfüllt,
2124 2724 2173 2784 als
2207 2725 2256 2785 der
2296 2727 2484 2787 „Medardus

1396 2763 1470 2823 über
1500 2764 1574 2824 diese
1604 2766 1713 2826 Bühne
1742 2768 1834 2828 ging.
1858 2767 1932 2827 Hier
1962 2769 2025 2829 war
2060 2769 2100 2829 ein
2135 2772 2296 2832 dichterisch
2331 2772 2515 2832 geformtes,

1393 2808 1431 2868 ein
1476 2811 1526 2871 vom
1577 2814 1682 2874 Glanz
1710 2814 1810 2874 echter
1839 2814 1949 2874 Poesie
1984 2816 2239 2876 umschimmertes
2278 2817 2512 2877 Oesterreicher¬

1392 2856 1475 2916 tum,
1503 2856 1563 2916 hier
1592 2857 1658 2917 war
1686 2858 1874 2918 wienerische
1908 2860 2179 2920 Vergangenheit,
2207 2864 2268 2924 war
2302 2864 2506 2924 wienerisches

1402 2901 1550 2961 Schicksal
1578 2904 1633 2964 auf
1662 2903 1711 2963 der
1739 2903 1844 2963 Szene
1872 2902 1921 2962 des
1955 2906 2182 2966 Burgtheaters
2216 2907 2370 2967 lebendig.

1485 2948 1555 3008 Wie
1585 2950 1708 3010 Arthur
1745 2951 1909 3011 Schnitzler
1945 2952 2033 3012 durch
2069 2954 2127 3014 sein
2169 2954 2351 3014 Erdenleben
2393 2955 2510 3015 schritt,

1391 2993 1564 3053 unberührt
1588 2996 1639 3056 vom
1686 2996 1766 3056 Zank
1801 2996 1847 3056 der
1876 2999 2043 3059 Parteien,
2067 2999 2176 3059 abseits
2206 3001 2344 3061 jeglicher
2373 3002 2511 3062 Politik,

1393 3039 1534 3099 innerlich
1563 3041 1643 3101 ganz
1677 3041 1762 3101 rein,
1786 3041 1870 3101 gütig
1905 3043 1961 3103 und
1996 3043 2086 3103 einzig
2121 3044 2172 3104 dem
2218 3044 2428 3104 Menschlichen
2462 3045 2513 3105 zu¬

1388 3085 1560 3145 gewendet,
1583 3085 1604 3145 so
1638 3085 1693 3145 hat
1717 3085 1744 3145 er
1772 3085 1860 3145 Werk
1895 3086 1933 3146 um
1972 3088 2067 3148 Werk
2101 3090 2284 3150 geschaffen,
2306 3091 2401 3151 fremd
2429 3091 2506 3151 jedes

1390 3127 1486 3187 davon
1525 3132 1600 3192 aller
1628 3133 1769 3193 Politik,
1791 3132 1855 3192 fern
1894 3133 2034 3193 jeglicher
2067 3136 2218 3196 niedrigen
2257 3138 2419 3198 Tendenz,
2447 3137 2505 3197 nur

1389 3175 1493 3235 erfüllt
1522 3177 1580 3237 mit
1609 3178 1870 3238 Menschlichkeit,
1894 3181 1951 3241 mit
1975 3184 2288 3244 Menschenschicksal,
2312 3183 2370 3243 und
2405 3185 2508 3245 durch¬

1395 3222 1519 3282 klungen
1557 3224 1611 3284 von
1644 3226 1725 3286 jener
1758 3226 1892 3286 Melodie
1920 3228 1969 3288 der
2002 3229 2109 3289 Seele,
2131 3231 2217 3291 deren
2251 3230 2509 3290 unermüdlicher,

1394 3268 1678 3328 unübertrefflicher
1701 3270 1803 3330 Hörer
1826 3272 1854 3332 er
1883 3271 1963 3331 war.
1980 3275 2139 3335 Professor
2163 3276 2258 3336 Freud
2293 3274 2344 3334 hat
2368 3276 2446 3336 einst
2470 3277 2503 3337 an

1389 3316 1551 3376 Schnitzler
1582 3318 1763 3378 geschrieben
1806 3318 1884 3378 (oder
1915 3321 2036 3381 gesagt,
2061 3321 2132 3381 denn
2170 3322 2205 3382 ich
2236 3324 2314 3384 weiß
2345 3322 2375 3382 in
2412 3322 2502 3382 dieser

1388 3360 1512 3420 Stunde
1553 3361 1603 3421 der
1638 3363 1763 3423 Trauer
1803 3363 1882 3423 nicht
1917 3366 1945 3426 so
1985 3366 2087 3426 genau
2127 3367 2303 3427 Bescheid),
2332 3369 2502 3429 Schnitzler

1388 3408 1461 3468 habe
1513 3409 1563 3469 als
1615 3411 1745 3471 Dichter
1802 3411 1881 3471 alles
1932 3412 1994 3472 das
2046 3414 2215 3474 gefunden,
2267 3416 2334 3476 was
2392 3415 2493 3475 Freud

1386 3451 1432 3511 als
1478 3454 1623 3514 Forscher
1664 3455 1802 3515 entdeckt
1849 3455 1906 3515 und
1947 3458 2201 3518 wissenschaftlich
2248 3458 2393 3518 besiegelt
2434 3461 2502 3521 hat.

1389 3497 1434 3557 Ob
1457 3499 1513 3559 das
1536 3500 1586 3560 nun
1615 3500 1846 3560 Theaterstücke
1863 3503 1981 3563 waren,
1999 3507 2066 3567 etwa
2095 3507 2184 3567 „Der
2202 3506 2269 3566 Ruf
2287 3506 2331 3566 des
2354 3506 2472 3566 Lebens

1391 3544 1460 3604 oder
1482 3548 1573 3608 „Das
1601 3548 1686 3608 weite
1708 3548 1837 3608 Land",
1854 3547 1923 3607 oder
1946 3550 2161 3610 Erzählungen
2194 3549 2247 3609 und
2275 3551 2420 3611 Romane
2442 3553 2495 3613 wie

1384 3594 1471 3654 „Der
1500 3593 1571 3653 Weg
1605 3593 1654 3653 ins
1683 3593 1793 3653 Freie"
1827 3593 1893 3653 oder
1926 3594 1971 3654 die
1999 3596 2170 3656 bravourös
2204 3596 2497 3656 monologisierende

1388 3636 1553 3696 Geschichte
1577 3640 1629 3700 des
1666 3641 1842 3701 „Leutnant
1872 3643 2002 3703 Gustl",
2026 3645 2078 3705 des
2115 3647 2332 3707 unglücklichen
2368 3646 2497 3706 „Fräu¬

1387 3682 1438 3742 lein
1472 3683 1579 3743 Else",
1603 3688 1710 3748 immer
1733 3688 1806 3748 tritt
1829 3688 1908 3748 einem
1954 3688 2004 3748 der
2028 3690 2277 3750 Seelenkenner,
2300 3690 2351 3750 der
2380 3691 2497 3751 Schick¬

1389 3730 1610 3790 salsgestalter,
1635 3735 1689 3795 der
1719 3736 1899 3796 wunderbar
1930 3737 2038 3797 gütige
2068 3739 2212 3799 Künstler
2243 3739 2489 3799 überwältigent

1380 3776 1548 3836 entgegen.

1475 3823 1588 3883 Arthur
1614 3826 1779 3886 Schnitzler
1805 3826 1862 3886 hat
1882 3826 1932 3886 den
1958 3829 2250 3889 Schwanengesang
2282 3829 2332 3889 des
2359 3829 2497 3889 Bürger¬

1379 3869 1458 3929 tums
1493 3872 1713 3932 angestimmt,
1737 3871 1759 3931 so
1794 3873 2026 3933 verführerisch,
2050 3875 2072 3935 so
2101 3876 2310 3936 bezaubernd,
2339 3877 2395 3937 wie
2424 3876 2486 3936 kein

1386 3918 1516 3978 anderer
1541 3921 1618 3981 Poet
1642 3921 1672 3981 im
1712 3921 1859 3981 deutschen
1891 3924 2146 3984 Sprachbereich.
2163 3925 2209 3985 Er
2233 3924 2325 3984 ahnte
2350 3924 2496 3984 vielleicht

2602 97 2646 157 ihn
2677 97 2742 157 auch
2768 100 2828 160 jetzt
2849 100 2929 160 nicht
2950 103 3106 163 verloren,
3122 105 3152 165 da
3178 106 3207 166 er
3228 106 3303 166 gesto

2601 151 2642 211 ein
2674 152 2772 212 Mund
2799 155 2980 215 verstummt
3001 159 3053 219 ist,
3074 159 3120 219 der
3147 160 3167 220 so
3194 162 3255 222 viel
3277 161 3302 221 de

2599 204 2712 264 Geistes
2740 207 2765 267 zu
2791 210 2983 270 verschenken
3010 211 3145 271 wußte;
3161 215 3218 275 nur
3244 217 3296 277 daß

2598 263 2707 323 Antlitz
2741 267 2822 327 nicht
2850 267 2937 327 mehr
2970 269 3123 329 begegnen
3151 272 3243 332 wird,
3271 273 3298 333 in

2601 321 2844 381 Ueberwindung
2872 324 3050 384 geschrieben
3078 327 3159 387 war,
3181 329 3235 389 nur
3258 328 3311 388 daß

2596 377 2652 437 und
2689 376 2781 436 dieses
2824 380 2926 440 Land,
2958 380 3061 440 ärmer
3087 383 3237 443 geworden

2595 432 2757 492 Künstler,
2784 434 2822 494 um
2876 437 2958 497 einen
2991 439 3109 499 wahren
3137 440 3250 500 Weisen

2649 627 2750 687 Der
2807 625 2918 685 Tod
2976 628 3133 688 eines
3181 631 3254 691 Un

2953 714 3010 774 Von
3035 718 3156 778 Franz
3187 719 3308 779 Werfe

2680 807 2761 867 Eine
2807 810 2895 870 eisige
2939 813 3034 873 Hand
3078 813 3135 873 hat
3180 813 3242 873 uns
3287 814 3305 874 a

2585 863 2768 923 Schnißler,
2788 867 2837 927 der
2862 867 2990 927 geliebte
3010 867 3151 927 Dichter,
3170 870 3218 930 der
3244 870 3311 930 herr

2590 917 2687 977 mehr.
2711 919 2780 979 Vor
2809 919 2861 979 dem
2908 923 2994 983 Tore
3023 922 3115 982 dieses
3150 925 3311 985 unheildro

2586 972 2615 1032 er
2658 975 2880 1035 haltgemacht.
2917 981 2964 1041 In
3007 978 3055 1038 der
3092 981 3212 1041 Stunde
3248 981 3296 1041 fas

2585 1030 2661 1090 kann
2704 1031 2781 1091 seine
2811 1031 2947 1091 Gestalt,
2977 1034 3030 1094 sein
3066 1034 3179 1094 Werk,
3203 1037 3279 1097 seine

2587 1086 2674 1146 blickt
2707 1088 2845 1148 werden.
2871 1088 2915 1148 Es
2953 1090 3022 1150 geht
3054 1093 3111 1153 mit
3143 1093 3186 1153 ihm
3238 1094 3281 1154 ein

2587 1144 2684 1204 reiner
2720 1148 2824 1208 Geist,
2846 1148 2908 1208 eine
2944 1148 3069 1208 sittliche
3105 1151 3202 1211 Kraft
3231 1150 3307 1210 hohe

2586 1201 2630 1261 die
2653 1201 2896 1261 Weltgeschichte
2926 1207 2984 1267 ein.
3007 1205 3147 1265 Zugleich
3178 1206 3243 1266 aber
3266 1204 3309 1264 von

2585 1258 2700 1318 schönen
2739 1258 2795 1318 und
2835 1259 2930 1319 lieben
2969 1261 3089 1321 Antlitz
3122 1261 3166 1321 der
3199 1262 3281 1322 letzte

2576 1312 2695 1372 lorenen
2730 1312 2871 1372 Heimat,
2895 1315 2945 1375 der
2969 1316 3116 1376 Abglanz
3139 1317 3190 1377 des
3219 1316 3298 1376 alten

2580 1368 2693 1428 Nacht.
2736 1369 2795 1429 Ein
2832 1369 2915 1429 Reich
2952 1369 3005 1429 der
3036 1372 3155 1432 Freude
3198 1371 3257 1431 und

2582 1422 2731 1482 Genusses
2768 1422 2825 1482 und
2854 1423 2911 1483 der
2940 1425 3068 1485 Schuld,
3098 1427 3140 1487 ein
3170 1425 3262 1485 Reich

2583 1480 2635 1540 des
2668 1479 2804 1539 Wissens
2838 1483 2877 1543 um
2923 1485 2981 1545 das
3014 1485 3118 1545 Ende.
3145 1482 3222 1542 Eine
3256 1483 3313 1543 wir

2584 1539 2647 1599 voll
2679 1536 2916 1596 Landschaften,
2949 1541 3115 1601 Klängen,
3141 1539 3288 1599 Werten,

2581 1593 2867 1653 unwiederholbar,
2894 1598 2974 1658 folgt
3008 1596 3088 1656 ihrem
3135 1596 3275 1656 Meister.

2580 1649 2670 1709 dieser
2699 1649 2798 1709 Stadt
2827 1651 2912 1711 sinkt
2941 1652 2997 1712 mit
3027 1652 3146 1712 Arthur
3176 1652 3309 1712 Schnitzl

2582 1706 2674 1766 seinem
2717 1706 2932 1766 unsterblichen
2968 1707 3083 1767 Werke
3112 1709 3211 1769 weiter
3240 1711 3268 1771 zu

2578 1763 2742 1823 verwaist.

2581 1941 2718 2001 damals,
2738 1944 2783 2004 zur
2810 1942 2875 2002 Zeit
2895 1940 2947 2000 des
2974 1942 3131 2002 „Anatol"
3158 1942 3217 2002 und
3243 1942 3288 2002 der

2576 1984 2617 2044 daß
2653 1987 2742 2047 dieses
2767 1986 2951 2046 Bürgertum
2987 1987 3141 2047 persinken
3172 1988 3284 2048 werde,

2573 2031 2759 2091 Dichtungen
2802 2032 2880 2092 einen
2923 2034 3205 2094 Schwanengesang
3242 2037 3290 2097 bed

2573 2076 2662 2136 dieses
2693 2080 2855 2140 vornehme
2886 2078 3061 2138 Bürgertum
3110 2080 3175 2140 auch
3206 2082 3236 2142 in
3267 2080 3284 2140 E

2566 2122 2640 2182 leben
2686 2124 2749 2184 und
2790 2124 2852 2184 alle
2887 2124 3069 2184 Menschen,
3099 2127 3190 2187 denen
3236 2127 3264 2187 er

2567 2170 2701 2230 lebendig
2734 2172 2869 2232 bleiben,
2896 2172 2966 2232 weil
2992 2173 3069 2233 über
3096 2174 3172 2234 jeden
3205 2172 3307 2232 Umsti

2573 2215 2626 2275 nur
2664 2217 2741 2277 einen
2779 2217 3081 2277 Gesellschaftsbau,
3107 2220 3155 2280 nie
3185 2220 3258 2280 aber

2570 2263 2731 2323 vernichten
2768 2262 2869 2322 kann,
2899 2265 2940 2325 die
2971 2265 3132 2325 Gestalten
3169 2266 3305 2326 Schnitzl

2573 2308 2691 2368 stalten,
2709 2310 2766 2370 wie
2795 2310 2845 2370 der
2875 2310 2953 2370 Herr
2982 2311 3033 2371 von
3068 2314 3164 2374 Sala,
3187 2314 3238 2374 wie
3267 2309 3294 2369 de

2574 2354 2702 2414 Figuren
2733 2357 2757 2417 im
2801 2357 2942 2417 „Grünen
2973 2357 3145 2417 Kakadu",
3164 2358 3225 2418 wie
3250 2359 3299 2419 der

2574 2400 2712 2460 Fräulein
2749 2402 2815 2462 Else
2846 2403 2900 2463 und
2931 2404 3022 2464 viele,
3047 2405 3124 2465 viele
3149 2407 3276 2467 andere,

2561 2445 2720 2505 Wahrsein
2756 2449 2811 2509 und
2846 2449 2908 2509 eine
2937 2450 3082 2510 Echtheit
3110 2451 3130 2511 in
3166 2452 3220 2512 sich
3249 2452 3297 2512 tra

2567 2492 2618 2552 teil
2642 2494 2779 2554 wecken.

2657 2554 2697 2614 Er
2725 2556 2779 2616 hat
2807 2559 2868 2619 eine
2896 2559 2985 2619 neue,
3012 2560 3074 2620 eine
3101 2563 3203 2623 eigene
3232 2563 3292 2623 Art

2566 2602 2744 2662 Ausdruchs
2781 2603 2810 2663 in
2846 2603 2893 2663 die
2924 2608 3084 2668 Literatur
3120 2608 3268 2668 gebracht,

2563 2645 2700 2705 heutigen
2732 2649 2801 2709 Tag
2833 2649 2870 2709 ist
2895 2649 2946 2709 der
2971 2653 3096 2713 Einfluß
3128 2652 3290 2712 Schnitzler

2564 2693 2696 2753 Büchern
2727 2696 2756 2756 zu
2800 2695 2932 2755 spüren,
2951 2696 2998 2756 die
3042 2697 3108 2757 nach
3151 2699 3241 2759 seinem

2562 2740 2852 2800 richtunggebenden
2890 2745 3106 2805 Führerschaft
3145 2748 3299 2808 entstande

2569 2785 2633 2845 steht
2664 2787 2751 2847 neben
2788 2789 2940 2849 Schubert
2970 2793 3023 2853 und
3059 2790 3182 2850 Johann
3218 2793 3294 2853 Stra

2559 2832 2588 2892 er
2618 2835 2754 2895 dasselbe
2784 2837 2962 2897 vollbracht,
2987 2837 3051 2897 was
3082 2839 3152 2899 diese
3176 2840 3300 2900 Meister

2565 2878 2744 2938 bewirkten.
2763 2880 2805 2940 Er
2837 2880 2886 2940 hat
2912 2882 2997 2942 Wien
3036 2882 3159 2942 erstehen
3191 2885 3276 2945 lassen

2555 2921 2651 2981 Welt.
2670 2927 2762 2987 Nicht
2787 2927 2835 2987 das
2866 2928 2952 2988 Wien
2983 2930 3031 2990 des
3062 2929 3245 2989 Grinzinger

2559 2969 2665 3029 Wien,
2690 2973 2748 3033 und
2784 2975 2867 3035 nicht
2891 2975 2949 3035 das
2980 2978 3068 3038 Wien
3104 2976 3157 3036 der
3187 2978 3299 3038 Raunz

2561 3017 2673 3077 herzlich
2712 3020 2926 3080 beschwingte,
2952 3023 3008 3083 das
3040 3023 3279 3083 schwermütigen

2562 3061 2641 3121 Geist
2664 3062 2721 3122 wie
2750 3064 2784 3124 an
2818 3067 2909 3127 Seele
2944 3069 3000 3129 und
3036 3067 3069 3127 an
3104 3070 3201 3130 Musik
3236 3068 3292 3128 übe

2551 3109 2670 3169 Arthur
2701 3111 2873 3171 Schnitzler
2910 3112 2958 3172 dem
3012 3115 3173 3175 Begreifen
3215 3115 3262 3175 der

2560 3156 2696 3216 war..„
2727 3160 2756 3220 im
2798 3158 2982 3218 Augenblick
3012 3160 3065 3220 und
3102 3162 3179 3222 wohl
3209 3163 3267 3223 sehr

2554 3202 2601 3262 daß
2632 3204 2661 3264 er
2686 3205 2739 3265 der
2764 3205 3015 3265 Vergangenheit
3040 3208 3202 3268 angehört,
3220 3209 3291 3269 dene

2551 3247 2645 3307 Erden
2679 3250 2841 3310 wandeln.
2869 3252 3058 3312 Gegenwart
3087 3254 3142 3314 und
3176 3257 3281 3317 Zukun

2563 3294 2645 3354 seinem
2696 3295 2779 3355 Grab
2813 3298 2918 3358 vorbei
2941 3300 3157 3360 entscheiden:
3180 3302 3207 3362 er
3241 3303 3273 3363 ist

2560 3342 2690 3402 jenigen,
2709 3342 2755 3402 die
2775 3342 2827 3402 das
2857 3343 2946 3403 Glück
2971 3346 3131 3406 genossen,
3143 3348 3190 3408 ihm
3227 3346 3297 3406 nah¬

2555 3387 2645 3447 seiner
2676 3390 2826 3450 Stimme,
2851 3392 2893 3452 die
2930 3393 3038 3453 gütige
3063 3393 3213 3453 Weisheit
3256 3394 3292 3454 sei

2557 3436 2696 3496 nehmen,
2714 3435 2760 3495 für
2790 3438 2865 3498 alle,
2889 3439 2935 3499 die
2965 3440 2993 3500 es
3023 3440 3068 3500 als
3098 3443 3191 3503 etwas
3221 3443 3295 3503 Kost

2551 3479 2604 3539 sein
2640 3480 2722 3540 edles
2758 3482 2876 3542 Antlitz
2900 3485 2929 3545 zu
2965 3484 3082 3544 schauen
3118 3485 3177 3545 und
3213 3484 3236 3544 in

2551 3528 2645 3588 seiner
2664 3530 2795 3590 Augen,
2807 3530 2866 3590 gilt
2891 3530 2943 3590 nur
2967 3530 3015 3590 der
3039 3533 3146 3593 bittere
3164 3533 3288 3593 Schmer

2640 3590 2684 3650 Es
2711 3591 2749 3651 ist
2782 3592 2853 3652 noch
2879 3593 2929 3653 gar
2956 3593 3039 3653 nicht
3059 3595 3149 3655 lange
3169 3596 3239 3656 her,
3259 3594 3284 3654 d

2554 3638 2747 3698 Vormittags
2770 3641 2792 3701 in
2821 3641 2864 3701 der
2887 3643 2997 3703 Stadt.
3025 3641 3097 3701 Wir
3126 3644 3263 3704 sprachen

2550 3687 2760 3747 Geburtstag.
2785 3687 2875 3747 „Was
2906 3688 2989 3748 sagen
3020 3688 3128 3748 Sie?"
3159 3690 3213 3750 rief
3237 3689 3261 3749 er

2545 3733 2739 3793 Entrüstung
2779 3733 2801 3793 in
2835 3735 2884 3795 den
2918 3734 3040 3794 Mienen
3069 3736 3124 3796 wie
3147 3736 3174 3796 im
3213 3738 3296 3798 Ton.

2554 3778 2690 3838 passieren
2715 3781 2827 3841 kann!
2845 3784 3083 3844 Unglaublich!
3095 3784 3278 3844 Siebzigster

2543 3826 2633 3886 lachte
2657 3827 2685 3887 er
2714 3829 2798 3889 gleich
2839 3829 2963 3889 nachher
2998 3829 3060 3889 mit
3089 3829 3179 3889 voller
3209 3832 3282 3892 Herz

2546 3874 2732 3934 Gehurtstag
2773 3876 2860 3936 zählt
2890 3874 2919 3934 zu
2960 3876 3012 3936 den
3053 3876 3187 3936 wenigen
3228 3878 3274 3938 Du

2546 3927 2673 3987 passiert
2694 3924 2768 3984 sind.
2790 3924 2830 3984 Es
2851 3926 2938 3986 wäre
2959 3927 3032 3987 schön
3061 3927 3202 3987 gewesen.
3217 3928 3256 3988 Er
