3436 4352
291 180 564 240 Children
605 183 620 243 s
661 180 805 240 Book

319 1571 481 1631 Lysbeth
528 1568 679 1628 Boyd
731 1569 865 1629 Borie,

273 1616 398 1676 whose
430 1616 500 1676 new
546 1616 641 1676 book
677 1616 738 1676 for
769 1613 864 1673 chil¬

264 1663 379 1723 dren,
423 1660 559 1720 “More
604 1661 750 1721 Poems
795 1661 854 1721 for

271 1709 420 1769 Peter,"
453 1709 527 1769 has
554 1709 730 1769 recently
763 1709 853 1769 been

265 1755 474 1815 published
520 1753 570 1813 by
610 1753 655 1813 J.
690 1753 740 1813 B.
775 1755 859 1815 Lip-

265 1801 418 1861 pincott
442 1801 671 1861 Company.

267 1879 351 1939 Worm
412 1879 468 1939 has
510 1879 585 1939 read
632 1879 767 1939 Cicero's
810 1874 870 1934 "De

266 1915 446 1975 Senectute“
475 1915 533 1975 and
568 1915 638 1975 once
668 1915 705 1975 he
735 1915 802 1975 read
836 1915 881 1975 G.

264 1953 390 2013 Stauley
428 1950 525 2010 Hall's
555 1950 782 2010 "Senescence"
816 1949 875 2009 and

265 1989 324 2049 was
344 1989 553 2049 encouraged,
569 1989 628 2049 and
652 1986 774 2046 several
790 1986 876 2046 years

262 2026 312 2086 ago
338 2025 375 2085 he
398 2026 460 2086 was
482 2025 639 2085 delighted
665 2025 732 2085 with
762 2025 880 2085 Robert

266 2064 417 2124 Nathan's
434 2061 611 2121 "Autumn"
632 2061 687 2121 but
704 2061 762 2121 this
784 2061 804 2121 is
822 2062 872 2122 the

266 2097 328 2157 best
354 2100 430 2160 book
464 2098 514 2158 yet
540 2100 599 2160 and
633 2099 687 2159 the
721 2097 806 2157 Worm
852 2098 877 2158 is

266 2137 408 2197 thinking
441 2136 475 2196 of
500 2136 675 2196 organizing
709 2136 721 2196 a
755 2136 872 2196 Society

266 2174 296 2234 of
318 2174 370 2234 Old
396 2173 486 2233 Folks
508 2171 581 2231 Who
603 2171 685 2231 Have
708 2171 789 2231 Read
816 2170 884 2230 "All

266 2210 387 2270 Passion
425 2210 537 2270 Spent"
567 2208 625 2268 and
655 2210 696 2270 its
726 2207 876 2267 meetings

271 2246 331 2306 will
344 2246 374 2306 be
396 2246 409 2306 a
431 2246 473 2306 lot
491 2246 521 2306 of
539 2246 586 2306 fun
612 2247 672 2307 ...
681 2243 715 2303 1t
733 2243 771 2303 V.
780 2245 875 2305 Sack¬

270 2282 442 2342 ville-West
466 2282 535 2342 ever
558 2282 661 2342 comes
685 2282 711 2342 to
738 2282 876 2342 America

271 2320 381 2380 —shes
405 2319 654 2379 English—well
671 2318 748 2378 have
773 2318 826 2378 ner
847 2321 883 2381 at

269 2357 323 2417 one
344 2359 373 2419 ef
390 2356 440 2416 the
457 2356 607 2416 meetings
629 2358 682 2418 ...
695 2355 753 2415 The
779 2355 862 2415 Worm

267 2395 317 2455 can
346 2395 481 2455 imagine
506 2392 565 2452 how
599 2392 650 2452 she
675 2392 776 2452 .ooks.
810 2391 877 2451 One

269 2431 301 2491 of
350 2431 438 2491 those
491 2433 621 2493 sloppy,
662 2428 872 2488 middle-aged

265 2465 511 2525 Engllahwomen
563 2466 625 2526 who
673 2464 759 2524 can't
802 2465 872 2525 keep

265 2504 355 2564 wisps
372 2503 403 2563 of
419 2503 486 2563 hair
506 2503 525 2563 in
549 2503 635 2563 place
655 2503 710 2563 and
734 2503 797 2563 who
817 2503 876 2563 talk

266 2541 293 2601 so
330 2541 447 2601 bluntly
480 2541 552 2601 that
578 2538 650 2598 they
683 2538 747 2598 seem
796 2540 888 2600 rude,

265 2580 317 2640 but
338 2579 390 2639 how
424 2577 603 2637 exquisitely
624 2577 676 2637 she
697 2575 799 2635 writes
820 2577 876 2637 and

264 2616 322 2676 how
356 2616 460 2676 keenly
486 2616 536 2676 she
557 2616 624 2676 sees
641 2616 653 2676 .
666 2616 708 2676 ..
721 2616 783 2676 And
809 2615 884 2675 that

259 2656 364 2716 ought
377 2653 401 2713 to
422 2652 454 2712 be
475 2652 589 2712 enough
610 2652 708 2712 about
725 2652 793 2712 that
806 2652 875 2712 book

258 2694 282 2754 to
311 2693 422 2753 satisty
447 2691 629 2751 Doubleday
658 2688 666 2748 &
707 2693 884 2753 Company.

267 2729 276 2789 A
311 2730 388 2790 MAN
428 2728 515 2788 WHO
549 2729 763 2789 WOULEN"I

263 2767 371 2827 TAKE
396 2765 494 2825 NAPS

305 2804 481 2864 Schnitzler
515 2804 582 2864 died
620 2804 632 2864 a
671 2804 779 2864 month
818 2803 876 2863 ago

266 2843 324 2903 and
354 2843 424 2903 Otto
450 2842 641 2902 Schinnerer
667 2841 725 2901 had
755 2840 767 2900 a
796 2844 879 2904 piece

266 2879 289 2939 in
318 2881 330 2941 a
359 2879 464 2939 recent
484 2879 593 2939 Nation
622 2879 719 2939 about
740 2879 788 2939 him
821 2882 861 2942 ..

271 2919 310 2979 He
333 2920 390 2980 was
408 2918 501 2978 little,
515 2918 595 2978 “with
622 2918 630 2978 a
653 2918 781 2978 striking
804 2917 879 2977 head

267 2957 321 3017 and
364 2956 478 3016 beard"
517 2956 579 3016 and
622 2956 727 3016 people
771 2956 884 3016 always

271 2995 368 3055 looked
393 2994 425 3054 at
442 2992 523 3052 him.
552 2993 637 3053 That
658 2992 796 3052 annoyed
817 2994 865 3054 him

265 3031 316 3091 but
343 3031 377 3091 he
404 3031 473 3091 used
504 3031 530 3091 to
556 3031 608 3091 say
635 3031 673 3091 he
696 3031 800 3091 might
822 3031 882 3091 like

271 3070 289 3130 it
316 3070 386 3130 even
418 3068 475 3128 less
503 3069 524 3129 if
551 3070 622 3130 they
650 3067 787 3127 DIDN'T
814 3067 876 3127 look

269 3109 295 3169 at
317 3109 395 3169 him.
426 3108 469 3168 He
491 3106 547 3166 had
574 3106 613 3166 no
635 3106 756 3166 vanity.
770 3106 882 3166 Schin¬

266 3146 355 3206 nerer
376 3147 456 3207 says,
469 3144 522 3204 but
542 3144 574 3204 he
599 3143 672 3203 kept
689 3141 774 3201 every
795 3144 876 3204 scrap

271 3185 300 3245 of
321 3183 468 3243 material
486 3183 578 3243 about
596 3180 739 3240 himself,
752 3180 811 3240 and
833 3180 891 3240 left

269 3219 306 3279 an
353 3222 606 3282 autoblography
649 3216 682 3276 of
725 3219 775 3279 his
818 3219 893 3279 first

270 3258 470 3318 twenty-five
490 3258 580 3318 years
600 3255 659 3315 and
683 3255 745 3315 also
769 3255 780 3315 a
808 3255 886 3315 most

270 3297 466 3357 voluminous
490 3295 643 3355 diary—to
667 3297 698 3357 be
722 3294 883 3354 published

271 3334 344 3394 fifty
370 3332 460 3392 years
486 3332 550 3392 from
593 3332 649 3392 now
684 3332 696 3392 .
718 3332 730 3392 .
744 3332 761 3392 .
778 3332 885 3392 That's

270 3371 373 3431 taking
398 3371 405 3431 a
434 3371 553 3431 fearful
569 3368 688 3428 chance
708 3368 740 3428 on
768 3369 887 3429 poster¬

272 3407 311 3467 Ity
335 3407 425 3467 which
453 3410 520 3470 may
540 3407 595 3467 not
615 3407 681 3467 even
705 3407 894 3467 remember.

271 3446 338 3506 half
364 3448 376 3508 a
411 3446 542 3506 century
577 3444 640 3504 from
696 3444 785 3504 now,
815 3445 891 3505 that

271 3482 356 3542 there
385 3482 454 3542 ever
483 3482 540 3542 was
569 3482 581 3542 a
614 3482 790 3542 Schnitzler
819 3485 859 3545 ..

273 3518 317 3578 He
346 3520 492 3580 wouldn't
517 3520 590 3580 take
615 3520 777 3580 afternoon
810 3520 887 3580 naps

273 3559 398 3619 because
424 3558 457 3618 he
483 3556 545 3616 "did
571 3558 625 3618 not
647 3556 730 3616 want
747 3556 776 3616 to
798 3556 885 3616 make

273 3598 333 3658 any
361 3595 498 3655 advance
523 3595 688 3655 payments
717 3595 745 3655 to
773 3594 882 3654 death'

279 3637 337 3697 ...
354 3635 429 3695 Last
450 3634 526 3694 week
552 3634 601 3694 the
627 3631 715 3691 Worm
753 3634 841 3694 asked
866 3632 891 3692 if

281 3673 436 3733 "anybody
475 3673 544 3733 still
583 3672 674 3732 reads
717 3670 885 3730 Conrad'"

269 3713 379 3773 ...E.
391 3711 415 3771 I.
428 3709 542 3769 S.—too
567 3709 685 3769 modest
702 3709 734 3769 or
755 3709 800 3769 too
821 3709 885 3769 vain

274 3749 301 3809 to
333 3747 400 3807 wish
432 3747 479 3807 his
503 3747 593 3807 name
621 3744 838 3804 used—wants
862 3747 889 3807 to

273 3786 355 3846 know
390 3785 416 3845 if
443 3783 494 3843 the
525 3784 616 3844 Worm
660 3783 720 3843 was
751 3783 889 3843 "seeking

273 3823 503 3883 enlightment"
524 3822 556 3882 or
580 3822 637 3882 was
661 3822 884 3882 “commenting

275 3861 307 3921 on
352 3862 404 3922 the
445 3861 644 3921 degradation
690 3858 722 3918 of
759 3862 892 3922 popular

271 3900 454 3960 literature"
479 3900 511 3960 or
536 3900 598 3960 wes
627 3898 794 3958 "inferring
823 3897 892 3957 that

273 3938 390 3998 Conrad
420 3935 529 3995 hasn't
550 3935 563 3995 a
593 3935 676 3995 place
702 3935 727 3995 in
761 3936 882 3996 English

276 3977 454 4037 literatire"
483 3974 515 4034 or
544 3974 604 4034 was
628 3971 741 4031 merely
774 3974 886 4034 "filling

276 4017 382 4077 space"
405 4010 413 4070 .
427 4010 466 4070 ..
480 4013 590 4073 Shame
617 4012 647 4072 on
674 4010 749 4070 you,
763 4010 798 4070 E.
812 4010 838 4070 I.
851 4010 891 4070 S!

305 4054 343 4114 ..
357 4051 452 4111 Don’t
474 4049 525 4109 you
556 4049 634 4109 know
665 4049 716 4109 the
747 4049 829 4109 Worm
868 4047 893 4107 is

277 4088 343 4148 very
377 4088 554 4148 intelligent
588 4088 646 4148 and
680 4088 738 4148 has
768 4086 890 4146 perfect

275 4126 359 4186 taste
390 4126 416 4186 in
456 4126 637 4186 literature?
690 4123 801 4183 Didn't
832 4123 884 4183 you

277 4162 383 4222 detect
406 4162 459 4222 the
486 4161 606 4221 wistful
629 4162 744 4222 appeal
767 4162 793 4222 in
825 4159 895 4219 that

277 4201 436 4261 duestion?
484 4199 579 4259 Don't
610 4198 661 4258 vou
696 4199 778 4259 know
818 4197 891 4257 that

1734 1368 2446 1428 OBSERVER

1821 1422 1847 1482 I.
1861 1425 1980 1485 österr.
1989 1425 2139 1485 behördl.
2149 1428 2449 1488 konzessioniertes

1776 1466 2007 1526 Unternehmen
2039 1467 2087 1527 für
2115 1470 2497 1530 Zeitungs-Ausschnitte

1827 1524 1973 1584 WIEN,
2001 1527 2047 1587 I.,
2075 1530 2362 1590 WOLLZEILE

1921 1577 2136 1637 TELEPHON
2173 1580 2351 1640 R-23-0-43

1668 1706 1805 1766 Extrait
1831 1706 1866 1766 du
1898 1709 2070 1769 Journal:
2204 1710 2407 1770 St.-Galler
2428 1715 2591 1775 Tagblatt

1675 1807 1850 1867 Adresse:

2308 1817 2348 1877 St
2365 1819 2374 1879 -
2390 1819 2501 1879 Gallen

1995 1927 2027 1987 2

1688 1913 1807 1973 Date:

1762 2112 1896 2172 Zwei
1929 2106 2519 2166 Schnitzler=Anekdoten.

1710 2179 1777 2239 Vor
1812 2178 1914 2238 seiner
1948 2174 2266 2234 schriftstelletischen
2307 2168 2477 2228 Laufbahn
2511 2165 2596 2225 wid¬

1668 2231 1754 2291 mete
1787 2227 1842 2287 sich
1886 2225 1994 2285 Artur
2027 2222 2212 2282 Schnitzler
2245 2219 2397 2279 zunächst
2431 2215 2610 2275 medizini¬

1670 2280 1746 2340 schen
1790 2276 1934 2336 Studien
1983 2273 2044 2333 und
2084 2269 2314 2329 promovierte
2353 2267 2424 2327 auch
2463 2266 2501 2326 an
2550 2264 2602 2324 der

1664 2324 1796 2384 Wiener
1824 2324 2053 2384 Universität.
2075 2321 2144 2381 Aus
2171 2318 2277 2378 seiner
2305 2315 2603 2375 Universitätszeit

1670 2375 1795 2435 datiert
1826 2373 1890 2433 eine
1921 2370 2021 2430 kleine
2052 2368 2243 2428 Anekdote:
2264 2365 2323 2425 Ein
2359 2363 2459 2423 wegen
2495 2359 2600 2419 seiner

1670 2425 1897 2485 langatmigen
1943 2418 2207 2478 Ausführungen
2253 2413 2435 2473 bekannter
2476 2410 2607 2470 Dozent

1668 2473 1721 2533 der
1759 2471 1998 2531 medizinischen
2046 2468 2206 2528 Fakultät
2244 2464 2355 2524 fragte
2393 2464 2424 2524 zu
2467 2462 2595 2522 Beginn

1670 2523 1762 2583 einer
1799 2521 2010 2581 Vorlesung,
2042 2515 2093 2575 die
2130 2514 2186 2574 der
2228 2512 2450 2572 Tuberkulose
2487 2506 2605 2566 gewid¬

1668 2571 1738 2631 met
1763 2569 1854 2629 war:
1879 2568 2021 2628 „Welche
2052 2564 2248 2624 ansteckende
2279 2561 2476 2621 Krankheit,
2497 2556 2602 2616 meine

1669 2619 1792 2679 Damen
1837 2616 1901 2676 und
1941 2614 2094 2674 Herren,
2129 2613 2213 2673 liegt
2253 2611 2317 2671 uns
2357 2610 2396 2670 am
2456 2607 2599 2667 nächsten

1672 2668 1734 2728 und
1760 2667 1899 2727 bedroht
1921 2666 1982 2726 uns
2009 2664 2044 2724 am
2086 2662 2288 2722 stärksten?“
2314 2649 2324 2709 —
2382 2659 2459 2719 „Die
2475 2656 2609 2716 Schlaf¬

1667 2718 1859 2778 krankheit,
1890 2715 1978 2775 Herr
2015 2712 2233 2772 Professor!“
2276 2708 2410 2768 ertönte
2447 2705 2608 2765 Antwort

1670 2765 1731 2825 aus
1768 2765 1856 2825 einer
1887 2762 2021 2822 dunkeln
2058 2761 2151 2821 Ecke.
2177 2758 2187 2818 —
2245 2757 2311 2817 Der
2343 2756 2513 2816 Professor
2545 2752 2607 2812 soll

1675 2816 1722 2876 dem
1765 2813 1882 2873 jungen
1914 2811 2095 2871 Schnitzler
2122 2809 2201 2869 diese
2229 2807 2521 2867 Schlagfertigkeit
2543 2800 2611 2860 nie¬

1674 2864 1763 2924 mals
1795 2863 1963 2923 verziehen
2005 2861 2131 2921 haben.

1721 2959 1900 3019 Schnitzler
1938 2956 2027 3016 hatte
2065 2956 2133 3016 mit
2166 2953 2271 3013 seinem
2324 2952 2477 3012 Freunde
2515 2950 2604 3010 Hugo

1675 3008 1735 3068 von
1771 3007 2044 3067 Hofmannsthal
2070 3004 2201 3064 einmal
2227 3001 2439 3061 verabredet,
2460 3001 2515 3061 daß
2551 2998 2616 3058 die¬

1680 3061 1743 3121 ser,
1770 3058 1822 3118 der
1854 3057 1959 3117 einige
1992 3054 2086 3114 Tage
2119 3052 2176 3112 vor
2208 3052 2261 3112 den
2304 3051 2493 3111 Festspielen
2531 3046 2604 3106 nach

1682 3106 1846 3166 Salzburg
1873 3106 1968 3166 fuhr,
1989 3103 2063 3163 dort
2090 3102 2148 3162 für
2175 3100 2270 3160 Logis
2303 3100 2366 3160 und
2398 3097 2609 3157 Theatersitze

1674 3153 1787 3213 Sorge
1813 3154 1927 3214 tragen
1964 3151 2077 3211 sollre.
2104 3147 2378 3207 Hofmannsthal
2405 3147 2518 3207 führte
2549 3144 2601 3204 den

1680 3204 1820 3264 Auftrag
1857 3202 1930 3262 auch
1967 3198 2201 3258 gewissenhaft
2233 3198 2326 3258 durch
2369 3198 2431 3258 und
2473 3195 2619 3255 telegra¬

1680 3253 1804 3313 phierte
1841 3252 1944 3312 seinem
1996 3249 2157 3309 Freund:
2188 3247 2292 3307 „Sitze
2329 3246 2473 3306 besorgt.
2505 3243 2613 3303 Euro¬

1677 3303 1819 3363 päischer
1857 3300 1926 3360 Hof
1963 3299 2154 3359 Salzburg.
2187 3294 2494 3354 Hofmannsthal.“
2537 3291 2606 3351 Und

1688 3350 1878 3410 Schnitzler,
1899 3347 1955 3407 der
1987 3344 2187 3404 vollständig
2219 3344 2264 3404 die
2296 3342 2506 3402 Abmachung
2543 3340 2615 3400 ver¬

1677 3401 1774 3461 gessen
1813 3398 1922 3458 hatte,
1945 3395 2158 3455 depeschierte
2192 3395 2328 3455 zurük:
2356 3392 2487 3452 „Lieber
2520 3391 2612 3451 Hugo

1680 3449 1789 3509 warum
1828 3446 1921 3506 sitzest
1949 3446 1981 3506 du
2010 3446 2140 3506 besorgt
2169 3444 2403 3504 Europäischer
2431 3443 2497 3503 Hof
2520 3443 2617 3503 Salz¬

1683 3499 1787 3559 burg?
1826 3497 2040 3557 Schnitzler.“
