3344 4256
522 148 627 208 «pique
667 148 839 208 qu'Arthur
874 150 1051 210 Schnitzler
1086 153 1134 213 n'a
1174 154 1209 214 pu
1254 145 1289 205 de
1320 146 1386 206 voir
1417 149 1443 209 la
1475 152 1606 212 plupart
1634 153 1668 213 de
1700 153 1752 213 ses
1779 159 1875 219 écrits
1902 161 1968 221 tra¬

522 186 633 246 ésister
663 190 716 250 aux
746 190 893 250 courants
917 190 952 250 de
982 191 1005 251 la
1035 192 1123 252 mode
1153 192 1223 252 tou¬
1254 184 1335 244 duits
1360 183 1406 243 les
1430 185 1489 245 uns
1507 189 1600 249 après
1625 193 1666 253 les
1690 197 1795 257 autres
1820 198 1848 258 en
1879 201 1966 261 fran¬

1368 357 1447 417 çais.
1476 356 1618 416 L'amitié
1652 356 1726 416 dont
1756 356 1780 416 il
1810 359 2001 419 m'honorait
2035 356 2085 416 de¬

1365 395 1505 455 meurera
1535 394 1590 454 une
1620 394 1668 454 des
1695 395 1801 455 fiertés
1831 396 1864 456 de
1891 395 1935 455 ma
1965 395 2027 455 vic.

1396 431 1461 491 Des
1492 431 1591 491 deuils
1622 431 1744 491 cruels,
1770 434 1805 494 de
1836 433 1979 493 pénibles
2010 434 2083 494 cha¬

1362 471 1443 531 grins
1472 470 1505 530 de
1526 470 1652 530 famille
1682 470 1734 530 ont
1755 473 1984 533 certainement
2010 473 2079 533 hâté

1360 509 1386 569 la
1442 509 1628 569 disparition
1685 509 1835 569 d'Arthur
1888 512 2082 572 Schnitzler,

1360 546 1480 606 comme
1505 544 1529 604 il
1546 546 1557 606 y
1582 544 1594 604 a
1619 544 1691 604 deux
1715 545 1788 605 ans,
1805 544 1881 604 celle
1910 547 1942 607 de
1963 547 2075 607 l’autre

1360 583 1432 643 plus
1461 580 1554 640 grand
1587 581 1672 641 poète
1701 583 1896 643 autrichien,
1921 583 1970 643 son
2003 586 2083 646 ami,

1360 620 1448 680 Hugo
1485 619 1792 679 d'Hofmannsthal;
1815 622 1890 682 mais
1922 622 1970 682 ces
1997 622 2073 682 deux

1355 658 1500 718 hommes
1528 657 1559 717 de
1590 658 1711 718 lettres,
1739 661 1794 721 qui
1818 661 1946 721 avaient
1970 660 2068 720 connu

1360 697 1461 757 toutes
1488 697 1532 757 les
1555 696 1629 756 plus
1652 697 1749 757 pures
1772 697 1851 757 joies
1878 697 1913 757 de
1940 697 1967 757 la
1998 696 2082 756 vloi¬

1356 733 1405 793 re,
1430 735 1488 795 ont
1509 734 1646 794 souffert
1671 735 1774 795 aussi,
1794 735 1867 795 plus
1897 735 1956 795 que
1986 735 2074 795 d'au¬

1351 771 1417 831 tres
1453 771 1625 831 peut-être,
1652 771 1687 831 de
1723 771 1749 831 la
1785 774 1984 834 catastrophe
2024 772 2077 832 po¬

1356 809 1487 869 ditique,
1506 810 1624 870 sociale
1656 808 1687 868 et
1710 813 1915 873 économique
1947 813 2069 873 abattue

1352 849 1405 909 sur
1438 849 1506 909 leur
1529 849 1647 909 patrie.
1676 849 1716 909 La
1748 849 1825 909 crise
1853 852 2072 912 autrichienne

1356 887 1528 947 préoccupe
1560 886 1839 946 périodiquement
1866 890 1910 950 les
1942 888 2079 948 gouver¬

1351 925 1497 985 nements
1523 926 1695 986 curopéens
1730 926 1760 986 et
1787 927 1937 987 l'opinion
1972 927 2079 987 publi¬

1346 962 1406 1022 que
1446 962 1714 1022 internationale.
1749 962 1831 1022 C'est
1866 964 1900 1024 en
1940 965 2073 1025 général

1348 1001 1410 1061 une
1444 998 1621 1058 sympathie
1656 1001 1795 1061 attristée
1829 1003 1944 1063 qu'elle
1973 1003 2073 1063 inspi¬

1347 1034 1395 1094 re.
1423 1040 1548 1100 Parfois
1580 1040 1768 1100 cependant
1795 1040 1821 1100 il
1849 1040 1889 1100 s'y
1925 1040 2005 1100 mêle
2041 1040 2072 1100 de

1351 1079 1549 1139 l'irritation,
1576 1079 1681 1139 quand
1718 1077 1762 1137 les
1793 1076 1960 1136 intéressés
1992 1077 2071 1137 s'en¬

1347 1117 1470 1177 gagent
1502 1115 1559 1175 par
1590 1115 1754 1175 désespoir
1790 1118 1864 1178 dans
1900 1116 1949 1176 des
1985 1116 2068 1176 voies

1349 1155 1419 1215 plus
1455 1153 1490 1213 ou
1531 1153 1632 1213 moins
1669 1156 1854 1216 fâcheuses.
1891 1153 1930 1213 Le
1966 1155 2072 1215 projet

1346 1191 1475 1251 d'union
1518 1192 1686 1252 douanière
1726 1192 1799 1252 avec
1855 1192 2066 1252 l'Allemagne

1345 1231 1433 1291 lancé
1468 1231 1494 1291 en
1530 1231 1614 1291 mars
1645 1231 1773 1291 dernier
1800 1231 1857 1291 par
1884 1231 1932 1291 les
1959 1232 2069 1292 minis¬

1346 1267 1410 1327 tres
1441 1267 1492 1327 des
1522 1270 1664 1330 Affaires
1690 1270 1858 1330 étrangère
1906 1267 1961 1327 des
1992 1270 2064 1330 deux

1345 1308 1437 1368 pays,
1455 1307 1468 1367 a
1490 1306 1538 1366 été
1561 1309 1746 1369 abandonné
1769 1309 1825 1369 par
1849 1309 1919 1369 eux,
1937 1309 1989 1369 cet
2007 1310 2069 1370 été,

1346 1347 1359 1407 a
1386 1346 1412 1406 la
1443 1344 1536 1404 veille
1563 1344 1598 1404 de
1625 1344 1651 1404 sa
1683 1347 1926 1407 condamnation
1958 1346 2011 1406 par
2038 1347 2064 1407 la

1342 1383 1425 1443 Cour
1453 1383 1706 1443 Internationale
1737 1386 1768 1446 de
1800 1384 1839 1444 La
1866 1384 1955 1444 Haye
1986 1385 2070 1445 com¬

1339 1422 1388 1482 me
1414 1422 1568 1482 contraire
1594 1422 1652 1482 aux
1677 1422 1802 1482 traités.
1823 1422 1907 1482 Mais
1928 1422 1961 1482 un
1991 1423 2065 1483 nou¬

1345 1461 1417 1521 veau
1449 1461 1526 1521 coup
1563 1461 1594 1521 de
1626 1461 1684 1521 tête
1713 1461 1726 1521 a
1758 1461 1880 1521 bientôt
1903 1461 1993 1521 suivi
2016 1462 2065 1522 cet

1336 1500 1500 1560 abandon.
1527 1500 1585 1560 Les
1612 1500 1861 1560 Heimwehren,
1884 1500 1914 1560 ou
1946 1502 2066 1562 forma¬

1341 1537 1422 1597 tions
1461 1537 1494 1597 de
1533 1538 1657 1598 défense
1691 1538 1815 1598 civique
1854 1538 1892 1598 de
1927 1539 1955 1599 la
1994 1538 2065 1598 pro¬

1341 1574 1429 1634 vince
1467 1577 1499 1637 de
1533 1577 1654 1637 Styrie,
1682 1577 1841 1637 tentaient
1869 1577 1897 1637 le
1930 1577 1962 1637 13
1996 1576 2065 1636 sep¬

1340 1613 1453 1673 tembre
1485 1615 1517 1675 un
1550 1614 1563 1674 «
1590 1616 1704 1676 putsch
1736 1616 1745 1676 »
1777 1616 1854 1676 dont
1882 1616 2063 1676 l’effondre¬

1336 1655 1426 1715 ment
1454 1655 1490 1715 ne
1523 1655 1586 1715 prit
1614 1655 1782 1715 d'ailleurs
1809 1655 1909 1715 même
1942 1655 1996 1715 pas
2028 1657 2059 1717 24

1340 1692 1467 1752 heures.
1486 1691 1567 1751 Mais
1587 1693 1618 1753 ce
1641 1691 1755 1751 n'était
1774 1694 1796 1754 là
1824 1694 1878 1754 que
1902 1694 1983 1754 l'une
2011 1694 2061 1754 des

1335 1729 1543 1789 nombreuses
1581 1729 1840 1789 manifestations
1879 1732 1949 1792 d'un
1992 1731 2062 1791 pro¬

1332 1769 1409 1829 fond
1441 1771 1572 1831 malaise
1600 1769 1659 1829 qui
1682 1771 1690 1831 a
1723 1771 1786 1831 fait
1810 1771 1950 1831 recourir
1978 1770 2063 1830 l'Au¬

1341 1807 1436 1867 triche
1470 1807 1484 1867 à
1518 1807 1541 1867 la
1576 1807 1700 1867 Société
1734 1807 1786 1867 des
1820 1810 1969 1870 Nations.
1998 1810 2055 1870 Les

1335 1846 1459 1906 experts
1486 1846 1516 1906 de
1544 1846 1671 1906 Genève
1694 1846 1751 1906 ont
1774 1846 1849 1906 donc
1876 1846 1884 1906 à
1911 1847 2052 1907 nouveau

1336 1884 1489 1944 délibéré.
1508 1885 1548 1945 La
1572 1885 1762 1945 médication
1790 1885 1880 1945 qu'ils
1898 1885 1952 1945 ont
1976 1884 2057 1944 pres¬

1333 1921 1411 1981 crite
1432 1921 1476 1981 est
1496 1923 1618 1983 surtout
1634 1923 1707 1983 faite
1733 1923 1796 1983 d'un
1822 1923 1940 1983 régime
1965 1923 2062 1983 d'éco¬

1334 1962 1455 2022 nomies
1488 1962 1709 2022 rigoureuses,
1743 1960 1772 2020 en
1818 1962 1914 2022 meme
1952 1963 2056 2023 temps

1338 1999 1390 2059 que
1424 2001 1486 2061 l’on
1521 2001 1669 2061 s’occupe
1703 1999 1837 2059 d'éviter
1866 2001 1924 2061 par
1953 2001 2058 2061 diver¬

1331 2035 1383 2095 ses
1410 2040 1592 2100 opérations
1623 2037 1654 2097 de
1685 2040 1791 2100 crédit
1813 2040 1875 2100 une
1907 2040 2052 2100 nouvelle

1332 2076 1461 2136 débâcle
1490 2076 1528 2136 du
1562 2076 1734 2136 schilling.
1759 2079 1869 2139 Parmi
1898 2079 1941 2139 les
1970 2078 2056 2138 com¬

1328 2114 1490 2174 pressions
1528 2114 1734 2174 budgétaires
1771 2117 1846 2177 dont
1879 2117 1907 2177 le
1949 2116 2056 2176 Parle¬

1327 2153 1417 2213 ment
1441 2153 1454 2213 a
1482 2153 1518 2213 du
1551 2153 1636 2213 voter
1665 2154 1687 2214 le
1715 2153 1855 2213 principe
1884 2153 2070 2213 draconien.

1325 2193 1369 2253 au
1400 2192 1486 2252 seuil
1517 2192 1552 2252 de
1588 2192 1612 2252 la
1649 2192 1825 2252 discussion
1862 2188 2053 2248 duudget

1331 2231 1365 2291 de
1404 2232 1494 2292 1032,
1525 2229 1759 2289 actuellement
1794 2225 1823 2285 en
1867 2225 1975 2285 cours,
2010 2223 2052 2283 les

1323 2269 1482 2329 premiers
1510 2266 1638 2326 frappes
1666 2265 1775 2325 seront
1803 2264 2054 2324 naturellement

1326 2306 1374 2366 les
1403 2302 1540 2362 theâtres
1569 2302 1833 2362 subventionnés.

1362 2341 1383 2401 A
1420 2343 1483 2403 dire
1510 2342 1594 2402 vrai,
1611 2343 1743 2403 l’Opéra
1770 2341 1801 2401 et
1823 2341 1849 2401 le
1876 2341 2055 2401 Burgthea¬

1322 2381 1374 2441 ter
1401 2383 1512 2443 jouent
1539 2382 1614 2442 dans
1645 2380 1671 2440 la
1703 2380 1751 2440 vie
1783 2380 1813 2440 de
1845 2380 1871 2440 la
1902 2378 2048 2438 nouvelle

1322 2419 1474 2479 Autriche
1504 2419 1534 2479 un
1565 2419 1630 2479 rôle
1660 2419 1855 2479 d'influence
1886 2418 2050 2478 artistique

1328 2458 1359 2518 et
1391 2458 1423 2518 de
1460 2457 1596 2517 prestige
1633 2457 1765 2517 difficile
1802 2455 1815 2515 à
1847 2455 1980 2515 évaluer
2012 2456 2048 2516 au

1326 2497 1419 2557 point
1450 2496 1485 2556 de
1516 2496 1573 2556 vue
1609 2496 1772 2556 matériel,
1799 2495 1883 2555 mais
1910 2493 2055 2553 indiscu¬

1322 2534 1405 2594 table
1437 2535 1632 2595 cependant.
1654 2535 1698 2595 Ce
1725 2532 1791 2592 rôle
1823 2532 1835 2592 a
1867 2532 2048 2592 longtemps

1331 2574 1445 2634 justifié
1477 2574 1520 2634 les
1552 2572 1715 2632 sacrifices
1742 2571 1829 2631 assez
1856 2571 1966 2631 lourds
1993 2570 2050 2630 im¬

1326 2613 1416 2673 posés
1438 2613 1472 2673 au
1498 2612 1717 2672 contribuable
1743 2610 1935 2670 autrichien,
1953 2609 2051 2669 sacri¬

1318 2652 1393 2712 fices
1420 2651 1486 2711 d'un
1513 2652 1602 2712 ordre
1630 2652 1660 2712 de
1687 2650 1847 2710 grandeur
1875 2649 1941 2709 tout
1959 2648 2047 2708 autre

1327 2690 1408 2750 qu'en
1454 2690 1573 2750 France
1610 2687 1669 2747 par
1706 2687 1865 2747 exemple.
1902 2687 1984 2747 Mais
2020 2685 2047 2745 la

1323 2726 1432 2786 misère
1469 2726 1637 2786 générale,
1665 2727 1692 2787 le
1724 2726 1902 2786 chômage,
1930 2724 2048 2784 l'apau¬

1326 2765 1516 2825 vrissement
1549 2765 1601 2825 des
1634 2765 1751 2825 masses
1784 2765 1966 2825 paysannes
1995 2762 2051 2822 ont

1323 2805 1391 2865 prit
1419 2804 1469 2864 des
1501 2804 1701 2864 proportions
1733 2804 1788 2864 qui
1811 2804 1975 2864 semblent
2003 2798 2052 2858 ex¬

1323 2843 1409 2903 clure
1437 2843 1514 2903 pour
1541 2843 1564 2903 le
1596 2842 1736 2902 moment
1760 2843 1827 2903 tout
1855 2840 1950 2900 grand
1983 2839 2050 2899 Mé¬

1317 2881 1414 2941 cénat
1443 2881 1480 2941 de
1518 2881 1630 2941 l'Etat.
1677 2881 1775 2941 Aussi
1827 2878 2000 2938 l'intendan
2033 2876 2042 2936 e

1323 2920 1468 2980 générale
1505 2920 1559 2980 des
1587 2920 1728 2980 théâtres
1761 2917 1902 2977 va-t-elle
1934 2916 2047 2976 proba¬

1322 2959 1464 3019 blement
1496 2958 1687 3018 disparaitre
1723 2956 1803 3016 pour
1839 2956 1972 3016 devenir
2008 2956 2039 3016 un

1326 2998 1405 3058 petit
1428 2998 1538 3058 rouage
1570 2998 1604 3058 du
1636 2995 1795 3055 ministère
1826 2995 1857 3055 de
1888 2995 2047 3055 l'Instruc¬

1317 3035 1383 3095 tion
1415 3035 1582 3095 publique.
1605 3035 1648 3095 On
1680 3036 1821 3096 annonce
1848 3034 2046 3094 périodique-

1322 3075 1409 3135 unent
1443 3073 1467 3133 la
1510 3074 1676 3134 démission
1718 3072 1751 3132 du
1793 3072 1951 3132 directeur
2006 3070 2039 3130 du

1323 3111 1537 3171 Burgtheater
1571 3111 1668 3171 Anton
1711 3111 1902 3171 Wildgans,
1935 3110 1977 3170 et,
2010 3108 2042 3168 en

1322 3150 1410 3210 effet,
1433 3150 1601 3210 l’éminent
1623 3150 1787 3210 écrivain,
1809 3150 1866 3210 qui
1885 3148 1977 3208 avait
2000 3149 2048 3209 as¬

1323 3189 1406 3249 sumé
1438 3190 1469 3250 ce
1496 3189 1584 3249 poste
1611 3189 1722 3249 ingrat
1749 3188 1824 3248 dans
1851 3186 1984 3246 l'espoir
2015 3186 2046 3246 de

1322 3228 1473 3288 défendre
1503 3228 1529 3288 le
1559 3228 1671 3288 niveau
1706 3226 1740 3286 de
1771 3225 1796 3285 la
1827 3225 1917 3285 scène
1952 3225 2008 3285 qui
2030 3225 2042 3285 a

1317 3266 1425 3326 monté
1468 3266 1535 3326 tous
1573 3266 1619 3326 les
1657 3263 1904 3323 chefs-d'œuvre
1947 3263 1980 3323 de
2018 3261 2043 3321 la

1317 3305 1499 3365 dittérature
1526 3305 1720 3365 dramatique
1747 3302 1982 3362 autrichienne,
2004 3300 2048 3360 est

1316 3344 1369 3404 usé
1404 3344 1460 3404 par
1495 3344 1552 3404 une
1591 3342 1667 3402 lutte
1702 3341 1873 3401 énervante
1912 3341 1942 3401 et
1973 3341 2045 3401 sans

1321 3383 1420 3443 gloire
1455 3383 1559 3443 contre
1594 3380 1636 3440 les
1667 3380 1870 3440 adversaires
1900 3380 1948 3440 les
1974 3380 2047 3440 plus

1321 3419 1424 3479 divers
1460 3419 1491 3479 et
1523 3422 1649 3482 surtout
1685 3419 1792 3479 contre
1828 3417 1855 3477 le
1891 3418 1974 3478 sort.
2006 3417 2045 3477 Le

1321 3457 1507 3517 Parlement
1531 3457 1543 3517 a
1576 3457 1645 3517 voté
1673 3457 1730 3517 des
1759 3457 1815 3517 lois
1844 3457 2038 3517 d'exception

1316 3500 1399 3560 pour
1430 3497 1536 3557 casser
1570 3496 1615 3556 les
1650 3496 1791 3556 contrats
1825 3496 1935 3556 passés
1966 3493 2041 3553 avec

1317 3538 1388 3598 tous
1413 3535 1459 3595 les
1480 3535 1605 3595 artistes
1631 3535 1643 3595 à
1673 3535 1890 3595 engagement
1911 3533 2044 3593 spécial.

1360 3610 1451 3670 Dans
1470 3610 1513 3670 les
1539 3610 1643 3670 tristes
1662 3610 1766 3670 temps
1785 3607 1871 3667 qu'il
1891 3607 1958 3667 faut
1977 3606 2044 3666 pré¬

1313 3648 1498 3708 sentement
1516 3648 1622 3708 vivre,
1640 3648 1662 3708 le
1689 3645 1812 3705 public,
1830 3645 1909 3705 dans
1932 3645 1958 3705 la
1981 3643 2042 3703 me¬

1314 3689 1388 3749 sure
1411 3687 1442 3747 où
1469 3687 1495 3747 il
1513 3687 1548 3747 ne
1575 3685 1694 3745 préfère
1721 3685 1774 3745 pas
1796 3684 1867 3744 tous
1889 3684 1933 3744 les
1956 3684 2044 3744 films

1317 3729 1329 3789 à
1360 3726 1498 3786 costume
1528 3726 1558 3786 et
1585 3725 1597 3785 à
1628 3723 1770 3783 musique
1800 3723 1878 3783 pour
1908 3723 2042 3783 lesquels

1313 3765 1437 3825 Vienne
1466 3765 1478 3825 a
1507 3763 1709 3823 maintenant
1730 3762 1765 3822 un
1798 3762 1935 3822 nouveau
1968 3759 2044 3819 tem¬

1316 3808 1387 3868 ple,
1436 3804 1464 3864 la
1517 3801 1632 3861 Scala,
1685 3801 1858 3861 ex-théâtre
1911 3801 2035 3861 Johann

1321 3841 1463 3901 Strauss,
1485 3839 1517 3899 se
1547 3839 1597 3899 rue
1631 3839 1681 3899 sur
1715 3839 1790 3899 deux
1820 3839 1979 3899 opérettes
2009 3837 2038 3897 où

1314 3881 1342 3941 il
1370 3878 1505 3938 cherche
1538 3878 1767 3938 pareillement
1795 3877 1926 3937 l'oubli.
1955 3875 2043 3935 L'in¬

1314 3919 1472 3979 fatigable
1504 3917 1534 3977 et
1561 3917 1697 3977 heureux
1729 3914 1887 3974 directeur
1919 3914 2042 3974 Hubert

1319 3956 1501 4016 Marischka
1527 3956 1541 4016 a
1566 3956 1600 4016 eu
1631 3954 1793 4014 l'habileté
1823 3953 1858 4013 de
1883 3953 1927 4013 les
1953 3953 2045 4013 saisir

1318 3995 1399 4055 l'une
1428 3995 1454 4055 et
1478 3995 1591 4055 l'autre
1614 3995 1696 4055 pour
1719 3993 1769 4053 ses
1793 3994 1870 4054 deux
1897 3992 2006 4052 scènes
2034 3992 2047 4052 :

1282 4033 1382 4093 Les
1419 4033 1510 4093 Trois
1546 4030 1801 4090 Mousquetaires
1839 4030 1852 4090 à
1911 4030 2047 4090 An-der¬

1323 4069 1440 4129 Wien,
1483 4069 1696 4129 LHôtellerie
1730 4069 1762 4129 du
1800 4069 2036 4129 Cheval-Blanc

1318 4110 1353 4170 au
1380 4109 1614 4169 Stadttheater.
1632 4109 1804 4169 L'aimable
1831 4108 2043 4168 compositeur

1313 4150 1351 4210 dde
1382 4150 1454 4210 tant
1481 4148 1515 4208 de
1545 4147 1648 4207 valses
1679 4147 1708 4207 et
1735 4147 1768 4207 de
1799 4147 1958 4207 chansons
1988 4147 2044 4207 qui

1930 4182 2033 4242 Ralph
