3392 4320
340 302 816 362 Sitler
874 300 1169 360 sat

1438 288 1564 348 box
1640 291 1818 351 43/3

2120 231 2351 291 AUSSCHNITT
2367 233 2454 293 VOM.

2588 291 2635 351 24
2678 285 2799 345 0KT.
2824 279 2889 339 83

2175 391 2527 451 Würzburger
2569 391 2987 451 General-Anz.

2289 521 2479 581 Arthur
2524 521 2801 581 Schnitzler
2846 516 2906 576 .

2287 569 2341 629 Zum
2379 569 2446 629 Tode
2471 569 2517 629 des
2539 569 2647 629 Wiener
2673 569 2895 629 Schriftstellers.

2177 600 2247 660 Ane
2273 610 2496 670 Persönlichkeit
2522 609 2567 669 der
2598 608 2821 668 Vorkriegszeit,
2847 609 2923 669 deren
2964 603 3070 663 Leben¬

2108 640 2191 700 abend
2221 641 2359 701 kampflos
2389 642 2439 702 und
2465 643 2540 703 ruhig
2570 643 2733 703 dahinglitt,
2754 642 2800 702 hat
2822 640 2942 700 Abschied
2973 639 3085 699 genom¬

2107 673 2162 733 men
2190 674 2236 734 von
2265 676 2335 736 einer
2359 676 2473 736 Epoche,
2493 676 2532 736 die
2556 676 2599 736 dem
2634 676 2693 736 Stil
2713 676 2756 736 des
2780 675 2945 735 geistreichen
2973 672 3083 732 Wiener

2102 706 2231 766 Dichters
2256 706 2341 766 fremd
2370 709 2512 769 geworden
2541 709 2585 769 ist.
2622 711 2679 771 Der
2704 709 2866 769 bürgerliche
2895 706 3004 766 Verfall
3029 706 3077 766 und

2105 740 2148 800 die
2172 742 2250 802 müde
2278 742 2384 802 Anmut
2408 742 2451 802 des
2475 743 2545 803 alten
2573 743 2753 803 Oesterreichs
2781 742 2867 802 waren
2899 742 2946 802 das
2970 740 3084 800 Gebiet,

2108 773 2157 833 das
2187 775 2290 835 Arthur
2320 778 2465 838 Schnitzler
2496 778 2641 838 Probleme
2670 775 2695 835 zu
2729 776 2799 836 lösen
2829 775 2895 835 gab.
2937 774 2987 834 Die
3016 770 3078 830 Zeit

2108 807 2158 867 von
2196 806 2258 866 1890
2292 808 2333 868 bis
2371 808 2430 868 1914
2468 809 2526 869 war
2556 810 2597 870 ein
2631 810 2757 870 geistiges
2795 808 2966 868 Kampffeld,
2992 807 3075 867 dessen

2108 842 2199 902 Helden
2225 843 2312 903 Frank
2342 841 2506 901 Wedekind,
2523 843 2627 903 Arthur
2649 845 2807 905 Schnitzler,
2825 842 2900 902 Hugo
2926 841 2971 901 von
3001 839 3080 899 Hoff¬

2108 876 2268 936 mannsthal
2299 877 2348 937 und
2383 879 2452 939 viele
2483 879 2585 939 andere
2616 876 2726 936 waren,
2754 877 2833 937 denen
2868 876 2963 936 unsere
2998 875 3078 935 junge

2108 910 2275 970 Generation
2309 910 2350 970 ein
2384 909 2471 969 wenig
2505 912 2722 972 verständnislos
2756 910 2993 970 gegenübersteht,
3019 908 3081 968 well

2104 942 2166 1002 das,
2188 944 2275 1004 wofür
2301 944 2368 1004 diese
2394 945 2532 1005 Menschen
2562 945 2621 1005 ihre
2646 945 2797 1005 Schlachten
2827 945 2961 1005 schlugen,
2983 942 3083 1002 gegen¬

2109 981 2242 1041 standolos
2272 981 2418 1041 geworden
2456 981 2497 1041 ist.
2540 981 2577 1041 Es
2611 981 2682 1041 wäre
2716 981 2896 1041 undankbar,
2926 983 2950 1043 zu
2988 980 3080 1040 sagen.

2103 1924 2171 1984 diese
2199 1922 2303 1982 Führer
2331 1922 2376 1982 von
2408 1923 2513 1983 damals
2540 1923 2631 1983 hätten
2659 1921 2699 1981 sich
2732 1922 2868 1982 überlebt.
2905 1923 2954 1983 Die
2982 1925 3073 1985 Zeiten

2098 1955 2156 2015 nach
2181 1957 2227 2017 uns
2252 1957 2357 2017 werden
2387 1957 2407 2017 in
2433 1957 2508 2017 ihnen
2538 1957 2676 2017 lebendige
2702 1957 2856 2017 Schilderer
2877 1957 2953 2017 einer
2974 1961 3074 2021 Epochs

2102 1992 2210 2052 finden,
2231 1990 2271 2050 die
2295 1992 2392 2052 ebenso
2421 1990 2599 2050 unerfreulich
2628 1990 2676 2050 wie
2704 1991 2801 2051 wichtig
2834 1990 2902 2050 war.

2169 2025 2269 2085 Arthur
2294 2025 2440 2085 Schnitzler
2466 2026 2561 2086 errang
2591 2025 2674 2085 seinen
2708 2025 2787 2085 ersten
2817 2025 2917 2085 großen
2947 2025 3080 2085 Bühnen¬

2102 2058 2182 2118 erfolg
2211 2058 2260 2118 mit
2280 2058 2324 2118 der
2345 2058 2483 2118 Tragödie
2507 2058 2673 2118 „Liebelet“.
2706 2058 2754 2118 Die
2780 2058 2986 2118 Sinnlosigheit
3003 2058 3075 2118 einer

2102 2094 2231 2154 sorglosen
2260 2093 2336 2153 Zeit,
2353 2092 2409 2152 ihre
2435 2092 2625 2152 versteinerten
2654 2089 2759 2149 Gesetze
2784 2091 2832 2151 und
2861 2091 2901 2151 die
2926 2091 3075 2151 revolutio¬

2102 2125 2168 2185 näre
2198 2127 2322 2187 Jugend,
2348 2126 2389 2186 die
2419 2127 2485 2187 nicht
2514 2124 2564 2184 mit
2589 2125 2630 2185 sich
2660 2124 2714 2184 und
2743 2126 2818 2186 ihrer
2848 2125 2964 2185 Umwelt
2993 2126 3068 2186 fertig

2102 2160 2183 2220 wird,
2197 2162 2256 2222 gibt
2278 2160 2320 2220 das
2347 2160 2462 2220 Thema.
2493 2160 2582 2220 Ueber
2604 2160 2711 2220 weitere
2733 2160 2960 2220 Theatererfolge
2982 2160 3076 2220 „Frei¬

2102 2192 2196 2252 wild",
2227 2194 2469 2254 „Vermächtnis",
2496 2194 2573 2254 „Der
2604 2193 2698 2253 Grüne
2738 2193 2889 2253 Kakadu",
2919 2196 3074 2256 „Professor

2104 2227 2269 2287 Bernhardi“
2290 2229 2406 2289 gelangt
2427 2226 2471 2286 der
2492 2228 2580 2288 Autor
2605 2228 2625 2288 zu
2654 2228 2726 2288 einem
2763 2228 2847 2288 etwas
2872 2227 2985 2287 bitteren
3014 2228 3066 2288 Ton

2102 2261 2147 2321 der
2169 2261 2285 2321 sozialen
2315 2261 2465 2321 Tragödie,
2486 2261 2523 2321 die
2549 2261 2732 2321 schwermütig
2762 2261 2811 2321 und
2837 2261 2874 2321 ein
2908 2261 2991 2321 wenig
3020 2259 3078 2319 sen¬

2100 2294 2225 2354 timental
2254 2294 2278 2354 in
2311 2294 2360 2354 den
2397 2296 2502 2356 meisten
2539 2294 2629 2354 seiner
2662 2295 2759 2355 Werhe
2792 2294 2975 2354 vorherrscht.
3020 2295 3072 2355 Die

2096 2330 2208 2390 Erfolge
2234 2329 2322 2389 seiner
2347 2330 2523 2390 erzählenden
2553 2330 2687 2390 Schriften
2721 2329 2770 2389 sind
2800 2329 2929 2389 vielleicht
2955 2329 3072 2389 weniges

2098 2363 2312 2423 eindrucksvoll,
2337 2364 2401 2424 aber
2430 2364 2515 2424 gewiß
2547 2363 2733 2423 nachhaltiger
2762 2363 2786 2423 in
2819 2363 2892 2423 ihrer
2920 2363 3070 2423 Wirkung.

2098 2396 2178 2456 Seine
2207 2399 2369 2459 zahlreichen
2403 2398 2548 2458 Novellen,
2573 2398 2642 2458 seine
2671 2398 2792 2458 Romane
2821 2396 2959 2456 enthalten
2996 2399 3069 2459 einen

2098 2430 2121 2490 so
2150 2431 2336 2491 bedeutenden
2373 2431 2462 2491 Schatz
2491 2431 2518 2491 an
2555 2431 2851 2491 Menschenkenntnio,
2875 2431 3065 2491 Beobachtung

2098 2464 2143 2524 und
2173 2464 2361 2524 eigenartiger
2383 2464 2575 2524 Darstellung,
2597 2465 2642 2525 daß
2668 2466 2730 2526 hier
2752 2464 2806 2524 erst
2827 2464 2898 2524 seine
2924 2464 3070 2524 besondere

2094 2497 2311 2557 Persönlichkeit
2337 2497 2380 2557 sich
2416 2497 2471 2557 voll
2498 2497 2654 2557 auswirkt.
2698 2497 2754 2557 Der
2785 2499 2889 2559 Mensch
2924 2500 3072 2560 Schnitzler

2093 2530 2153 2590 war
2177 2530 2213 2590 ein
2242 2532 2371 2592 innerlich
2396 2532 2553 2592 Einsamer,
2573 2533 2618 2593 der
2638 2533 2820 2593 beobachtend
2845 2531 2868 2591 in
2897 2533 2982 2593 seiner
3006 2532 3070 2592 Um¬

2091 2566 2192 2626 gebung
2221 2566 2306 2626 lebte,
2326 2566 2371 2626 die
2395 2566 2423 2626 er
2452 2566 2497 2626 nie
2522 2566 2692 2626 bekämpfte,
2717 2566 2757 2626 die
2782 2565 2810 2625 er
2839 2565 2891 2625 nur
2916 2567 3066 2627 erkannte.

2096 2597 2164 2657 Sein
2199 2599 2371 2659 Geschmack,
2397 2599 2452 2659 sein
2488 2599 2565 2659 Takt
2595 2601 2646 2661 und
2686 2599 2737 2659 sein
2776 2601 2943 2661 Stilgefühl,
2974 2602 3063 2662 welche

2096 2633 2297 2693 Eigenschaften
2327 2633 2414 2693 seinen
2444 2633 2557 2693 Werken
2586 2632 2661 2692 ihren
2691 2633 2854 2693 besonderen
2888 2633 2951 2693 Reiz
2976 2635 3076 2695 geben,

2090 2667 2210 2727 machten
2236 2666 2275 2726 ihn
2301 2665 2344 2725 für
2370 2667 2413 2727 den
2439 2667 2525 2727 Alltag
2551 2667 2667 2727 sensibel
2685 2665 2736 2725 und
2763 2667 2986 2727 zurückhaltend.
3017 2667 3068 2727 Die

2104 2700 2182 2760 Jahre
2208 2700 2365 2760 bedeuteten
2399 2700 2436 2760 ihm
2478 2700 2553 2760 keine
2582 2701 2653 2761 Last,
2674 2700 2732 2760 doch
2766 2700 2886 2760 traurige
2916 2703 3065 2763 Erlednisse

2096 2733 2117 2793 in
2148 2736 2237 2796 seiner
2264 2734 2379 2794 Familie
2410 2736 2529 2796 drückten
2560 2733 2611 2793 auf
2633 2733 2684 2793 sein
2715 2735 2830 2795 Gemüt.
2869 2735 2925 2795 Der
2951 2736 3006 2796 Tod
3033 2733 3045 2793 -

2096 2768 2133 2828 ein
2167 2767 2358 2827 Schlaganfall
2380 2767 2392 2827 —
2439 2767 2505 2827 nahm
2547 2769 2589 2829 ihn
2618 2768 2718 2828 schnell
2744 2768 2794 2828 und
2823 2769 2982 2829 schmerzloo
3011 2769 3069 2829 hin¬

2095 2799 2166 2859 weg.
2205 2799 2242 2859 Er
2269 2802 2326 2862 war
2357 2802 2455 2862 gerade
2486 2802 2531 2862 von
2565 2802 2641 2862 einem
2683 2802 2873 2862 Spaziergang
2903 2803 3059 2863 gekommen

2095 2836 2146 2896 und
2181 2835 2258 2895 hatte
2289 2835 2323 2895 am
2371 2837 2460 2897 Abend
2500 2838 2598 2898 vorher
2633 2838 2676 2898 bei
2711 2838 2792 2898 bestem
2840 2838 2977 2898 Wohlsein
3012 2838 3059 2898 das

2098 2867 2218 2927 Theater
2250 2868 2364 2928 besucht.

2158 2903 2218 2963 Sein
2245 2903 2327 2963 Name
2353 2903 2413 2963 trug
2440 2900 2487 2960 das
2514 2900 2604 2960 Wesen
2631 2902 2674 2962 des
2701 2903 2774 2963 alten
2800 2904 2960 2964 Oesterreich
2991 2904 3064 2964 durch

2095 2938 2131 2998 die
2155 2936 2240 2996 ganze
2269 2936 2358 2996 Welt.
2395 2936 2483 2996 Seine
2508 2936 2609 2996 Stücke
2638 2936 2747 2996 wurden
2780 2938 2800 2998 in
2837 2938 2901 2998 allen
2934 2938 3055 2998 Ländern

2092 2972 2266 3032 aufgeführt,
2287 2970 2358 3030 seine
2387 2972 2566 3032 erzählenden
2599 2970 2732 3030 Schriften
2766 2972 2786 3032 in
2820 2972 2886 3032 allen
2924 2973 3057 3033 Sprachen

2092 3005 2233 3065 übersetzt.
2267 3004 2341 3064 Wien
2372 3004 2488 3064 stimmte
2514 3005 2580 3065 schon
2613 3005 2650 3065 die
2676 3005 2884 3065 Instrumente,
2906 3005 2934 3065 um
2973 3008 3060 3068 seinen

2094 3040 2198 3100 Dichter
2223 3039 2248 3099 zu
2274 3038 2378 3098 Beginn
2408 3038 2453 3098 des
2475 3038 2520 3098 70.
2537 3040 2743 3100 Geburtstages
2772 3041 2793 3101 zu
2823 3041 2977 3101 begrüßen.
3011 3040 3065 3100 Der

2092 3068 2146 3128 Tod
2184 3070 2246 3130 trat
2276 3071 2455 3131 dazwischen.
2493 3068 2543 3128 Die
2577 3072 2681 3132 Geigen
2723 3072 2827 3132 werden
2869 3073 3065 3133 Trauerlieder

2098 3106 2188 3166 spielen
2210 3108 2274 3168 ...
2309 3109 2385 3169 „Wir
2412 3109 2506 3169 spielen
2532 3108 2643 3168 immer.
2678 3106 2742 3166 Wer
2764 3106 2794 3166 es
2816 3108 2901 3168 weiß,
2919 3107 2948 3167 ist
2970 3109 3047 3169 klug.

2648 3142 2720 3202 Eva
2746 3142 3033 3202 Schauwecker.

2271 3199 2346 3259 Der
2376 3202 2544 3262 lachende
2580 3200 2847 3260 Schnitzler..

2161 3250 2412 3310 Charakteristische
2439 3250 2598 3310 Anekdoten
2630 3250 2660 3310 um
2701 3250 2744 3310 den
2776 3250 2846 3310 toten
2877 3250 2996 3310 Dichter.

2161 3330 2319 3390 Schnitzler,
2347 3330 2409 3390 auch
2446 3331 2468 3391 im
2514 3330 2735 3390 Freundeskreis
2772 3330 2862 3390 häufig
2903 3333 2975 3393 mohr
3012 3333 3052 3393 als

2090 3368 2181 3428 bissig,
2206 3365 2256 3425 sitzt
2281 3364 2331 3424 mit
2360 3366 2522 3426 Bekannten
2552 3366 2576 3426 in
2606 3366 2681 3426 Wien
2714 3366 2863 3426 plaudernd
2893 3367 3063 3427 zusemmen.

2092 3399 2121 3459 In
2146 3400 2309 3460 angeregter
2335 3401 2493 3461 Stimmung
2519 3399 2628 3459 erzählt
2649 3402 2791 3462 Schnitzler
2816 3402 2887 3462 einen
2917 3404 2975 3464 Wiz
3009 3405 3055 3465 den

2088 3435 2113 3495 er
2139 3434 2258 3494 kürzlich
2288 3435 2429 3495 irgendwo
2459 3435 2561 3495 gehört
2587 3433 2646 3493 hat.

2156 3465 2324 3525 Schallendes
2355 3467 2515 3527 Gelächter;
2541 3467 2653 3527 plötzlich
2684 3467 2748 3527 sagt
2775 3467 2818 3527 M.
2844 3467 2891 3527 P.,
2913 3468 2961 3528 der
2991 3469 3060 3529 nicht

2088 3501 2162 3561 ganz
2187 3500 2363 3560 unbekannte
2395 3500 2576 3560 Mitarbeiter
2608 3501 2718 3561 Wiener
2750 3498 2859 3558 Blätter
2895 3499 2942 3559 und
2978 3502 3060 3562 Vater

2088 3533 2245 3593 zahlreicher
2270 3535 2452 3595 Aphorismen
2481 3536 2529 3596 und
2558 3535 2720 3595 Paradoxe:
2745 3534 2920 3594 „Glänzend,
2940 3536 3053 3596 wirklich

2086 3569 2233 3629 glänzend!
2250 3569 2328 3629 Diese
2355 3570 2471 3630 Pointe!
2506 3572 2549 3632 Ich
2576 3571 2705 3631 wünschte
2731 3570 2865 3630 wirklich,
2887 3572 2969 3632 diesen
3000 3574 3060 3634 Witz

2087 3602 2157 3662 hätte
2183 3603 2229 3663 ich
2255 3602 2401 3662 gemacht!“

2152 3636 2260 3696 Darauf
2282 3638 2441 3698 Schnitzler,
2463 3636 2513 3696 mit
2534 3638 2681 3698 todernstem
2723 3637 2836 3697 Gesicht:

2154 3671 2212 3731 „Du
2242 3670 2346 3730 wirst
2371 3673 2413 3733 ihn
2443 3671 2564 3731 machen,
2585 3672 2673 3732 lieber
2698 3671 2836 3731 Freund!“

2156 3751 2256 3811 Arthur
2281 3754 2426 3814 Schnitzler
2451 3755 2555 3815 kommt
2576 3754 2624 3814 von
2653 3754 2729 3814 einer
2754 3755 2879 3815 längeren
2908 3756 3057 3816 Vortrags¬

2088 3788 2152 3848 reise
2177 3788 2269 3848 zurück
2302 3789 2351 3849 und
2384 3792 2448 3852 wird
2477 3790 2533 3850 nach
2562 3791 2651 3851 seinem
2688 3790 2780 3850 Erfolg
2813 3792 2935 3852 gefragt.
2972 3790 3052 3850 Müde

2085 3823 2177 3883 winkt
2201 3823 2229 3883 er
2258 3823 2309 3883 ab:

2160 3856 2237 3916 „Ach,
2264 3856 2336 3916 laßts
2367 3856 2427 3916 mich
2458 3857 2612 3917 zufrieden.
2656 3856 2733 3916 Zwei
2759 3856 2914 3916 Sekretäre
2944 3859 2991 3919 hab
3022 3856 3056 3916 ich

2081 3890 2223 3950 gebraucht
2250 3891 2380 3951 während
2411 3890 2452 3950 der
2480 3891 2575 3951 Reise!
2614 3890 2671 3950 Der
2702 3890 2759 3950 eine
2786 3891 2989 3951 beantwortete
3016 3891 3054 3951 die

2088 3924 2191 3984 Briefe,
2211 3923 2251 3983 die
2275 3922 2306 3982 ich
2330 3924 2445 3984 erhielt,
2465 3924 2512 3984 der
2536 3924 2635 3984 andere
2664 3924 2806 3984 versandte
2834 3924 3000 3984 Haarlocken
3028 3924 3056 3984 an

2083 3955 2166 4015 meine
2194 3957 2331 4017 Verehrer
2359 3957 2410 4017 und
2442 3957 2678 4017 Verehrerinnen.
2722 3958 2792 4018 Aber
2820 3960 2894 4020 beide
2922 3960 2993 4020 habe
3017 3960 3048 4020 ich

2089 3990 2172 4050 leider
2197 3992 2352 4052 unterwegs
2377 3993 2553 4053 zurücklassen
2582 3993 2711 4053 müssen!“

2155 4026 2234 4086 „Ach,
2259 4026 2349 4086 warum
2389 4026 2480 4086 denn?

2152 4059 2247 4119 „Nun,
2268 4059 2314 4119 der
2340 4060 2398 4120 eine
2423 4060 2489 4120 liegt
2511 4059 2531 4119 im
2569 4059 2669 4119 Spital
2690 4059 2740 4119 mit
2766 4059 2836 4119 einem
2874 4059 3053 4119 Schreib¬

2082 4094 2268 4154 krampf,
2287 4094 2333 4154 und
2361 4094 2407 4154 der
2431 4094 2533 4154 andere
2557 4094 2589 4154 ist
2608 4095 2850 4155 kahlköpfig
2878 4094 3050 4154 geworden!“
