3344 4352
1404 303 1528 363 box
1607 300 1833 360 43/26

115 324 229 384 12.
288 317 885 377 Schnitzjer's
953 309 1183 369 Death

2343 707 2483 767 (ER

1770 705 2297 765 OBSER)

1854 768 1876 828 I.
1891 768 2013 828 österr.
2023 765 2173 825 behördl.
2187 765 2483 825 konzessioniertes

1804 809 2038 869 Unternehmen
2071 807 2118 867 für
2142 804 2532 864 Zeitungs-Ausschnitte

275 845 1003 905 OBSERVER

1857 870 2004 930 WIEN,
2033 869 2082 929 I.,
2112 870 2394 930 WOLLZEILE
2444 867 2486 927 11

365 900 388 960 l.
402 903 527 963 österr.
537 903 689 963 behördl.
703 903 1004 963 konzessioniertes

1949 921 2169 981 TELEPHON
2204 918 2379 978 R-23-0-43

326 942 559 1002 Unternehmen
589 942 636 1002 für
660 945 1047 1005 Zeitungs-Ausschnitte

378 1001 531 1061 WIEN,
562 1002 598 1062 I.,

626 1004 908 1064 WOLLZEILE
957 1007 997 1067 11

472 1054 691 1114 TELEPHON
726 1055 904 1115 R-23-0-43

1763 1064 1985 1124 Ausschnitt
2010 1064 2099 1124 aus:

1867 1133 2118 1193 Dalennik
2166 1128 2459 1188 poznanski

275 1192 493 1252 Ausschnitt
519 1195 606 1255 aus:

1763 1288 1886 1348 vom:

1967 1303 2290 1363 30.10.1931

406 1330 529 1390 Nasz
566 1334 695 1394 Glos
738 1342 992 1402 Warszawa

269 1419 385 1479 vom:

1755 1437 1942 1497 Testament
1958 1440 2166 1500 Schnitzlera.
2199 1443 2320 1503 Zmarły
2343 1443 2358 1503 w
2391 1445 2529 1505 Wiedniu
2556 1449 2663 1509 słynny
2690 1451 2759 1511 dra-

588 1453 923 1513 29.10.1931

1685 1479 1806 1539 maturg
1839 1480 1852 1540 i
1876 1480 2159 1540 powieściopisarz,
2188 1482 2281 1542 Artur
2309 1485 2500 1545 Schnitzler,
2533 1491 2755 1551 rozporządził

1685 1519 1857 1579 kodycylem
1894 1520 1929 1580 do
1953 1521 2048 1581 swego
2071 1522 2266 1582 testamentu,
2280 1524 2442 1584 spisanego
2466 1527 2534 1587 dnia
2557 1530 2588 1590 29
2611 1532 2751 1592 kwietnia

1682 1556 1756 1616 1912
1785 1559 1826 1619 r.,
1845 1559 1901 1619 aby
1930 1559 2018 1619 przed
2051 1562 2214 1622 pogrzebem
2256 1562 2392 1622 przebito
2420 1565 2466 1625 mu
2495 1568 2597 1628 serce,
2616 1571 2676 1631 aby
2705 1571 2751 1631 nie

1685 1598 1838 1658 składano
1867 1598 2001 1658 wieńców
2040 1601 2072 1661 na
2105 1603 2169 1663 jego
2198 1601 2328 1661 trumnie
2351 1604 2365 1664 i
2389 1605 2445 1665 aby
2473 1607 2524 1667 nie
2548 1607 2621 1667 było
2650 1611 2663 1671 w
2706 1609 2752 1669 pi-

1685 1637 1784 1697 smach
1816 1640 2002 1700 nekrologów
2039 1640 2052 1700 o
2080 1640 2143 1700 jego
2171 1640 2274 1700 zgonie
2302 1643 2310 1703 i
2334 1644 2492 1704 wreszcie,
2511 1646 2583 1706 żeby
2611 1651 2660 1711 nie
2683 1652 2755 1712 roz-

437 1654 493 1714 0
552 1661 676 1721 mym
746 1665 950 1725 Egonle
1010 1664 1134 1724 miki
1170 1660 1260 1720 nre
1319 1661 1511 1721 platze

258 1671 343 1731 ied

1687 1679 1795 1739 syłano
1823 1680 1958 1740 żadnych
1991 1679 2153 1739 zaproszeń
2185 1681 2217 1741 na
2249 1685 2398 1745 pogrzeb.
2439 1686 2480 1746 Co
2512 1687 2552 1747 się
2580 1691 2670 1751 tyczy
2702 1691 2747 1751 sa-

1686 1721 1769 1781 mego
1794 1721 1960 1781 pogrzebu,
1975 1722 1999 1782 to
2024 1721 2132 1781 żądał,
2142 1721 2195 1781 aby
2221 1721 2269 1781 był
2290 1724 2333 1784 jak
2358 1727 2637 1787 najskromniejszy
2662 1731 2671 1791 i
2691 1732 2745 1792 aby

1687 1759 1845 1819 pieniądze
1872 1759 2097 1819 przeznaczone
2119 1759 2150 1819 na
2173 1762 2300 1822 pogrzeb
2323 1763 2490 1823 wystawny
2513 1768 2645 1828 rozdano
2672 1770 2755 1830 szpi-

155 1768 430 1828 Zamiast
482 1768 542 1828 na
595 1765 869 1825 pogrzeb
942 1763 1135 1823 jepiaj
1177 1759 1391 1819 wydać
1443 1760 1534 1820 pie

1682 1798 1798 1858 talom.
1831 1801 1938 1861 Prosił
1962 1800 2091 1860 również
2115 1799 2128 1859 o
2152 1804 2407 1864 niewygłaszanie
2436 1807 2501 1867 mów
2534 1807 2570 1867 na
2599 1812 2663 1872 jego
2692 1811 2747 1871 po-

1680 1840 1802 1900 grzebie
1826 1840 1835 1900 i
1855 1840 1868 1900 o
1892 1840 2090 1900 nienoszenie
2115 1840 2232 1900 tałoby.

326 1846 545 1906 niądze
606 1846 674 1906 na
727 1845 855 1905 cele
917 1842 1405 1902 dobroczynne.

211 1941 794 2001 Testament
847 1937 1563 1997 Schnitzlera.

1617 1965 1727 2025 także
1757 1965 1967 2025 wszelkich
1996 1968 2130 2028 innych
2160 1969 2311 2029 ceremo

204 2027 223 2087 Z
256 2022 431 2082 Wiednia
458 2022 652 2082 «tonosza,
673 2022 711 2082 że
783 2020 828 2080 po
887 2020 939 2080 by
966 2021 1023 2081 nie
1057 2018 1271 2078 rozlepiano
1298 2018 1486 2078 klepsydr
1539 2016 1577 2076 na
1624 2017 1695 2077 nij.
1715 2018 1766 2078 jak
1806 2016 2026 2076 asystencii
2073 2019 2319 2079 karawania-

1618 2065 1684 2125 rzy
1715 2064 1726 2124 i
1745 2064 1781 2124 t.
1800 2065 1842 2125 d.

158 2079 270 2139 zrzeb
302 2076 502 2136 emarlego
534 2072 552 2132 w
598 2072 678 2132 tych
717 2072 848 2132 dniach
893 2070 1049 2130 murach
1081 2069 1213 2129 miasta
1245 2066 1256 2126 i
1276 2065 1319 2125 by
1351 2067 1407 2127 nie
1433 2067 1589 2127 składa-

1666 2115 1725 2175 Do
1752 2115 1891 2175 swoich
1925 2117 2130 2177 krewnych
2158 2118 2310 2178 Schnitz

888 2121 931 2181 no
965 2120 1137 2180 wieńców
1182 2118 1220 2178 na
1248 2118 1436 2178 trumnie.

151 2124 427 2184 znakomitego
477 2121 632 2181 pisarza
710 2121 847 2181 Artura

938 2167 1264 2227 Zaoszczędzone
1293 2165 1309 2225 w
1355 2165 1411 2225 ten
1440 2164 1580 2224 sposób

1622 2165 1678 2225 ler
1701 2162 1865 2222 zwrócił
1894 2165 1939 2225 sie
1968 2165 1985 2225 z
2014 2168 2178 2228 prośba,
2196 2168 2235 2228 by
2270 2168 2308 2228 po

157 2174 399 2234 Schnitzlera
429 2171 499 2231 byl
530 2171 671 2231 bardzo
707 2168 860 2228 skrom-

1617 2216 1700 2276 jego
1728 2216 1897 2276 śmierci
1914 2216 2132 2276 absolutnie

891 2219 1088 2279 pieniadze
1117 2216 1227 2276 prosi
1252 2216 1472 2276 Schitzler

153 2227 224 2287 ny.
244 2225 352 2285 Stało
383 2222 430 2282 sie
456 2222 491 2282 to
516 2222 564 2282 na
595 2219 777 2279 wyraźne
808 2219 849 2279 ży

1768 2264 1828 2324 nie
1859 2267 1974 2327 nosili
1993 2267 2163 2327 żałoby.

152 2279 287 2339 czenie
317 2274 535 2334 zmarłego,
553 2273 659 2333 który
695 2271 712 2331 w
748 2270 848 2330 testa
890 2268 1161 2328 przeznaczyć
1197 2266 1237 2326 na
1273 2264 1350 2324 cele
1386 2265 1591 2325 szpitaine.

936 2315 957 2375 W
1013 2315 1134 2375 czasie
1163 2317 1356 2377 pogrzebu
1385 2315 1440 2375 nie
1468 2315 1584 2375 miała

1669 2315 1900 2375 Testament
1924 2316 2086 2376 zawiera
2116 2318 2225 2378 także
2249 2318 2312 2378 sze

157 2328 304 2388 menoie
340 2322 475 2382 prosi!.

1072 2367 1194 2427 wedle
1243 2365 1467 2425 testament
1542 2359 1557 2419 —

1614 2365 1687 2425 reg
1716 2365 1982 2425 postanowien
2022 2366 2061 2426 co
2090 2366 2135 2426 do
2170 2365 2316 2425 spuśc'-

890 2369 967 2429 byé

147 2382 198 2442 by
236 2380 405 2440 pozrzeb
443 2371 517 2431 byl
562 2371 813 2431 laknaiskrom

1529 2413 1566 2473 a
1610 2414 1685 2474 zny
1717 2416 1941 2476 literackiej
1967 2416 2228 2476 Schnitzlera.

884 2416 1144 2476 wygłoszona
1181 2416 1303 2476 żadna
1334 2413 1492 2473 mowa.

433 2422 604 2482 nieiszy,

2405 2458 2924 2518 3SERVER

1362 2452 1471 2512 Osierr
1497 2458 1644 2518 benordi.
1657 2466 1950 2526 konzessioniertes

1278 2490 1510 2550 Unternehmen
1542 2496 1591 2556 für
1611 2504 2000 2564 Zeitungs-Ausschnitte

2294 2523 2326 2583 I.
2337 2521 2458 2581 österr.
2470 2518 2617 2578 behördl.
2629 2512 2925 2572 konzessioniertes

2253 2562 2491 2622 Unternehmen
2520 2558 2565 2618 für
2594 2553 2973 2613 Zeitungs-Ausschnitte

1329 2553 1479 2613 WIEN,
1508 2560 1558 2620 I.,
1580 2565 1860 2625 WOLLZEILE
1911 2573 1953 2633 11

1425 2607 1640 2667 TELEPHON
1675 2615 1844 2675 R-23-0-43

2307 2622 2455 2682 WIEN,
2480 2620 2534 2680 I.,
2558 2617 2840 2677 WOLLZEILE
2880 2613 2926 2673 11

2404 2673 2626 2733 TELEPHON
2662 2664 2837 2724 R-23-0-43

1204 2742 1437 2802 Ausschnitt
1464 2748 1554 2808 aus:

2207 2817 2432 2877 Ausschnitt
2458 2814 2545 2874 aus:

1267 2857 1463 2917 Kurjer
1515 2860 1768 2920 Zachodni

164 2909 385 2969 Ausschnitt
408 2906 501 2966 aus:

1522 2916 1865 2976 (Sosnowiec)

1205 2968 1312 3028 vom:
1409 2974 1727 3034 30.10.1931

276 3028 472 3088 BASLER
502 2986 880 3046 MACHRIURTES

2503 3039 2586 3099 3O.
2610 3043 2736 3103 OKT.
2758 3039 2854 3099 1937

2211 3043 2324 3103 vom:

2180 3124 2294 3184 Arthur
2330 3119 2523 3179 Schnizleus-
2533 3118 2736 3178 literurischer
2764 3115 2886 3175 Nachlaß
2923 3112 2974 3172 hat
3002 3109 3063 3169 sich

1221 3137 1523 3197 Testament
1563 3126 1916 3186 Schnitzlera.

493 3125 597 3185 30.
619 3137 723 3197 OKT

169 3132 280 3192 vom:

2141 3161 2185 3221 bei
2216 3159 2261 3219 der
2292 3159 2423 3219 weiteren
2464 3154 2625 3214 Durchsicht
2651 3153 2695 3213 als
2731 3150 2857 3210 überaus
2888 3147 3059 3207 reichhaltig

808 3154 875 3214 31

2143 3198 2299 3258 erwiesen.
2319 3196 2369 3256 Die
2395 3195 2652 3255 Tagebücher
2678 3191 2763 3251 allein
2789 3190 2925 3250 umfassen
2956 3186 3066 3246 mehr

1184 3218 1344 3278 Zmarły
1385 3210 1396 3270 w
1454 3207 1614 3267 Wiedniu
1667 3203 1804 3263 słynny
1839 3198 2000 3258 drama-

2140 3238 2213 3298 als
2253 3237 2351 3297 zehn
2401 3234 2557 3294 Bände.
2592 3231 2671 3291 Drei
2710 3228 2818 3288 Bände
2858 3226 3059 3286 Aphorismen

357 3252 420 3312 Zum
463 3252 583 3312 Nachlaß
619 3248 809 3308 Schnitzlers.

1144 3270 1228 3330 turg
1262 3268 1278 3328 i
1302 3258 1662 3318 powieściopisarz,
1685 3252 1803 3312 Artur
1832 3249 2006 3309 Schnitz-

2145 3276 2257 3336 „Kunst
2287 3273 2311 3333 im
2361 3272 2586 3332 allgemeinen",
2616 3270 2689 3330 „Zum
2739 3267 2837 3327 Wesen
2872 3267 2915 3327 der
2950 3261 3043 3321 Kritik

127 3303 191 3363 Sp.
219 3301 321 3361 Wien,
344 3300 397 3360 30.
419 3300 489 3360 Okt.
517 3297 576 3357 Ag.
604 3296 663 3356 Wie
701 3294 766 3354 man
799 3294 933 3354 erfährt,
956 3288 1009 3348 hat
1037 3286 1079 3346 die

1144 3318 1216 3378 ler,
1245 3309 1527 3369 rozporządził
1556 3302 1771 3362 kodycylem
1829 3298 1873 3358 do
1913 3294 2003 3354 swe-

2147 3312 2199 3372 und
2238 3312 2285 3372 die
2314 3310 2472 3370 besonders
2506 3309 2746 3369 aufschlußreiche
2785 3304 3062 3364 Kriegssammlung

92 3344 151 3404 rste
187 3341 363 3401 Eröffnung
399 3339 448 3399 von
489 3338 670 3398 Schnitzlers
706 3332 902 3392 literarischem
953 3326 1078 3386 Nachlaß

2149 3351 2228 3411 „Und
2264 3350 2379 3410 einmal
2410 3347 2485 3407 wird
2526 3347 2631 3407 wieder
2667 3344 2772 3404 Friede
2807 3341 2937 3401 werden"
2973 3338 3058 3398 sollen

1147 3365 1179 3425 go
1213 3361 1469 3421 testamentu,
1486 3353 1680 3413 spisanego
1708 3349 1792 3409 dnia
1820 3347 1858 3407 29
1887 3343 2008 3403 kwie-

1008 3364 1084 3424 Der

91 3383 179 3443 wei
221 3380 435 3440 Einakter
483 3377 534 3437 zum
595 3373 748 3433 Vorschein
805 3368 949 3428 gebracht.

2146 3387 2207 3447 bald
2244 3387 2291 3447 als
2322 3386 2431 3446 Bücher
2462 3385 2638 3445 erscheinen.
2665 3383 2773 3443 Ferner
2805 3380 2924 3440 wurden
2955 3377 3095 3437 neun¬

1144 3414 1217 3474 tnia
1257 3410 1341 3470 1912
1382 3407 1433 3467 r.,
1484 3404 1557 3464 aby
1598 3401 1704 3461 przed
1774 3395 1988 3455 pogrzebem

89 3422 149 3482 irste
187 3421 214 3481 in
262 3419 378 3479 Persien
426 3415 593 3475 geschrieben
645 3413 701 3473 und
743 3409 827 3469 spielt
865 3407 888 3467 im
944 3404 1084 3464 Dreißig¬

2154 3426 2308 3486 fertige
2340 3425 2546 3485 Einakter
2572 3422 2732 3482 gefunden,
2758 3419 2805 3479 die
2831 3418 2985 3478 Schnitzler
3017 3415 3063 3475 der

89 3460 210 3520 lährigen
247 3458 352 3518 Krieg,
397 3455 442 3515 der
488 3453 588 3513 zweite
625 3450 710 3510 trägt
743 3447 792 3507 den
838 3446 942 3506 Titel:
979 3441 1083 3501 „Haus

1146 3461 1313 3521 przebito
1352 3458 1411 3518 mu
1449 3453 1573 3513 serce,
1618 3450 1693 3510 aby
1731 3448 1784 3508 nie
1818 3443 2007 3503 składano

2145 3465 2380 3525 Oeffentlichkeit
2405 3461 2601 3521 vorenthielt.
2621 3461 2709 3521 Einer
2739 3458 2831 3518 davon
2866 3458 2954 3518 spielt
2979 3455 3062 3515 unter

94 3500 256 3560 Pelorme“,
284 3497 374 3557 spielt
402 3494 428 3554 in
465 3491 546 3551 einer
583 3489 832 3549 Theaterfamilie
869 3484 923 3544 und
960 3482 1009 3542 hat
1041 3479 1086 3539 die

2151 3503 2372 3563 Landsknechten
2403 3501 2427 3561 im
2464 3501 2720 3561 Dreißigjährigen
2751 3497 2831 3557 Krieg
2857 3496 2912 3556 und
2938 3495 2968 3555 ist
2988 3493 3063 3553 eines

1147 3510 1323 3570 wieńców
1367 3506 1411 3566 na
1451 3503 1533 3563 jego
1572 3499 1738 3559 trumnie
1794 3497 1810 3557 i
1838 3495 1915 3555 aby
1954 3491 2009 3551 nie

86 3537 318 3597 Schauspielerin
361 3532 448 3592 Adele
487 3531 635 3591 Sandrock
673 3528 724 3588 zur
757 3526 882 3586 Heldin.
930 3519 999 3579 Das
1036 3518 1087 3578 vor

2150 3541 2199 3601 der
2224 3541 2351 3601 wenigen
2385 3538 2483 3598 Werke
2508 3536 2699 3596 Schnitzlers,
2719 3534 2762 3594 die
2792 3533 2816 3593 in
2846 3532 2949 3592 Versen
2984 3532 3066 3592 abge¬

1144 3559 1238 3619 było
1274 3557 1291 3617 w
1340 3554 1510 3614 pismach
1553 3547 1794 3607 nekrologów
1860 3538 1883 3598 o
1925 3538 2001 3598 jego

86 3577 112 3637 30
149 3576 262 3636 Jahren
298 3573 497 3633 geschriebene
529 3569 619 3629 Stück
660 3568 728 3628 ollte
760 3563 877 3623 damals
914 3560 941 3620 in
977 3559 1076 3619 Berlin

2152 3580 2213 3640 faßt
2234 3580 2312 3640 sind.
2328 3580 2379 3640 Ein
2405 3577 2529 3637 anderer
2551 3574 2706 3634 behandelt
2727 3573 2793 3633 den
2820 3571 3073 3631 Altenberg¬

1149 3609 1284 3669 zgonie
1336 3605 1352 3665 i
1381 3601 1557 3661 wreszcie
1592 3598 1682 3658 żeby
1717 3592 1767 3652 nie
1802 3590 2005 3650 rozsyłano

89 3618 132 3678 zur
161 3613 394 3673 Uraufführung
424 3610 571 3670 kommen.
605 3604 762 3664 Schnitzler
792 3604 839 3664 zog
868 3600 896 3660 es
925 3598 1016 3658 jedoch
1045 3597 1068 3657 im

2152 3619 2273 3679 Kreis
2305 3616 2342 3676 in
2379 3613 2835 3673 Schlüssel=Figuren,
2862 3610 2946 3670 unter
2979 3607 3062 3667 denen

89 3656 174 3716 setzten
206 3652 382 3712 Augenblick
405 3649 500 3709 zurück
528 3646 582 3706 und
610 3646 663 3706 hat
687 3645 713 3705 es
741 3643 786 3703 bis
814 3642 840 3702 zu
877 3638 967 3698 seinem
1013 3637 1085 3697 Tode

1147 3658 1322 3718 żadnych
1357 3654 1567 3714 zaproszeń
1602 3649 1641 3709 na
1670 3643 1863 3703 pogrzeb.
1881 3640 1932 3700 Co
1966 3637 2011 3697 się

2153 3655 2241 3715 außer
2271 3655 2428 3715 Altenberg
2459 3654 2522 3714 auch
2557 3651 2714 3711 Schnitzler
2744 3649 2832 3709 selber
2867 3649 2891 3709 zu
2926 3646 3064 3706 erkennen

85 3696 244 3756 herwahrt.
288 3693 389 3753 Außer
429 3688 477 3748 den
526 3685 684 3745 Einaktern
734 3682 768 3742 ist
804 3681 870 3741 auch
905 3676 953 3736 der
985 3673 1090 3733 Ent¬

2154 3694 2203 3754 ist;
2224 3694 2269 3754 der
2300 3694 2435 3754 Einakter
2462 3693 2541 3753 heißt
2567 3691 2648 3751 „Das
2678 3688 2799 3748 Wort".
2815 3685 2900 3745 Dann
2936 3685 3071 3745 entdeckte

1155 3706 1267 3766 tyczy
1301 3703 1447 3763 samego
1476 3699 1695 3759 pogrzebu,
1719 3696 1752 3756 to
1781 3691 1915 3751 żądał,
1933 3688 2006 3748 aby

83 3735 194 3795 zvurf
222 3735 268 3795 zu
307 3729 432 3789 einer
460 3726 669 3786 Komödie
703 3720 842 3780 gefunden
884 3718 1019 3778 worden,
1048 3715 1089 3775 die

2155 3732 2215 3792 man
2249 3732 2313 3792 auch
2346 3730 2397 3790 das
2435 3730 2532 3790 „Haus
2560 3726 2737 3786 Delorme",
2756 3724 2802 3784 den
2840 3723 2993 3783 Einakter,
3012 3723 3063 3783 den

1158 3756 1229 3816 był
1254 3749 1692 3809 jaknajskromniejszy
1723 3745 1740 3805 i
1765 3741 1836 3801 aby
1873 3737 2017 3797 pienią-

2153 3770 2310 3830 Schnitzler
2336 3770 2453 3830 zugleich
2478 3769 2532 3829 mit
2552 3766 2596 3826 dem
2636 3765 2773 3825 „Grünen
2803 3762 2936 3822 Kakadu"
2956 3762 3073 3822 schrieb,

92 3774 111 3834 m
157 3771 534 3831 Peter=Altenberg=Kreis
570 3765 675 3825 spielen
716 3759 811 3819 sollte.

1148 3805 1214 3865 dze
1246 3800 1526 3860 przeznaczone
1557 3798 1598 3858 na
1635 3791 1795 3851 pogrzeb
1832 3786 2018 3846 wystaw-

2152 3808 2208 3868 und
2236 3807 2287 3867 der
2315 3807 2367 3867 vor
2395 3807 2423 3867 26
2456 3807 2568 3867 Jahren
2601 3804 2647 3864 bei
2671 3802 2848 3862 Barnowsky
2877 3801 2900 3861 im
2947 3798 3063 3858 Kleinen

2155 3846 2276 3906 Theater
2300 3846 2537 3906 herauskommen
2565 3841 2658 3901 sollte.
2677 3841 2751 3901 Kurz
2775 3840 2825 3900 vor
2849 3838 2895 3898 der
2919 3837 3067 3897 Premiere

1155 3857 1200 3917 ny
1242 3852 1403 3912 rozdano
1438 3846 1669 3906 szpitalom.
1693 3840 1820 3900 Prosił
1849 3834 2016 3894 również

2158 3887 2200 3947 zog
2225 3885 2383 3945 Schnitzler
2407 3882 2474 3942 das,
2484 3883 2579 3943 Werk,
2599 3882 2647 3942 das
2671 3879 2695 3939 in
2729 3879 2805 3939 einer
2830 3876 3069 3936 Theaterfamilie

1149 3903 1166 3963 o
1196 3900 1526 3960 niewygłaszanie
1550 3894 1636 3954 mów
1678 3893 1712 3953 na
1747 3888 1828 3948 jego
1858 3885 2020 3945 pogrze-

2155 3924 2239 3984 spielt
2268 3923 2323 3983 und
2352 3920 2380 3980 in
2415 3920 2459 3980 dem
2505 3920 2549 3980 die
2573 3917 2662 3977 Adele
2691 3915 2837 3975 Sandrock
2866 3915 2916 3975 von
2945 3915 3080 3975 damals¬

1155 3950 1218 4010 bie
1247 3951 1258 4011 i
1282 3951 1298 4011 o
1334 3944 1564 4004 nienoszeniu
1605 3938 1737 3998 żałoby

2155 3962 2299 4022 unschwer
2334 3962 2357 4022 zu
2382 3959 2520 4019 erkennen
2545 3957 2601 4017 ist,
2610 3956 2716 4016 wieder
2741 3956 2861 4016 zurück.
