3392 4320
174 312 280 372 12.
340 318 938 378 Schnitzler's
1007 312 1241 372 Death

246 3467 642 3527 itzler
731 3448 1329 3508 plontee

221 3688 749 3748 oden.

152 3861 367 3921 Arbeit
417 3854 572 3914 einem
658 3846 1090 3906 Schlaganfall
1127 3829 1403 3889 erlegen.

146 3945 276 4005 erreich,
309 3936 433 3996 Dichter
471 3933 568 3993 zeigen
612 3927 704 3987 besser
737 3927 785 3987 als
818 3924 1034 3984 spaltenlange
1073 3909 1310 3969 Würdigungen
1349 3905 1397 3965 die
1430 3901 1494 3961 Be¬

133 3994 266 4054 sorrufen
302 3987 446 4047 deutung
482 3981 585 4041 Artur
616 3975 796 4035 Schnitzlers
827 3974 878 4034 für
909 3967 1109 4027 Oesterreich,
1156 3958 1212 4018 das
1269 3952 1325 4012 mit
1377 3951 1469 4011 seinem

312 4034 481 4094 Heimgang
518 4029 599 4089 einen
636 4025 851 4085 unersetzlichen
888 4019 1011 4079 Verlust
1037 4011 1155 4071 erlitten
1192 4005 1258 4065 hat,
1279 4002 1315 4062 an
1346 4002 1397 4062 dem
1444 4002 1485 4062 die

138 4048 201 4108 ser,
228 4040 281 4100 der

141 4091 217 4151 llen,
242 4088 282 4148 ist
306 4088 406 4148 ganze
436 4081 524 4141 Welt
548 4074 783 4134 teilnimmt...

144 4140 279 4200 hanfalls

1048 4175 1126 4235 des
1166 4166 1412 4226 Dichters.

1458 309 1582 369 box
1662 312 1842 372 42/6

1432 537 1617 597 „Lebendige
1654 530 1848 590 Stunden",
1877 528 1929 588 das
1965 524 2089 584 Drama
2125 520 2213 580 „Der
2240 515 2382 575 einsame
2410 513 2532 573 Weg",

1424 585 1569 645 Komödie
1608 577 1905 637 „Zwischenspiel",
1949 572 1997 632 die
2036 569 2274 629 Einakterreihe
2323 560 2604 620 „Marionetten“,

1429 635 1506 695 „Der
1534 632 1627 692 junge
1655 625 1870 685 Medardus",
1893 623 1975 683 dessen
2009 616 2174 676 Titelrolle
2196 613 2285 673 Josef
2307 610 2406 670 Kainz
2434 606 2610 666 zugedacht,

1424 679 1475 739 dem
1522 679 1665 739 Künstler
1692 675 1774 735 nicht
1801 673 1883 733 mehr
1919 670 1944 730 zu
1976 667 2084 727 spielen
2116 662 2275 722 vergönnt
2301 658 2384 718 war,
2410 655 2451 715 ein
2483 652 2600 712 Drama

1426 729 1482 789 aus
1539 727 1590 787 den
1626 729 1729 789 Tagen
1791 721 1842 781 der
1894 717 2058 777 Besetzung
2089 714 2197 774 Wiens
2254 706 2341 766 durch
2377 704 2536 764 Napoleon
2573 701 2598 761 I.

1431 778 1552 838 erschien
1595 775 1690 835 1909.
1722 772 1827 832 Diesem
1876 767 1980 827 Werke
2013 766 2108 826 folgte
2145 759 2235 819 „Das
2267 753 2356 813 weite
2394 750 2521 810 Land",
2548 747 2610 807 eine

1431 825 1669 885 Tragikomödie
1697 821 1740 881 des
1773 819 1919 879 Alterns,
1941 815 1995 875 und
2022 810 2098 870 1912
2125 804 2304 864 „Professor
2326 798 2547 858 Bernhardi“,
2564 794 2607 854 ein

1425 875 1606 935 Schauspiel
1634 870 1687 930 aus
1714 869 1767 929 dem
1805 864 1971 924 ärztlichen
1998 859 2116 919 Beruf,
2138 854 2185 914 bei
2207 852 2304 912 seiner
2326 846 2529 906 Aufführung
2561 841 2614 901 von

1435 923 1598 983 politischen
1636 916 1788 976 Gruppen
1826 911 2083 971 vielumstritten.
2105 906 2152 966 Im
2195 901 2300 961 Jahre
2332 895 2405 955 1915
2443 891 2606 951 erschienen

1435 970 1502 1030 drei
1523 971 1673 1031 Einakter
1700 966 1788 1026 unter
1815 964 1866 1024 dem
1908 960 2006 1020 Titel:
2028 954 2204 1014 „Komödie
2225 947 2276 1007 der
2298 942 2448 1002 Worte“,
2465 939 2542 999 1917
2568 937 2620 997 dos

1435 1018 1575 1078 schwache
1604 1017 1706 1077 „Fink
1733 1012 1793 1072 und
1831 1006 2080 1066 Fliederbusch",
2108 1001 2183 1061 1919
2216 995 2297 1055 „Die
2325 990 2514 1050 Schwestern
2547 987 2617 1047 oder

1440 1066 1593 1126 Casanova
1626 1066 1652 1126 in
1685 1061 1796 1121 Spa",
1818 1060 1891 1120 1924
1924 1052 2094 1112 „Komödie
2116 1046 2169 1106 der
2196 1041 2424 1101 Verführung“
2456 1036 2509 1096 und
2542 1033 2615 1093 1925

1441 1115 1483 1175 die
1511 1115 1709 1175 dramatische
1732 1109 1909 1169 Dichtung:
1926 1105 2006 1165 „Der
2034 1099 2126 1159 Ganz
2148 1096 2201 1156 zum
2239 1088 2400 1148 Weiher“.

1547 1169 1725 1229 Schnitzlers
1764 1166 1867 1226 reines
1905 1163 1964 1223 und
1998 1156 2111 1216 großes
2145 1151 2345 1211 Dichterherz
2378 1144 2541 1204 offenbart
2574 1139 2617 1199 sich

1440 1220 1519 1280 nicht
1552 1219 1688 1279 weniger
1742 1215 1768 1275 in
1811 1213 1905 1273 seinen
1948 1204 2144 1264 erzählenden
2187 1195 2329 1255 Werken.
2361 1193 2435 1253 1892
2488 1188 2615 1248 erschien

1446 1268 1641 1328 „Sterben",
1674 1264 1726 1324 das
1768 1261 1815 1321 die
1848 1259 1948 1319 letzten
1985 1253 2070 1313 Tage
2107 1250 2191 1310 eines
2228 1241 2529 1301 Schwindsüchtigen
2572 1234 2630 1294 mit

1450 1318 1573 1378 scharfem
1617 1314 1806 1374 Realismus
1839 1307 1989 1367 schildert,
2011 1300 2087 1360 1894
2125 1297 2200 1357 „Die
2233 1293 2411 1353 Blumen“,
2439 1285 2508 1345 1895
2541 1283 2621 1343 „Ein

1447 1364 1623 1424 Abschied",
1646 1363 1717 1423 1896
1751 1359 1833 1419 „Die
1856 1356 1938 1416 Frau
1972 1351 2021 1411 des
2050 1346 2204 1406 Weisen",
2227 1342 2304 1402 1897
2332 1338 2414 1398 „Der
2443 1332 2619 1392 Ehrentag“

1444 1413 1508 1473 und
1541 1412 1615 1472 „Die
1643 1407 1734 1467 Toten
1767 1404 1972 1464 schweigen",
1989 1397 2063 1457 1900
2096 1394 2258 1454 „Andreas
2291 1384 2522 1444 Thalmayer",
2544 1379 2624 1439 „Der

1446 1461 1549 1521 blinde
1575 1458 1766 1518 Geronimo“
1798 1453 1849 1513 wie
1870 1450 1937 1510 auch
1964 1448 2004 1508 die
2031 1443 2155 1503 Novelle
2181 1437 2362 1497 „Leutnant
2383 1426 2512 1486 Gustl“;
2528 1426 2631 1486 ferner

1452 1511 1473 1571 im
1518 1509 1645 1569 gleichen
1673 1504 1794 1564 Jahre:
1817 1503 1916 1563 „Frau
1950 1495 2037 1555 Berta
2066 1490 2231 1550 Garlan",
2254 1484 2331 1544 dann
2359 1480 2441 1540 „Die
2464 1475 2629 1535 griechische

1447 1555 1641 1615 Tänzerin",
1670 1551 1943 1611 „Weissagung",
1966 1545 2055 1605 „Das
2095 1538 2173 1598 neue
2207 1533 2318 1593 Lied",
2346 1530 2436 1590 „Der
2470 1523 2536 1583 Tod
2576 1521 2625 1581 des

1459 1605 1713 1665 Junggesellen",
1736 1599 1824 1659 „Der
1852 1595 1918 1655 tote
1947 1588 2117 1648 Gabriel",
2140 1585 2229 1645 „Das
2262 1578 2423 1638 Tagebuch
2457 1572 2506 1632 der
2534 1570 2639 1630 Rede¬

1457 1652 1594 1712 gonda",
1623 1651 1711 1711 „Der
1745 1644 1921 1704 Mörder",
1950 1636 2127 1696 „Dreifache
2161 1628 2348 1688 Warnung"
2388 1624 2448 1684 und
2488 1618 2636 1678 „Hirten¬

1460 1705 1551 1765 flöte,
1568 1701 1670 1761 „Frau
1698 1694 1795 1754 Beate
1822 1692 1876 1752 und
1903 1690 1952 1750 ihr
1974 1685 2103 1745 Sohn",
2120 1680 2254 1740 „Doktor
2276 1671 2432 1731 Gräsler,
2449 1667 2605 1727 Badearzt

1458 1749 1664 1809 „Casanovas
1702 1741 1923 1801 Heimfahrt".
1972 1732 2040 1792 Aus
2099 1729 2157 1789 den
2216 1725 2316 1785 letzten
2380 1718 2449 1778 zehn
2513 1713 2634 1773 Jahren

1460 1798 1628 1858 stammen:
1655 1791 1830 1851 „Fräulein
1867 1785 1972 1845 Else",
2015 1781 2084 1841 eine
2132 1776 2163 1836 in
2201 1772 2285 1832 ihrer
2317 1766 2502 1826 schwierigen
2539 1761 2623 1821 Form

1458 1846 1604 1906 geradezu
1647 1837 1853 1897 meisterhafte
1892 1832 2032 1892 Novelle,
2060 1828 2140 1888 „Die
2174 1820 2260 1880 Frau
2299 1815 2352 1875 des
2385 1812 2569 1872 Richters",
2596 1806 2639 1866 die

1466 1890 1770 1950 „Traumnovelle",
1791 1885 1847 1945 und
1879 1882 1925 1942 als
1951 1879 2043 1939 letztes
2070 1875 2183 1935 „Spiel
2210 1870 2230 1930 im
2272 1862 2555 1922 Morgengrauen"
2582 1854 2638 1914 und

1453 1942 1499 2002 die
1531 1942 1640 2002 gestern
1682 1939 1708 1999 im
1755 1935 1880 1995 „Neuen
1918 1928 2042 1988 Wiener
2074 1920 2246 1980 Journal“
2278 1911 2486 1971 beschriebene
2518 1903 2643 1963 Novelle

1466 1993 1597 2053 „Flucht
1624 1987 1650 2047 in
1687 1987 1729 2047 die
1762 1980 1977 2040 Finsternis“.
1999 1971 2183 2031 Schnitzlers
2216 1964 2346 2024 einziger
2379 1957 2489 2017 großer
2516 1951 2637 2011 Roman

1467 2037 1591 2097 erschien
1630 2032 1727 2092 1908:
1777 2030 1863 2090 „Der
1897 2025 1966 2085 Weg
2000 2022 2048 2082 ins
2082 2018 2217 2078 Freie",
2261 2011 2326 2071 eine
2376 2008 2451 2068 groß
2507 2001 2652 2061 gesehene

1471 2084 1621 2144 Synthese
1649 2083 1697 2143 des
1719 2080 1859 2140 geistigen
1892 2075 2010 2135 Wiener
2037 2068 2151 2128 Lebens
2178 2064 2231 2124 zur
2254 2061 2323 2121 Zeit
2345 2058 2393 2118 der
2421 2055 2517 2115 letzten
2545 2047 2647 2107 Jahr¬

1467 2132 1741 2192 hundertwende.

1460 2232 1561 2292 Der
1605 2230 1742 2290 Sohn
1794 2219 2098 2279 Schnitzlers
2150 2210 2243 2270 aus
2288 2206 2461 2266 Berlin
2528 2199 2628 2259 nach

1816 2279 1955 2339 Wien
2026 2271 2307 2331 abgereist.

1743 2346 1948 2406 Privattelegramm
1978 2342 2014 2402 des
2030 2340 2115 2400 „Neuen
2136 2333 2228 2393 Wiener
2245 2332 2386 2392 Journaks".

2176 2398 2368 2458 Berlin,
2393 2393 2446 2453 21,
2472 2387 2622 2447 Oktober.

1581 2476 1645 2536 Der
1678 2471 1770 2531 Sohn
1808 2470 1867 2530 und
1900 2466 1948 2526 die
1975 2462 2159 2522 geschiebene
2192 2453 2299 2513 Gattin
2338 2449 2440 2509 Artur
2467 2443 2650 2503 Schnitzlers

1480 2528 1536 2588 sind
1573 2524 1629 2584 mit
1660 2520 1712 2580 dem
1759 2516 1997 2576 Abend=D=Zug
2034 2509 2101 2569 nach
2132 2505 2219 2565 Wien
2256 2498 2422 2558 abgereist.
2448 2494 2505 2554 Sie
2536 2491 2655 2551 wurden

1477 2575 1592 2635 bereits
1623 2571 1708 2631 heute
1734 2566 1758 2626 im
1804 2565 1900 2625 Laufe
1926 2562 1970 2622 des
2001 2558 2102 2618 Tages
2133 2553 2228 2613 davon
2259 2545 2460 2605 informiert,
2481 2541 2531 2601 daß
2562 2540 2662 2600 Artur

1477 2622 1647 2682 Schnitzler
1683 2616 1708 2676 in
1749 2614 1799 2674 den
1840 2610 2107 2670 Morgenstunden
2148 2601 2228 2661 einen
2269 2594 2410 2654 schweren
2451 2588 2662 2648 Ohnmachts¬

1480 2670 1585 2730 anfall
1606 2665 1727 2725 erlitten
1758 2661 1824 2721 hat.
1845 2658 2036 2718 Nachmittag
2067 2649 2194 2709 wurden
2225 2644 2260 2704 sie
2286 2643 2341 2703 von
2372 2638 2422 2698 dem
2468 2635 2589 2695 Bruder
2615 2633 2665 2693 des

1483 2718 1618 2778 Dichters
1652 2711 1814 2771 Professor
1842 2707 1956 2767 Julius
1984 2700 2152 2760 Schnitzler
2186 2692 2397 2752 verständigt,
2420 2687 2473 2747 daß
2507 2683 2534 2743 es
2567 2681 2669 2741 Artuv

1490 2765 1648 2825 Schnitzler
1681 2760 1770 2820 besser
1797 2758 1902 2818 ginge.
1924 2751 1976 2811 Die
2003 2748 2103 2808 beiden
2136 2744 2199 2804 sind
2226 2742 2283 2802 also
2316 2738 2341 2798 zu
2379 2735 2458 2795 einem
2501 2730 2670 2790 Zeitpunkt

1485 2814 1724 2874 weggefahren,
1740 2811 1782 2871 wo
1809 2808 1846 2868 sie
1873 2802 2011 2862 offenbar
2038 2799 2095 2859 von
2144 2795 2196 2855 der
2224 2789 2425 2849 Katastrophe
2474 2783 2542 2843 noch
2590 2780 2669 2840 keine

1489 2864 1623 2924 Ahnung
1651 2859 1779 2919 hatten.

1501 3017 1675 3077 Artur
1724 3008 2009 3068 Schnihler
2059 2994 2280 3054 erhielt
2330 2987 2424 3047 den
2473 2984 2647 3044 ersten

1830 3131 2354 3191 Burgihealerring.

1606 3220 1641 3280 Im
1683 3221 1783 3281 Jahre
1807 3216 1884 3276 1926
1909 3212 2014 3272 stiftete
2039 3208 2085 3268 der
2110 3204 2329 3264 Herausgeber
2359 3198 2411 3258 und
2443 3193 2678 3253 Chefredakteur

1500 3272 1552 3332 des
1579 3272 1700 3332 „Neuen
1738 3267 1864 3327 Wiener
1891 3261 2070 3321 Journals"
2103 3252 2197 3312 Jakob
2230 3248 2398 3308 Lippowitz
2425 3247 2477 3307 zum
2520 3242 2678 3302 Andenken

1495 3318 1538 3378 an
1571 3319 1624 3379 das
1662 3312 2040 3372 hundertfünfzigjährige
2073 3300 2230 3360 Jubiläum
2279 3295 2327 3355 des
2365 3291 2597 3351 Burgtheaters
2630 3286 2678 3346 den

1904 3356 1955 3416 der
1991 3349 2191 3409 abwechselnd
2233 3347 2263 3407 in
2305 3345 2387 3405 einem
2439 3340 2541 3400 Jahre
2583 3336 2665 3396 einem

1511 3366 1861 3426 „Burgtheaterring",

1500 3417 1664 3477 besonders
1696 3411 1870 3471 verdienten
1907 3402 2200 3462 Burgschauspieler
2232 3394 2288 3454 und
2319 3393 2345 3453 im
2392 3390 2551 3450 folgenden
2582 3383 2685 3443 Jahre

1505 3465 1589 3525 einem
1638 3460 1860 3520 dramatischen
1898 3453 2115 3513 Schriftsteller
2147 3445 2322 3505 zuerkannt
2349 3439 2471 3499 werden
2503 3437 2572 3497 soll,
2599 3432 2688 3492 dessen

1504 3515 1602 3575 Werke
1641 3511 1679 3571 am
1728 3505 1952 3565 Burgtheater
1986 3499 2040 3559 zur
2079 3493 2286 3553 Aufführung
2331 3487 2516 3547 gelangten.
2549 3480 2603 3540 Als
2642 3476 2691 3536 die

1505 3560 1608 3620 beiden
1650 3558 1737 3618 ersten
1774 3555 1876 3615 Ringe
1908 3551 1933 3611 im
1980 3544 2238 3604 Stiftungsjahre
2269 3535 2424 3595 verliehen
2461 3529 2599 3589 wurden,
2626 3525 2692 3585 war

1502 3608 1532 3668 es
1580 3608 1672 3668 neben
1725 3602 1865 3662 Auguste
1913 3593 2265 3653 Wilbrandt=Baudius
2318 3586 2370 3646 der
2417 3581 2546 3641 Dichter
2588 3575 2692 3635 Artur

1510 3657 1695 3717 Schnitzler,
1732 3652 1785 3712 der
1817 3650 1869 3710 den
1913 3647 1997 3707 ersten
2040 3640 2331 3700 Burgtheaterring
2364 3633 2495 3693 erhielt,
2533 3624 2585 3684 der
2618 3622 2686 3682 nach

1515 3706 1562 3766 ihm
1600 3701 1763 3761 Hermann
1795 3698 1906 3758 Bahr,
1923 3694 2064 3754 Gerhart
2086 3688 2292 3748 Hauptmann
2330 3683 2382 3743 und
2414 3680 2493 3740 Karl
2520 3671 2694 3731 Schönherr

1511 3755 1689 3815 zuerkannt
1715 3748 1837 3808 wurde.

1617 3903 1739 3963 Der
1787 3891 2376 3951 Burglheateroichier
2425 3879 2562 3939 Kein

1965 4028 2287 4088 Sihnigtet.

2077 4101 2139 4161 Von

1529 4172 1639 4232 Hofrat
1671 4170 1757 4230 Hugo
1794 4169 1936 4229 Thimig,
1961 4163 2152 4223 ehemaligem
2202 4156 2343 4216 Direktor
2375 4151 2430 4211 des
2461 4145 2707 4205 Burgtheaters.
