3392 4320
128 250 251 310 12.
309 253 909 313 Schuitzler's
977 238 1205 298 Deatl

1422 231 1543 291 box
1620 231 1857 291 43/25

2091 97 2142 157 der
2164 97 2252 157 Sarg
2279 94 2471 154 geschlossen.
2514 93 2555 153 Um
2597 91 2664 151 halb
2696 88 2727 148 12
2754 88 2821 148 Uhr

2088 140 2141 200 das
2172 139 2367 199 Leichenauto
2417 135 2474 195 vor
2524 134 2576 194 dem
2621 132 2829 192 Sterbehause

2091 183 2148 243 und
2182 183 2229 243 der
2259 183 2345 243 Sarg
2379 178 2489 238 wurde
2519 174 2777 234 hineingehoben.
2807 177 2849 237 In

2092 224 2395 284 Sternwartestraße
2432 221 2534 281 hatten
2571 216 2622 276 sich
2658 216 2735 276 viele
2772 213 2930 273 Tausende

2092 267 2341 327 angesammelt.

2281 338 2335 398 Am
2391 334 2763 394 Zentralfriedhof.

2133 401 2229 461 Schon
2263 400 2354 460 lange
2382 398 2441 458 vor
2468 398 2615 458 Ankunft
2642 392 2690 452 des
2724 392 2940 452 Leichenzuges

2090 445 2124 505 am
2165 444 2432 504 Zentralfriedhof
2453 442 2554 502 hatten
2584 437 2634 497 sich
2660 437 2730 497 dort
2751 437 2796 497 die
2822 434 2942 494 Reprä¬

2095 488 2247 548 sentanten
2277 486 2325 546 des
2355 485 2497 545 geistigen
2533 480 2616 540 Wien
2656 476 2679 536 in
2714 479 2797 539 einer
2827 477 2945 537 außer¬

2090 533 2251 593 ordentlich
2281 530 2392 590 großen
2423 526 2549 586 Anzahl
2574 522 2801 582 eingefunden.
2837 521 2937 581 Wenn

2093 574 2159 634 man
2193 575 2231 635 an
2265 572 2360 632 diesem
2409 569 2509 629 klaren
2562 566 2710 626 sonnigen
2749 564 2940 624 Oktobertag

2092 616 2136 676 die
2167 616 2262 676 Schar
2293 613 2343 673 der
2369 613 2575 673 Trauergäste
2606 609 2666 669 auf
2712 610 2762 670 dem
2828 607 2938 667 weiten

2098 659 2185 719 Platz
2201 658 2257 718 vor
2283 658 2329 718 der
2355 656 2654 716 Zeremonienhalle
2675 650 2726 710 der
2752 650 2849 710 Reihe
2875 649 2936 709 nach

2093 703 2278 763 durchging,
2299 701 2324 761 so
2356 700 2463 760 konnte
2495 700 2561 760 man
2598 696 2726 756 wirklich
2758 694 2865 754 sagen,
2887 694 2937 754 daß

2092 747 2186 807 alles,
2213 744 2276 804 was
2308 743 2392 803 durch
2446 741 2677 801 künstlerisches
2704 737 2825 797 Wirken
2878 736 2941 796 und

2094 789 2177 849 durch
2207 786 2305 846 seinen
2336 786 2453 846 Namen
2488 783 2557 843 dazu
2587 783 2710 843 berufen
2745 781 2829 841 war,
2849 781 2932 841 einem

2093 834 2206 894 großen
2239 828 2493 888 österreichischen
2531 825 2655 885 Dichter
2683 825 2736 885 das
2769 823 2850 883 letzte
2883 819 2947 879 Ge¬

2098 877 2166 937 leite
2192 879 2222 939 zu
2254 877 2367 937 geben,
2386 873 2480 933 dieser
2512 870 2624 930 Pflicht
2650 870 2781 930 Genüge
2813 869 2944 929 geleistet

2097 919 2196 979 hatte.

2143 963 2250 1023 Einige
2275 961 2425 1021 Minuten
2456 958 2509 1018 vor
2534 957 2624 1017 zwölf
2649 956 2709 1016 Uhr
2739 954 2860 1014 erschien
2891 954 2944 1014 das

2096 1004 2412 1064 Leichenauto.
2449 1001 2571 1061 Hinter
2619 997 2665 1057 ihm
2734 998 2803 1058 eine
2856 998 2945 1058 schier

2100 1048 2213 1108 endlose
2239 1047 2394 1107 Schlange
2425 1045 2476 1105 von
2513 1043 2719 1103 Privatautos
2751 1041 2813 1101 und
2839 1041 2952 1101 Taxis.

2100 1091 2137 1151 Am
2180 1091 2323 1151 Eingang
2357 1090 2463 1150 wurde
2495 1088 2548 1148 der
2575 1088 2751 1148 Trauerzug
2789 1085 2848 1145 von
2880 1084 2933 1144 den

2100 1136 2253 1196 Vorstand
2306 1135 2359 1195 der
2401 1131 2623 1191 israelitischen
2666 1127 2951 1187 Kultusgemeinde

2101 1181 2265 1241 erwartet.
2308 1177 2365 1237 Als
2403 1175 2492 1235 erster
2525 1174 2625 1234 hinter
2657 1173 2704 1233 dem
2752 1172 2836 1232 Sarg
2874 1172 2942 1232 ging

2104 1222 2288 1282 Schnitzlers
2313 1222 2406 1282 Sohn
2437 1219 2603 1279 Heinrich,
2628 1219 2702 1279 dann
2740 1216 2838 1276 folgte
2870 1216 2949 1276 seine

2097 1266 2245 1326 Mutter.

2137 1310 2208 1370 Dem
2275 1306 2426 1366 Wunsche
2475 1304 2661 1364 Schnitzlers
2734 1300 2945 1360 entsprechend

2103 1354 2210 1414 wurde
2243 1351 2268 1411 in
2304 1353 2351 1413 der
2382 1351 2661 1411 Zermonienhalle
2693 1347 2754 1407 nur
2786 1345 2826 1405 ein
2864 1345 2956 1405 kur¬

2101 1397 2165 1457 zes
2203 1396 2348 1456 Gebet
2376 1395 2549 1455 gesprochen
2582 1392 2640 1452 und
2673 1388 2749 1448 dann
2782 1388 2830 1448 der
2858 1388 2943 1448 Sarg

2109 1437 2199 1497 sofort
2250 1437 2306 1497 zum
2375 1436 2583 1496 Erbgrab
2640 1434 2691 1494 der
2742 1431 2945 1491 Familie

2110 1482 2336 1542 Schnitzler
2368 1481 2475 1541 hinter
2513 1482 2556 1542 der
2596 1476 2872 1536 Zermonienhalle
2904 1474 2953 1534 ge¬

2103 1522 2231 1582 tragen.

2151 1564 2207 1624 Ein
2242 1566 2376 1626 ziemlich
2419 1566 2538 1626 starkes
2567 1563 2827 1623 Wacheaufgebot
2871 1560 2954 1620 hatte

2109 1610 2224 1670 Mühe,
2247 1610 2275 1670 in
2311 1609 2356 1669 den
2391 1609 2500 1669 dichten
2536 1607 2633 1667 Strom
2680 1606 2725 1666 der
2755 1605 2956 1665 Leidtragen¬

2107 1653 2158 1713 den
2211 1653 2274 1713 und
2321 1652 2442 1712 zufällig
2495 1650 2692 1710 anwesenden
2750 1649 2958 1709 Trauergäste

2106 1694 2202 1754 etwas
2242 1697 2406 1757 Ordnung
2435 1694 2463 1754 zu
2498 1694 2644 1754 bringen.

2153 1746 2195 1806 Am
2231 1747 2344 1807 offenen
2375 1745 2459 1805 Grab
2484 1746 2597 1806 standen
2628 1745 2717 1805 neben
2742 1742 2795 1802 den
2820 1739 2945 1799 engeren

2107 1790 2470 1850 Familienmitgliedern
2532 1788 2593 1848 und
2643 1787 2828 1847 Bekannten
2890 1783 2963 1843 alle,

2109 1835 2152 1895 die
2186 1834 2246 1894 mit
2274 1834 2324 1894 dem
2397 1831 2540 1891 einstigen
2602 1832 2662 1892 und
2696 1830 2812 1890 jetzigen
2851 1826 2956 1886 Burg¬

2110 1875 2223 1935 theater
2254 1875 2429 1935 irgendwie
2460 1874 2490 1934 zu
2527 1875 2580 1935 tun
2617 1872 2737 1932 hatten.
2774 1870 2853 1930 Fast
2901 1869 2961 1929 alle

2109 1919 2345 1979 bedeutenderen
2390 1916 2417 1976 in
2457 1917 2544 1977 Wien
2584 1915 2699 1975 tätigen
2738 1915 2953 1975 Schauspieler

2112 1962 2172 2022 und
2200 1962 2405 2022 Direktoren,
2450 1960 2505 2020 das
2539 1957 2755 2017 Volkstheater
2805 1956 2871 2016 war
2905 1954 2965 2014 fast

2114 2005 2281 2065 korporativ
2335 2004 2529 2064 erschienen,
2573 2000 2621 2060 die
2649 1999 2961 2059 Generalintendanz

2110 2046 2159 2106 der
2187 2046 2425 2106 Staatstheater
2465 2045 2548 2105 hatte
2570 2043 2619 2103 den
2654 2042 2964 2102 Generalintendan¬

2107 2088 2152 2148 ten
2182 2088 2523 2148 Schneiderhan
2559 2087 2616 2147 und
2645 2085 2761 2145 Hofrat
2779 2085 2842 2145 Dr.
2860 2082 2969 2142 Kar¬

2109 2132 2212 2192 path
2247 2130 2408 2190 entsandt;
2455 2131 2511 2191 den
2570 2129 2823 2189 Bürgermeister
2875 2124 2967 2184 Seitz

2112 2174 2230 2234 vertrat
2260 2174 2413 2234 Stadtrat
2436 2172 2651 2232 Tandler,
2697 2171 2748 2231 für
2805 2169 2850 2229 die
2879 2166 2969 2226 Con¬

2112 2217 2207 2277 cordia
2265 2218 2373 2278 waren
2430 2214 2606 2274 Präsident
2640 2211 2856 2271 Lipschütz
2902 2211 2963 2271 und

2115 2258 2346 2318 Vizepräsident
2375 2258 2641 2318 Reichmann
2682 2255 2868 2315 erschienen.
2891 2252 2960 2312 Das

2112 2303 2239 2363 Theater
2269 2300 2297 2360 in
2327 2301 2379 2361 der
2409 2300 2599 2360 Josefstadt,
2618 2298 2664 2358 die
2688 2297 2838 2357 Berliner
2868 2294 2966 2354 Rein¬

2114 2342 2351 2402 hardt=Bühnen
2388 2342 2493 2402 waren
2525 2342 2699 2402 vertreten,
2726 2339 2783 2399 und
2816 2339 2883 2399 auch
2916 2336 2962 2396 die

2115 2390 2203 2450 ersten
2234 2387 2452 2447 Schriftsteller
2477 2386 2535 2446 und
2559 2384 2689 2444 Dichter
2708 2382 2814 2442 Wiens
2838 2381 2956 2441 standen

2114 2431 2239 2491 beinahe
2271 2431 2445 2491 vollständig
2477 2430 2514 2490 an
2540 2428 2633 2488 diesem
2677 2426 2795 2486 Grabe.

2155 2483 2220 2543 Dem
2269 2479 2414 2539 Wunsche
2445 2480 2499 2540 des
2530 2479 2675 2539 Dichters
2706 2476 2814 2536 gemäß
2852 2475 2899 2535 gab
2936 2473 2966 2533 es

2113 2524 2259 2584 keinerlei
2284 2521 2518 2581 Trauerreden.
2543 2521 2583 2581 Um
2625 2519 2672 2579 ¼1
2702 2518 2766 2578 Uhr
2790 2518 2889 2578 wurde
2913 2515 2966 2575 der

2111 2567 2227 2627 Sarg
2254 2566 2391 2626 indie
2411 2563 2542 2623 Tiefe
2569 2563 2771 2623 gesenkt,
2785 2562 2843 2622 und
2870 2558 2967 2618 damit

2113 2610 2183 2670 wor
2209 2609 2260 2669 die
2287 2608 2537 2668 offizielle
2570 2605 2878 2665 Trauerfeier
2911 2601 2974 2661 be¬

2117 2650 2261 2710 endet.

2293 2714 2803 2774 Trauerkundgebungen.

2151 2776 2226 2836 Das
2278 2778 2451 2838 Präsidium
2522 2778 2573 2838 des
2605 2775 2855 2835 Journalisten-
2900 2775 2963 2835 und

2112 2823 2467 2883 Schriftstellervereins
2503 2820 2768 2880 Concordia
2804 2817 2881 2877 hielt
2917 2817 2969 2877 ge¬

2114 2866 2190 2926 stern
2219 2864 2285 2924 eine
2307 2861 2662 2921 Trauersitzung
2690 2858 2740 2918 für
2768 2858 2823 2918 sein
2851 2858 2973 2918 Ehren¬

2115 2906 2252 2966 mitglied
2281 2903 2402 2963 Arthur
2430 2903 2618 2963 Schnitzler,
2663 2903 2690 2963 in
2724 2903 2773 2963 der
2802 2900 2973 2960 Präsident

2120 2948 2265 3008 Lipschütz
2292 2948 2373 3008 einen
2417 2947 2481 3007 war
2514 2945 2736 3005 empfundenen
2774 2945 2833 3005 und
2866 2943 2973 3003 gehal¬

2114 2990 2208 3050 vollen
2241 2990 2383 3050 Nachruf
2410 2990 2531 3050 sprach,
2574 2989 2600 3049 in
2638 2988 2684 3048 dem
2732 2985 2763 3045 er
2791 2987 2885 3047 unter
2912 2984 2970 3044 an¬

2113 3035 2199 3095 derem
2249 3033 2351 3093 sagte:
2378 3032 2524 3092 „Arthur
2547 3031 2720 3091 Schnitzler
2753 3030 2806 3090 hat
2834 3029 2882 3089 sich
2921 3029 2963 3089 ein

2117 3075 2417 3135 Leichenbegängnis
2469 3074 2570 3134 letzter
2599 3073 2701 3133 Klasse
2747 3073 2883 3133 bestellt,
2923 3070 2973 3130 die

2123 3118 2202 3178 Welt
2246 3118 2300 3178 hat
2350 3118 2392 3178 ihm
2449 3118 2491 3178 ein
2523 3118 2824 3178 Leichenbegängnis
2874 3115 2965 3175 erster

2117 3163 2221 3223 Klasse
2245 3160 2386 3220 bereitet.

2154 3214 2235 3274 Auch
2273 3212 2323 3272 der
2356 3214 2512 3274 Vorstand
2544 3212 2587 3272 des
2619 3212 2670 3272 S.
2695 3211 2745 3271 D.
2764 3211 2814 3271 S.
2834 3210 2883 3270 O.
2909 3208 2971 3268 trat

2112 3253 2288 3313 vorgestern
2325 3254 2412 3314 unter
2442 3254 2566 3314 Vorsitz
2608 3253 2707 3313 seines
2755 3250 2961 3310 Präsidenten

2121 3300 2263 3360 Fontana
2317 3298 2348 3358 zu
2402 3298 2492 3358 einer
2519 3295 2751 3355 Trauersitzung
2784 3294 2979 3354 zusammen,

2121 3342 2142 3402 in
2181 3340 2229 3400 der
2262 3339 2310 3399 der
2344 3340 2501 3400 Vorstand
2528 3339 2680 3399 beschloß,
2724 3337 2751 3397 zu
2784 3336 2886 3396 Ehren
2919 3335 2967 3395 des

2122 3384 2257 3444 Dichters
2292 3382 2359 3442 eine
2395 3383 2491 3443 große
2520 3381 2700 3441 Totenfeier
2729 3379 2758 3439 zu
2798 3375 2973 3435 veranstal¬

2121 3429 2180 3489 ten.
2202 3426 2337 3486 Weiters
2359 3426 2466 3486 wurde
2494 3423 2520 3483 im
2560 3423 2667 3483 Sinne
2689 3421 2807 3481 Arthur
2835 3420 2970 3480 Schnitz¬

2114 3468 2178 3528 lers
2233 3468 2426 3528 beschlossen,
2486 3467 2539 3527 dem
2611 3464 2961 3524 Unterstützungsfonds

2118 3511 2169 3571 des
2198 3512 2238 3572 S.
2256 3513 2301 3573 D.
2325 3514 2365 3574 S.
2383 3512 2428 3572 O.
2452 3512 2515 3572 eine
2544 3510 2670 3570 größere
2694 3509 2831 3569 Summe
2873 3506 2964 3566 zuzu¬

2116 3555 2272 3615 wenden.

2159 3604 2243 3664 Auch
2276 3607 2301 3667 in
2328 3605 2379 3665 der
2406 3604 2600 3664 Gesellschaft
2647 3601 2698 3661 der
2725 3601 2809 3661 Arzte
2855 3599 2964 3659 wurde

2115 3647 2509 3707 bemerkenswerterweise
2561 3644 2628 3704 eine
2662 3644 2859 3704 Trauerfeier
2917 3641 2967 3701 für

2119 3690 2237 3750 Arthur
2272 3690 2514 3750 Schnitzler
2549 3687 2706 3747 gehalten,
2752 3685 2882 3745 obgleich
2917 3682 2967 3742 der

2119 3733 2322 3793 Verstorbene
2354 3734 2408 3794 kein
2444 3733 2589 3793 Mitglied
2620 3732 2673 3792 der
2698 3730 2891 3790 Gesellschaft
2916 3727 2963 3787 der

2112 3778 2207 3838 Arzte
2236 3778 2321 3838 war.

2157 3853 2228 3913 Die
2262 3853 2377 3913 dürch
2420 3853 2702 3913 Abwesenheit
2736 3851 2944 3911 glänzten.

2163 3915 2230 3975 Das
2261 3913 2380 3973 geistige
2411 3915 2500 3975 Wien
2531 3912 2620 3972 hatte
2643 3912 2717 3972 sich,
2755 3909 2814 3969 wie
2845 3907 2957 3967 bereits

2120 3960 2240 4020 gesagt,
2260 3960 2304 4020 die
2331 3960 2432 4020 Mühe
2459 3958 2670 4018 genommen,
2709 3957 2760 4017 dem
2805 3954 2964 4014 repräsen¬
