3392 4320
232 309 307 369 2.

382 310 864 370 Schnitzler
932 314 970 374 s
1038 309 1269 369 Deatl

1485 306 1607 366 box
1685 309 1869 369 43/3

2339 186 2687 246 ESER

2787 205 2965 265 VER

2340 231 2363 291 1.
2380 234 2502 294 österr.
2514 243 2660 303 behördl.
2672 252 2968 312 konzessioniertes

2288 274 2526 334 Unternehmen
2556 281 2602 341 für
2628 293 3009 353 Zeitungs-Ausschnitte

2337 331 2490 391 WIEN,
2516 340 2561 400 I.,
2588 350 2869 410 WOLLZEILE
2915 358 2959 418 11

2442 390 2653 450 TELEPHON
2683 401 2854 461 R-23-0-43

2230 522 2455 582 Ausschnitt
2477 531 2570 591 aus:

2149 801 2463 861 Ausschnitt
2499 813 2568 873 aus

2192 969 2260 1029 A
2674 1001 2966 1061 ge

2137 1085 2218 1145 Nr.
2237 1097 2512 1157 ..4.4.vom.

2748 1117 3011 1177 .193

2287 1205 2361 1265 Zum
2412 1204 2504 1264 Tode
2538 1206 2679 1266 Archur
2713 1204 2955 1264 Schnitzlers.

2236 1264 2274 1324 Um
2317 1267 2436 1327 Arthur
2466 1264 2628 1324 Schnitzler
2658 1262 2710 1322 soll
2735 1263 2801 1323 nach
2831 1263 2927 1323 seinem
2970 1261 3065 1321 letzten

2162 1303 2266 1363 Willen
2303 1304 2380 1364 keine
2412 1305 2535 1365 Trauer
2567 1303 2645 1363 sein.
2691 1301 2731 1361 Er
2763 1303 2818 1363 hat
2846 1301 2900 1361 das
2937 1300 3069 1360 Sterben

2160 1345 2290 1405 gekannt
2323 1344 2377 1404 und
2413 1343 2436 1403 in
2477 1345 2558 1405 einer
2591 1342 2685 1402 seiner
2718 1342 2854 1402 Novellen
2890 1339 3080 1399 geschildert,

2160 1381 2250 1441 lange
2273 1382 2323 1442 ehe
2351 1381 2378 1441 es
2406 1382 2455 1442 ihm
2497 1382 2583 1442 selbst
2606 1381 2811 1441 unversehens
2839 1379 3003 1439 nahekam.
3035 1375 3076 1435 Er

2160 1419 2224 1479 war
2258 1421 2332 1481 Arzt
2365 1419 2420 1479 und
2458 1421 2653 1481 Naturalist,
2677 1418 2709 1478 er
2742 1417 2793 1477 hat
2822 1418 2989 1478 rechtzeitig
3027 1415 3077 1475 ge¬

2160 1459 2258 1519 lernt,
2283 1459 2351 1519 auch
2386 1460 2479 1520 dieses
2509 1460 2601 1520 Stück
2631 1458 2680 1518 der
2715 1458 2950 1518 Menschlichkeit
2980 1455 3072 1515 ruhig

2162 1499 2220 1559 und
2248 1499 2343 1559 scharf
2366 1500 2392 1560 zu
2425 1500 2615 1560 beobachten.
2652 1494 2692 1554 Er
2720 1496 2796 1556 lebte
2820 1497 2846 1557 in
2879 1497 2923 1557 der
2956 1494 3073 1554 Wiener

2162 1539 2234 1599 Luft
2261 1537 2315 1597 und
2343 1538 2397 1598 das
2425 1539 2533 1599 machte
2561 1538 2606 1598 ihn
2638 1537 2683 1597 dem
2729 1538 2905 1598 Tragischen
2938 1534 2992 1594 und
3024 1532 3069 1592 den

2157 1579 2270 1639 großen
2307 1577 2465 1637 Gebärden
2506 1577 2633 1637 abhold.
2679 1575 2719 1635 Er
2751 1575 2819 1635 war
2851 1575 2991 1635 Dichter,
3019 1571 3073 1631 und

2162 1616 2193 1676 er
2220 1616 2288 1676 war
2316 1616 2365 1676 als
2397 1616 2520 1676 Dichter
2552 1616 2669 1676 wissend
2706 1614 2764 1674 und
2797 1613 3001 1673 durchschaute
3038 1608 3082 1668 die

2157 1656 2459 1716 Unernsthaftigkeit
2507 1655 2558 1715 des
2596 1655 2726 1715 Lebens.
2773 1653 2843 1713 Das
2880 1652 2968 1712 Leben
3030 1649 3080 1709 als

2160 1695 2255 1755 Spiel
2280 1694 2289 1754 —
2343 1695 2395 1755 das
2430 1694 2463 1754 ist
2492 1694 2530 1754 ein
2564 1694 2766 1754 Leitgedanke
2795 1692 2852 1752 fast
2882 1693 2953 1753 aller
2988 1688 3083 1748 seiner

2157 1734 2369 1794 Dichtungen.
2403 1736 2446 1796 In
2485 1733 2581 1793 seinem
2625 1735 2818 1795 tiefsinnigen
2857 1730 3078 1790 „Paracelsus"

2161 1775 2269 1835 spricht
2299 1774 2328 1834 er
2363 1775 2421 1835 wie
2451 1773 2504 1833 von
2544 1773 2593 1833 sich
2628 1775 2736 1835 selbst:
2786 1772 2873 1832 „Mit
2903 1769 3084 1829 Menschen¬

2161 1812 2249 1872 seelen
2287 1812 2380 1872 spiele
2399 1812 2464 1872 sich.
2507 1811 2567 1871 Ein
2600 1811 2683 1871 Sinn
2721 1812 2796 1872 wird
2834 1811 2894 1871 nur
2927 1811 2978 1871 von
3016 1808 3066 1868 dem

2162 1852 2325 1912 gefunden,
2348 1851 2399 1911 der
2432 1851 2478 1911 ihn
2516 1851 2609 1911 sucht.
2652 1849 2693 1909 Es
2745 1850 2856 1910 fließen
2894 1847 3080 1907 ineinander

2168 1894 2268 1954 Traum
2307 1893 2364 1953 und
2393 1890 2537 1950 Wachen,
2561 1890 2723 1950 Wahrheit
2748 1889 2805 1949 und
2835 1888 2930 1948 Lüge.
2959 1885 3088 1945 Sicher¬

2160 1930 2226 1990 heit
2251 1930 2284 1990 ist
2308 1930 2476 1990 nirgends.
2515 1927 2586 1987 Wir
2616 1930 2711 1990 wissen
2745 1930 2835 1990 nichts
2870 1927 2922 1987 von
2956 1927 3090 1987 andern,

2164 1969 2257 2029 nichts
2290 1970 2340 2030 von
2378 1970 2457 2030 uns.
2504 1969 2573 2029 Wir
2615 1969 2721 2029 spielen
2773 1967 2898 2027 immer.
2940 1966 3014 2026 Wer
3052 1964 3079 2024 es

2508 2008 2565 2068 Dem
2639 2008 2803 2068 wahrhaft
2857 2005 3079 2065 dramatischen

2161 2007 2257 2067 weiß,
2291 2010 2328 2070 ist
2361 2011 2447 2071 klug.

2162 2046 2280 2106 Dichter
2310 2046 2349 2106 ist
2374 2047 2428 2107 das
2458 2048 2551 2108 Leben
2606 2045 2694 2105 hoher
2724 2045 2831 2105 Ernst.
2871 2043 2915 2103 Er
2965 2041 3087 2101 kämpft

2165 2085 2198 2145 um
2246 2085 2336 2145 große
2366 2086 2465 2146 Ziele,
2490 2086 2518 2146 er
2552 2084 2628 2144 baut
2657 2084 2719 2144 eine
2753 2085 2829 2145 neue
2858 2082 2963 2142 eigene
2992 2082 3092 2142 Welt.

2168 2124 2225 2184 Von
2259 2126 2349 2186 diesem
2393 2127 2613 2187 dramatischen
2647 2124 2824 2184 Dichtertum
2873 2124 2925 2184 hat
2954 2122 3088 2182 Schnitz¬

2160 2165 2206 2225 ler
2234 2166 2299 2226 auch
2328 2166 2402 2226 dann
2435 2166 2527 2226 nichts
2556 2163 2583 2223 in
2617 2164 2682 2224 sich,
2701 2163 2784 2223 wenn
2818 2163 2845 2223 er
2874 2163 2938 2223 nach
2967 2160 3078 2220 großen

2166 2204 2338 2264 Gestalten,
2363 2205 2429 2265 nach
2463 2205 2574 2265 großen
2612 2203 2712 2263 Zeiten
2747 2203 2861 2263 greift,
2881 2202 2939 2262 wie
2968 2199 2996 2259 in
3035 2198 3092 2258 sei¬

2162 2241 2215 2301 nem
2280 2243 2647 2303 Renaissance=Drama
2702 2243 2788 2303 „Der
2839 2240 2979 2300 Schleier
3034 2236 3083 2296 der

2167 2282 2339 2342 Beatrice“.
2386 2284 2432 2344 In
2489 2282 2699 2342 Stimmung,
2746 2280 2960 2340 Empfindung
3026 2278 3086 2338 und

2167 2321 2260 2381 scharf
2280 2322 2491 2382 beobachtende
2516 2321 2787 2381 Nachdenklichkeit
2812 2319 2866 2379 löst
2886 2321 2934 2381 sich
2959 2318 3008 2378 bei
3028 2317 3072 2377 ihm

2164 2360 2234 2420 auch
2262 2360 2308 2420 die
2341 2361 2495 2421 Tragödie
2524 2361 2597 2421 auf.
2636 2361 2700 2421 Der
2734 2359 2938 2419 traumvollen
2976 2354 3092 2414 Weich¬

2166 2400 2226 2460 heit
2250 2399 2305 2459 und
2334 2400 2380 2460 der
2404 2399 2460 2459 fast
2484 2402 2648 2462 weiblichen
2681 2399 2840 2459 Zartheit,
2859 2398 2900 2458 die
2924 2398 2971 2458 ihn
3004 2396 3092 2456 kenn¬

2163 2440 2306 2500 zeichnet,
2327 2439 2364 2499 ist
2394 2438 2436 2498 die
2470 2440 2629 2500 Klarheit,
2654 2437 2884 2497 Willensstärke
2918 2434 2975 2494 und
3009 2434 3090 2494 Ein¬

2160 2479 2370 2539 dringlichkeit
2422 2477 2473 2537 der
2512 2477 2740 2537 norddeutschen
2783 2476 2937 2536 Dichtung
2976 2473 3092 2533 fremd.

2169 2509 2207 2569 Er
2236 2516 2269 2576 ist
2294 2518 2370 2578 nicht
2394 2518 2437 2578 ein
2466 2518 2590 2578 Dichter
2614 2517 2662 2577 des
2696 2515 2824 2575 Willens
2854 2515 2910 2575 und
2940 2514 2987 2574 der
3016 2513 3097 2573 Tat,

2172 2556 2289 2616 sondern
2326 2557 2371 2617 der
2403 2557 2608 2617 Betrachtung
2640 2555 2694 2615 und
2726 2553 2776 2613 der
2804 2554 3013 2614 Stimmung.
3045 2549 3090 2609 So

2173 2596 2273 2656 schafft
2302 2596 2331 2656 er
2365 2597 2427 2657 auch
2461 2596 2542 2656 nicht
2571 2596 2724 2656 Menschen
2763 2595 2821 2655 aus
2859 2593 2955 2653 seiner
2989 2593 3099 2653 Seele,

2169 2637 2291 2697 sondern
2337 2634 2463 2694 zeichnet
2500 2634 2658 2694 Gestalten
2699 2633 2749 2693 der
2790 2632 2912 2692 Wiener
2953 2632 3089 2692 Umwelt

2169 2673 2223 2733 wie
2258 2675 2316 2735 mit
2346 2673 2424 2733 einem
2474 2675 2571 2735 feinen
2611 2673 2792 2733 Silberstift
2822 2670 2910 2730 nach:
2960 2670 3096 2730 Anatol,

2165 2711 2217 2771 den
2251 2713 2509 2773 melancholischen
2543 2713 2652 2773 jungen
2686 2710 2810 2770 Mann,
2849 2709 2901 2769 der
2930 2709 3020 2769 nichts
3054 2709 3082 2769 zu

2170 2753 2272 2813 denken
2310 2753 2370 2813 und
2399 2753 2496 2813 nichts
2525 2752 2552 2812 zu
2590 2752 2641 2812 tun
2674 2751 2729 2811 hat
2758 2751 2804 2811 als
2837 2751 2865 2811 zu
2898 2748 2995 2808 lieben
3033 2750 3088 2810 und

2166 2793 2338 2853 enttäuscht
2368 2792 2392 2852 zu
2427 2790 2570 2850 werden;
2595 2788 2648 2848 das
2678 2788 2752 2848 süße
2777 2790 2905 2850 Mädel,
2925 2790 2979 2850 das
3014 2787 3096 2847 sanft

2170 2830 2226 2890 und
2259 2831 2324 2891 doch
2353 2829 2413 2889 tief
2437 2830 2492 2890 von
2525 2829 2576 2889 den
2614 2829 2763 2889 Gefühlen
2801 2830 2852 2890 der
2885 2829 3020 2889 Liebelei
3048 2827 3094 2887 er¬

2172 2872 2240 2932 füllt
2265 2870 2319 2930 ist;
2344 2870 2392 2930 den
2423 2870 2559 2930 Dichter,
2580 2867 2628 2927 der
2654 2867 2682 2927 in
2712 2869 2913 2929 wehmütiger
2938 2867 3095 2927 Erkennt¬

2170 2909 2221 2969 nis
2250 2910 2389 2970 inmitten
2422 2909 2514 2969 seiner
2543 2909 2678 2969 Träume
2702 2906 2790 2966 stirbt
2809 2908 2878 2968 ...
2897 2907 2971 2967 alles
3000 2906 3097 2966 Men¬

2173 2948 2245 3008 schen
2279 2949 2336 3009 mit
2360 2949 2441 3009 einer
2470 2948 2700 3008 empfindlichen
2734 2948 2839 3008 Haut,
2858 2945 2901 3005 die
2930 2945 3011 3005 nicht
3036 2944 3093 3004 das

2172 2990 2253 3050 sind,
2272 2988 2334 3048 was
2368 2988 2434 3048 man
2468 2988 2687 3048 lebenstüchtig
2716 2986 2830 3046 nennt.
2868 2986 2930 3046 Sie
2954 2986 3083 3046 sprechen

2171 3028 2230 3088 und
2265 3029 2397 3089 handeln
2437 3027 2634 3087 vollkommen
2694 3026 2753 3086 aus
2810 3025 2891 3085 ihrem
2964 3023 3088 3083 eigenen

2172 3067 2370 3127 Lebenskreis
2403 3067 2534 3127 heraus,
2557 3064 2629 3124 aber
2658 3062 2698 3122 sie
2726 3064 2861 3124 drängen
2898 3064 3025 3124 zugleich
3062 3062 3088 3122 in

2174 3106 2308 3166 einzelne
2337 3106 2537 3166 Augenblicke
2566 3105 2659 3165 ganze
2692 3103 2808 3163 Welten
2846 3103 2897 3163 des
2930 3103 3102 3163 Erlebens.

2172 3145 2334 3205 Schnitzler
2369 3145 2403 3205 ist
2433 3145 2481 3205 der
2511 3145 2639 3205 Meister
2669 3142 2723 3202 des
2758 3145 3018 3205 Zwiegesprächs,
3043 3141 3092 3201 der

2173 3187 2230 3247 fein
2264 3184 2469 3244 geschliffenen
2508 3181 2632 3241 Worte,
2657 3181 2714 3241 mit
2743 3182 2833 3242 denen
2867 3182 2900 3242 er
2930 3181 2977 3241 die
3011 3178 3097 3238 Wir¬

2174 3224 2289 3284 rungen
2323 3224 2378 3284 und
2407 3223 2621 3283 Wandlungen
2654 3220 2700 3280 der
2729 3222 2817 3282 Seele
2841 3222 2985 3282 aufdeckt.
3023 3220 3092 3280 Das

2176 3264 2271 3324 macht
2303 3262 2371 3322 ihn,
2417 3262 2539 3322 obwohl
2576 3262 2653 3322 seine
2685 3262 2779 3322 ganze
2817 3261 2902 3321 Liebe
2939 3258 2984 3318 bis
3025 3258 3079 3318 zum

2172 3302 2283 3362 Schluß
2317 3300 2367 3360 dem
2415 3303 2545 3363 Theater
2578 3300 2717 3360 gehörte,
2741 3298 2904 3358 besonders
2942 3297 3007 3357 auch
3045 3297 3091 3357 als

2176 3342 2353 3402 Novellisten
2386 3342 2479 3402 groß.
2522 3340 2600 3400 Sein
2639 3339 2741 3399 Wesen
2798 3339 2853 3399 und
2891 3339 2946 3399 sein
2984 3336 3100 3396 Form¬

2173 3383 2278 3443 gefühl
2303 3381 2365 3441 war
2389 3381 2451 3441 fast
2475 3380 2556 3440 mehr
2586 3378 2633 3438 für
2663 3378 2706 3438 die
2735 3378 2854 3438 Novelle
2884 3377 2931 3437 als
2960 3375 3008 3435 für
3037 3374 3089 3434 das

2172 3423 2289 3483 Drama
2330 3419 2511 3479 geschaffen.
2561 3417 2638 3477 Eine
2675 3417 2769 3477 seiner
2806 3417 2896 3477 ersten
2938 3416 3100 3476 Novellen,

2176 3461 2352 3521 „Leutnant
2384 3458 2519 3518 Gust'l“,
2542 3456 2587 3516 ein
2624 3456 2840 3516 großartiges,
2868 3456 2994 3516 heiteres
3035 3453 3093 3513 und

2176 3499 2512 3559 niederschmetterndes
2567 3494 2817 3554 Selbstgesprach
2872 3493 2921 3553 des
2976 3494 3103 3554 armen,

2171 3539 2312 3599 dummen
2354 3537 2549 3597 Leutnants,
2578 3534 2628 3594 der
2662 3534 2716 3594 von
2758 3533 2840 3593 einem
2891 3533 2978 3593 rohen
3020 3532 3098 3592 Kerl

2176 3579 2241 3639 eine
2270 3578 2442 3638 Backpfeife
2471 3576 2592 3636 bekam,
2635 3573 2671 3633 ist
2719 3574 2770 3634 für
2821 3573 2919 3633 seinen
2962 3572 3092 3632 äußeren

2176 3618 2373 3678 Lebensgang
2409 3614 2615 3674 entscheidend
2652 3614 2832 3674 geworden:
2867 3610 2906 3670 sie
2942 3611 3096 3671 bedeutete

2181 3659 2227 3719 für
2251 3659 2297 3719 ihn
2325 3656 2376 3716 das
2405 3655 2488 3715 Ende
2512 3653 2610 3713 seiner
2634 3653 2791 3713 Laufbahn
2825 3651 2871 3711 als
2895 3650 3100 3710 Regiments¬

2178 3697 2261 3757 arzt.
2304 3694 2383 3754 Eine
2411 3693 2514 3753 seiner
2542 3692 2663 3752 letzten,
2687 3691 2856 3751 „Fräulein
2893 3689 3001 3749 Else“,
3043 3687 3098 3747 das

2181 3735 2414 3795 Selbstgespräch
2442 3733 2526 3793 eines
2550 3733 2657 3793 jungen
2690 3730 2872 3790 Mädchens,
2891 3727 2942 3787 das
2971 3727 3017 3787 sich
3045 3727 3096 3787 für

2181 3777 2222 3837 die
2246 3775 2386 3835 Familie
2410 3772 2527 3832 opfert,
2551 3771 2630 3831 zeigt
2654 3769 2700 3829 ihn
2734 3769 2780 3829 als
2808 3769 2860 3829 den
2893 3767 3019 3827 Meister
3048 3765 3098 3825 des

2181 3816 2357 3876 vollendeten
2394 3814 2499 3874 Stils,
2517 3811 2567 3871 als
2595 3811 2640 3871 den
2677 3808 2959 3868 unvergleichlichen
2991 3805 3104 3865 Künst¬

2177 3853 2217 3913 ler
2248 3853 2332 3913 einer
2363 3852 2433 3912 zart
2461 3850 2669 3910 andeutenden
2709 3847 2860 3907 Sprache,
2887 3846 2935 3906 der
2966 3844 3094 3904 zugleich

2183 3893 2240 3953 mit
2264 3892 2427 3952 ärztlicher
2456 3890 2556 3950 Kühle
2590 3888 2614 3948 in
2653 3886 2695 3946 die
2729 3886 2810 3946 Welt
2845 3885 2892 3945 des
2926 3882 3103 3942 Unbewuß¬

2181 3934 2225 3994 ten
2260 3931 2436 3991 eindringt,
2457 3928 2550 3988 scharf
2580 3927 2786 3987 zergliedernd
2821 3922 2880 3982 und
2910 3921 2969 3981 fast
2999 3921 3102 3981 lyrisch

2182 3972 2359 4032 gestaltend.
2405 3969 2455 4029 So
2487 3968 2555 4028 war
2587 3966 2619 4026 er
2651 3966 2700 4026 der
2733 3964 2992 4024 ausgesprochene
3025 3962 3106 4022 Ver¬

2189 4010 2277 4070 treter
2307 4010 2355 4070 der
2390 4006 2531 4066 „Wiener
2566 4008 2713 4068 Schule",
2752 4004 2806 4064 der
2840 4005 2957 4065 Dichter
3012 4002 3094 4062 eines

2199 4051 2389 4111 vergangenen
2427 4048 2553 4108 Wiens,
2576 4047 2654 4107 einer
2687 4046 2930 4106 abgeschlossenen
2968 4044 3046 4104 Zeit.
