3344 4384
1471 315 1595 375 box
1666 316 1852 376 44/2

158 321 278 381 12.
340 324 939 384 Schnitzler's
1003 317 1234 377 Death

736 814 1456 874 OBSERVER

829 873 850 933 I.
864 873 986 933 österr.
999 873 1146 933 behördl.
1165 872 1464 932 konzessioniertes

783 912 1018 972 Unternehmen
1048 912 1100 972 für
1122 912 1513 972 Zeitungs-Ausschnitte

834 973 983 1033 WIEN,
1010 975 1055 1035 I.,
1082 975 1362 1035 WOLLZEILE
1415 974 1453 1034 11

934 1024 1146 1084 TELEPHON
1183 1025 1354 1085 R-23-0-43

732 1169 956 1229 Ausschnitt
979 1169 1046 1229 aus

1044 1210 1121 1270 Uhr
1156 1214 1412 1274 Abendblatt,
1439 1220 1583 1280 Berlin.

737 1394 850 1454 vom:

1167 1470 1260 1530 77.
1278 1461 1407 1521 UKI.
1434 1455 1536 1515 1937

2058 1646 2302 1706 Tod.

760 1659 877 1719 Lu
965 1656 1275 1716 Artur
1352 1648 1955 1708 Schnitzlers

1077 1753 1171 1813 Aus
1203 1751 1277 1811 den
1309 1751 1459 1811 letzten
1504 1751 1634 1811 Tagen
1673 1749 1747 1809 des
1779 1748 1998 1808 Dichters.

1151 1828 1276 1888 Unser
1307 1826 1656 1886 Korrespondent
1678 1823 1876 1883 drahtet:

1582 1909 1685 1969 zitierte
1711 1908 1858 1968 Schnitzler
1888 1907 1937 1967 vor
1967 1905 2011 1965 das
2041 1904 2258 1964 Ehrengericht.
2283 1901 2436 1961 Schnitzler

1059 1916 1101 1976 K.
1123 1916 1238 1976 Wien,
1255 1914 1302 1974 22.
1318 1913 1455 1973 Oktober.

1577 1954 1627 2014 ließ
1659 1951 1704 2011 den
1741 1951 1841 2011 Herren
1878 1950 1973 2010 sagen,
1996 1948 2027 2008 er
2055 1948 2132 2008 denke
2165 1946 2237 2006 nicht
2265 1945 2374 2005 daran,
2397 1942 2437 2002 die

706 1963 740 2023 Am
781 1966 894 2026 vorigen
919 1963 1052 2023 Sonntag
1083 1963 1157 2023 hatte
1177 1963 1211 2023 ich
1237 1962 1295 2022 noch
1321 1960 1365 2020 die
1385 1960 1513 2020 Freude,

1574 1996 1701 2056 Tendenz
1729 1996 1774 2056 der
1802 1993 1912 2053 Novelle
1940 1992 1966 2052 zu
1994 1990 2186 2050 verteidigen,
2210 1988 2259 2048 und
2292 1987 2374 2047 müsse
2402 1987 2438 2047 die

652 2011 742 2071 Artur
767 2011 977 2071 Schnitzler
1002 2009 1030 2069 zu
1055 2009 1208 2069 begegnen.
1242 2005 1313 2065 Nach
1338 2005 1381 2065 den
1405 2002 1505 2062 Ferien

1577 2041 1759 2101 künstlerische
1788 2037 1836 2097 und
1870 2035 2037 2095 literarische
2067 2032 2191 2092 Freiheit
2216 2032 2287 2092 eines
2317 2030 2441 2090 Schrift¬

650 2058 690 2118 sah
718 2056 754 2116 ich
778 2055 819 2115 ihn
851 2053 896 2113 zum
933 2052 1088 2112 erstenmal
1107 2050 1230 2110 wieder,
1249 2048 1299 2108 und
1326 2049 1358 2109 ich
1386 2048 1445 2108 war
1473 2047 1513 2107 er¬

1577 2083 1677 2143 stellers
1704 2083 1749 2143 für
1773 2083 1813 2143 sich
1841 2081 1863 2141 in
1886 2080 2027 2140 Anspruch
2055 2078 2186 2138 nehmen.
2218 2077 2263 2137 So
2287 2076 2382 2136 wurde
2405 2074 2432 2134 er

650 2098 795 2158 schüttert.
834 2095 909 2155 Sein
942 2095 1055 2155 Antlitz
1088 2094 1149 2154 war
1192 2092 1371 2152 verwittert,
1400 2092 1517 2152 schwere

1579 2127 1623 2187 der
1644 2125 2013 2185 Offizierscharge
2038 2122 2104 2182 für
2135 2120 2337 2180 verlustig
2372 2119 2437 2179 er¬

648 2143 763 2203 Furchen
797 2140 850 2200 des
879 2140 975 2200 Leides
1009 2139 1100 2199 hatten
1139 2138 1206 2198 ihre
1235 2137 1350 2197 Spuren
1389 2136 1412 2196 in
1452 2134 1499 2194 sein

1577 2172 1703 2232 klärt.
1735 2167 2026 2227 Sorderbarerweise
2053 2164 2148 2224 wurde
2171 2164 2252 2224 dieses
2280 2163 2375 2223 Urteil
2398 2161 2443 2221 ge¬

648 2185 754 2245 liebes,
793 2184 984 2244 freundliches
1023 2181 1129 2241 Gesicht
1177 2181 1340 2241 gezeichnet.
1383 2178 1509 2238 Dennoch

1582 2214 1719 2274 nehmigt.
1754 2214 1911 2274 Schnitzler
1936 2214 1985 2274 hat
2010 2211 2049 2271 sich
2074 2208 2201 2268 darüber
2222 2208 2354 2268 getröstet
2374 2205 2413 2265 ..

655 2233 731 2293 schlen
756 2231 779 2291 er
804 2229 861 2289 mir
881 2227 996 2287 heiterer
1020 2226 1063 2286 als
1083 2225 1106 2285 in
1131 2223 1265 2283 früherer
1289 2222 1361 2282 Zeit.
1381 2220 1505 2280 Lächelnd

655 2273 753 2333 meinte
772 2272 819 2332 er:
839 2273 904 2333 „Ich
928 2272 970 2332 bin
994 2271 1069 2331 schon
1098 2270 1153 2330 jetzt
1178 2268 1257 2328 müde
1281 2267 1385 2327 infolge
1409 2266 1512 2326 meines

1592 2295 1938 2355 SCHNITZLER
1984 2292 2096 2352 UND
2142 2292 2239 2352 DER
2285 2289 2443 2349 FILM.

647 2316 689 2376 70.
703 2316 925 2376 Geburtstags,
940 2313 991 2373 von
1020 2313 1062 2373 dem
1105 2313 1166 2373 man
1195 2313 1251 2373 viel
1275 2310 1364 2370 zuviel
1384 2308 1511 2368 spricht."

1636 2355 1818 2415 Interessant
1842 2354 1890 2414 ist,
1919 2351 1971 2411 daß
2015 2346 2062 2406 der
2096 2349 2206 2409 Dichter
2235 2348 2278 2408 sich
2312 2346 2436 2406 anfangs

650 2358 684 2418 Er
715 2359 778 2419 war
808 2359 832 2419 ja
867 2359 941 2419 jeder
971 2357 1212 2417 Aeußerlichkeit,
1233 2356 1306 2416 jeder
1341 2352 1513 2412 Festlichkeit

1582 2399 1642 2459 dem
1680 2399 1768 2459 Film
1806 2393 2039 2453 gegenüber
2058 2390 2291 2450 oblehnend
2320 2387 2445 2447 verhielt.

650 2402 767 2462 abhold.
813 2402 853 2462 Er
886 2402 944 2462 war
977 2399 1017 2459 ein
1054 2399 1258 2459 Kosmopolit,
1286 2398 1313 2458 er
1345 2396 1426 2456 Liebte
1458 2393 1512 2453 alle

1582 2441 1638 2501 Vor
1666 2441 1802 2501 Jahren,
1826 2437 1891 2497 bald
1924 2436 1985 2496 nach
2018 2434 2064 2494 dem
2107 2435 2229 2495 Kriege,
2253 2432 2369 2492 bestellte
2403 2430 2444 2490 die

651 2447 810 2507 Menschen,
825 2446 939 2506 gehörte
962 2444 1049 2504 keiner
1072 2444 1177 2504 Partei
1192 2441 1241 2501 an,
1260 2441 1310 2501 und
1333 2438 1420 2498 darum
1457 2438 1516 2498 war

1585 2483 1946 2543 Sascha=Filmgesellschaft
1968 2483 2031 2543 mich
2058 2482 2079 2542 zu
2106 2479 2186 2539 ihrem
2218 2477 2441 2537 Dramaturgen

650 2489 678 2549 er
707 2490 772 2550 auch
805 2489 894 2549 keiner
928 2488 1205 2548 schriftstellerischen
1243 2483 1440 2543 Korporation
1474 2483 1515 2543 als

655 2534 785 2594 Mitglied
813 2532 1005 2592 beigetreten.
1043 2530 1099 2590 Die
1127 2528 1244 2588 Wiener
1272 2526 1450 2586 Concordia,
1474 2525 1515 2585 die

647 2579 840 2639 Vereinigung
884 2577 937 2637 der
966 2573 1174 2633 Schriftsteller
1223 2573 1276 2633 und
1310 2570 1508 2630 Journalisten

647 2622 849 2682 Oesterreichs,
868 2620 941 2680 hatte
965 2620 1010 2680 ihn
1039 2618 1089 2678 zum
1126 2614 1352 2674 Eyrenmitglied
1380 2614 1523 2674 ernannt,

652 2665 768 2725 obwohl
797 2665 825 2725 er
853 2663 899 2723 ihr
928 2662 974 2722 nie
1003 2662 1143 2722 angehört
1167 2659 1260 2719 hatte.

714 2709 774 2769 Wie
793 2707 830 2767 ein
858 2706 1012 2766 Lauffeuer
1041 2701 1209 2761 verbreitete
1233 2704 1274 2764 sich
1298 2701 1400 2761 gestern
1433 2698 1517 2758 abend

654 2754 698 2814 die
738 2752 874 2812 traurige
919 2749 1020 2809 Kunde
1064 2747 1117 2807 von
1166 2746 1214 2806 dem
1277 2745 1356 2805 jähen
1396 2743 1514 2803 Ableben

654 2797 842 2857 Schnitzlers.
879 2793 1013 2853 Ueberall
1040 2791 1103 2851 war
1126 2791 1170 2851 die
1193 2789 1372 2849 Teilnahme
1396 2788 1449 2848 tief
1472 2787 1525 2847 und

658 2841 811 2901 aufrichtig
864 2837 921 2897 Der
951 2835 1065 2895 Dichter
1090 2835 1137 2895 litt
1162 2835 1185 2895 in
1215 2834 1257 2894 der
1286 2832 1373 2892 letzten
1402 2829 1464 2889 Zeit
1488 2829 1516 2889 an

653 2882 1059 2942 Beklemmungszuständen,
1083 2877 1138 2937 und
1171 2877 1281 2937 gewisse
1309 2874 1522 2934 Aeußerungen

659 2929 818 2989 verricten,
837 2925 885 2985 daß
912 2925 951 2985 ihn
983 2922 1143 2982 Ahnungen
1174 2920 1307 2980 quälten,
1326 2919 1365 2979 die
1393 2919 1432 2979 sich
1464 2919 1525 2979 aber

656 2972 728 3032 nicht
752 2970 806 3030 auf
829 2969 874 3029 den
911 2967 984 3027 Tod,
1007 2967 1126 3027 sondern
1163 2965 1226 3025 eher
1254 2963 1308 3023 auf
1332 2961 1381 3021 das
1409 2961 1527 3021 Heran¬

656 3015 746 3075 nahen
786 3012 867 3072 einer
906 3012 967 3072 noch
1006 3010 1204 3070 unbekannten
1248 3006 1359 3066 Gefahr
1394 3007 1532 3067 bezogen.

648 3057 795 3117 Während
837 3056 868 3116 er
915 3056 960 3116 sich
1007 3054 1034 3114 in
1081 3052 1131 3112 den
1182 3050 1273 3110 letzten
1306 3050 1416 3110 Jahren
1463 3049 1517 3109 von

656 3103 704 3163 der
757 3098 950 3158 Gesellschaft
1004 3098 1061 3158 und
1124 3095 1172 3155 der
1230 3095 1312 3155 Welt
1370 3095 1423 3155 fast
1452 3095 1524 3155 ganz

666 3146 879 3206 zurückgezogen
948 3141 1042 3201 hatte,
1098 3140 1179 3200 schien
1225 3140 1256 3200 er
1298 3140 1402 3200 gerade
1466 3140 1529 3200 jetzt

663 3188 749 3248 etwas
776 3187 857 3247 mehr
884 3186 1100 3246 Lebensfreude
1126 3184 1152 3244 zu
1183 3182 1364 3242 empfinden.
1395 3182 1433 3242 Er
1460 3182 1528 3242 ging

662 3232 767 3292 wieder
790 3230 869 3290 öfter
892 3229 935 3289 ins
963 3230 1104 3290 Theater,
1122 3227 1245 3287 besuchte
1272 3227 1334 3287 noch
1361 3224 1519 3284 vorgestern

1833 3259 1979 3319 Heinrich
2016 3259 2219 3319 Schnitzler,

662 3274 752 3334 abend
780 3273 820 3333 die
848 3271 1029 3331 Vorstellung
1061 3270 1138 3330 „Der
1161 3268 1474 3328 Gerichtevollzieher“
1497 3268 1519 3328 in

1629 3313 1672 3373 des
1706 3311 1836 3371 Dichters
1875 3307 1981 3367 Sohn.
2010 3307 2149 3367 Mitglieo
2189 3304 2236 3364 des
2275 3303 2415 3363 Berliner

657 3319 710 3379 der
741 3316 900 3376 Komödie,
923 3315 958 3375 um
1003 3313 1100 3373 Oslar
1136 3313 1348 3373 Karlweis
1388 3310 1441 3370 und
1477 3310 1529 3370 Si¬

1786 3349 1944 3409 staatlichen
1970 3346 2267 3406 Schauspielhauses.

667 3360 736 3420 bylle
760 3358 914 3418 Binder
938 3360 966 3420 zu
999 3358 1092 3418 sehen,
1111 3357 1158 3417 für
1182 3355 1228 3415 die
1247 3355 1279 3415 er
1303 3353 1345 3413 sich
1373 3352 1527 3412 besonders

663 3403 857 3463 interessierte
915 3403 999 3463 Dann
1035 3403 1065 3463 aß
1097 3402 1127 3462 er
1154 3400 1216 3460 noch
1247 3400 1269 3460 in
1304 3397 1379 3457 einem
1424 3397 1534 3457 Stadt¬

1597 3447 1646 3507 und
1682 3445 1883 3505 künstlerischen
1914 3440 2030 3500 Beirat.
2071 3443 2121 3503 Ich
2157 3439 2232 3499 nahm
2273 3436 2358 3496 dieses
2389 3433 2459 3493 Amt

662 3448 841 3508 restaurant
869 3450 895 3510 zu
932 3445 1043 3505 Abend.

1599 3489 1655 3549 nur
1681 3489 1762 3549 unter
1788 3486 1834 3546 der
1861 3483 2032 3543 Bedingung
2058 3483 2109 3543 an,
2131 3480 2362 3540 hervorragende
2388 3477 2461 3537 Lite¬

666 3524 768 3584 DER
820 3522 914 3582 TOD
967 3520 1024 3580 AM
1084 3516 1530 3576 SCHREIBTISCH.

1595 3534 1693 3594 raten,
1711 3531 1750 3591 die
1767 3530 1801 3590 ich
1828 3528 1870 3588 für
1893 3528 1935 3588 den
1966 3527 2025 3587 Film
2061 3523 2207 3583 gewinnen
2233 3522 2340 3582 wollte,
2358 3520 2461 3580 heran¬

1602 3579 1685 3639 ziehen
1719 3576 1746 3636 zu
1779 3573 1895 3633 dürfen.
1938 3571 1993 3631 Der
2022 3569 2087 3629 erste
2115 3567 2180 3627 Weg
2209 3567 2306 3627 führte
2335 3565 2395 3625 mich
2428 3566 2451 3626 zu

728 3579 873 3639 Mitten
912 3576 945 3636 in
985 3575 1042 3635 der
1077 3576 1231 3636 Arbeit
1260 3573 1333 3633 hat
1362 3570 1430 3630 ihn
1464 3570 1531 3630 der

1597 3619 1761 3679 Schnitzler,
1789 3617 1873 3677 dessen
1912 3615 1986 3675 „Der
2014 3613 2103 3673 junge
2132 3609 2314 3669 Medardus"
2348 3607 2380 3667 ich
2413 3606 2460 3666 für

664 3624 745 3684 Tod
782 3624 936 3684 ereilt.
983 3620 1132 3680 Während
1174 3618 1223 3678 er,
1251 3617 1287 3677 am
1342 3615 1529 3675 Schreibtisch

1598 3665 1638 3725 die
1661 3660 1848 3720 Verfilmung
1879 3659 2021 3719 erwerben
2058 3654 2164 3714 wollte.
2205 3654 2347 3714 Zunächst
2375 3649 2450 3709 bekam

664 3669 772 3729 sitzend,
792 3666 881 3726 seiner
905 3663 1075 3723 Sekretärin
1104 3661 1250 3721 diktierte,
1269 3661 1340 3721 glitt
1359 3660 1387 3720 er
1411 3658 1533 3718 plötzlich

1599 3709 1631 3769 ich
1660 3707 1697 3767 ein
1730 3704 1837 3764 rundes
1871 3702 1992 3762 „Nein",
2016 3696 2170 3756 allmöhlich
2203 3695 2268 3755 aber
2297 3694 2400 3754 konnte
2424 3692 2456 3752 ich

669 3711 719 3771 pom
757 3710 850 3770 Sessel
874 3710 897 3770 zu
930 3707 1042 3767 Boden.
1071 3706 1150 3766 Tiefe
1174 3705 1435 3765 Bewußtlosigkeit
1459 3701 1533 3761 hatte

1597 3749 1641 3809 ihn
1686 3749 1744 3809 mit
1784 3748 1891 3808 großer
1936 3742 2243 3802 Ueberredungskunst
2284 3737 2332 3797 für
2373 3734 2466 3794 meine

664 3757 707 3817 ihn
746 3755 885 3815 befallen,
915 3755 967 3815 und
1002 3753 1122 3813 obwohl
1152 3752 1219 3812 drei
1248 3749 1349 3809 Aerzte
1383 3749 1440 3809 und
1475 3746 1527 3806 sein

1972 3785 2022 3845 Ich
2077 3787 2176 3847 jagte:
2236 3783 2315 3843 „Ja,
2371 3776 2454 3836 wenn

1599 3794 1702 3854 Absicht
1755 3790 1930 3850 gewinnen.

1596 3838 1641 3898 die
1668 3838 1768 3898 großen
1805 3832 1941 3892 Literaten
1974 3830 2019 3890 sich
2056 3827 2128 3887 nicki
2151 3827 2173 3887 in
2206 3824 2251 3884 den
2288 3821 2388 3881 Dienst
2416 3821 2456 3881 des

1601 3884 1691 3944 Films
1719 3878 1810 3938 stellen
1842 3875 1955 3935 wollen,
1974 3872 2046 3932 dann
2079 3869 2142 3929 kunn
2170 3869 2196 3929 er
2224 3869 2269 3929 nie
2297 3866 2351 3926 auf
2374 3863 2465 3923 künst¬

1597 3925 1704 3985 lerische
1733 3923 1808 3983 Höhe
1836 3919 1991 3979 gelangen.
2047 3915 2122 3975 Dies
2151 3910 2258 3970 wirkte:
2305 3910 2460 3970 Schnitzler

1601 3974 1647 4034 gab
1681 3967 1751 4027 seine
1779 3964 1962 4024 prinzipielle
1986 3958 2112 4018 Zusage,
2131 3955 2281 4015 verlangte
2305 3954 2389 4014 aber,
2408 3952 2459 4012 daß

1603 4014 1633 4074 er
1656 4012 1686 4072 an
1718 4012 1766 4072 der
1788 4007 1964 4067 Herstellung
1992 4004 2035 4064 des
2062 4000 2261 4060 Szenariums
2288 3994 2464 4054 bestimmend

1606 4055 1759 4115 mitwirke.
1801 4051 2001 4111 Unvergeßlich
2058 4045 2165 4105 bleiben
2217 4042 2258 4102 die
2291 4039 2402 4099 Abende
2436 4039 2458 4099 in

1612 4102 1695 4162 seiner
1719 4098 1788 4158 Villa
1817 4096 1867 4156 mit
1891 4096 1933 4156 dem
1971 4090 2124 4150 damaligen
2152 4085 2399 4145 Generalbirektor
2423 4081 2464 4141 der

1606 4144 1763 4204 „Sascha",
1783 4140 1826 4200 dem
1860 4139 1917 4199 jetzt
1936 4136 1960 4196 in
1984 4133 2084 4193 Verlin
2114 4129 2237 4189 lebenden
2267 4128 2395 4188 Direktor
2420 4124 2462 4184 der

1790 4184 1900 4244 Arnold
1924 4179 2227 4239 Preßburger,
2246 4172 2361 4232 anderen
2396 4166 2472 4226 Mit¬
