3392 4320
157 255 210 315 2

1040 257 1211 317 atl

330 261 905 321 Schnitzlers

247 609 982 669 DOBSERVER

344 667 366 727 I.
379 667 502 727 österr.
515 673 664 733 behördl.
678 676 980 736 konzessioniertes

298 709 529 769 Unternehmen
561 714 610 774 für
632 718 1019 778 Zeitungs-Ausschnitte

354 769 501 829 WIEN,
529 775 575 835 I.,
596 778 886 838 WOLLZEILE
934 781 973 841 11

441 824 655 884 TELEPHON
693 828 869 888 R-23-0-43

236 963 469 1023 Ausschnitt
492 967 583 1027 aus:

664 1062 727 1122 LK
756 1073 969 1133 TAAKSIDT

565 1142 666 1202 23.
689 1142 820 1202 OKI.

241 1187 360 1247 vom:

368 1275 551 1335 Schnitzlers
590 1282 779 1342 Testament.
802 1286 913 1346 Wien,
936 1290 985 1350 22.
1013 1288 1069 1348 (E.
1097 1294 1152 1354 D.)

284 1314 533 1374 Heütemittao
572 1326 681 1386 wurde
720 1321 776 1381 das

811 1326 982 1386 Testament
1022 1330 1143 1390 Arthur

290 1354 471 1414 Schnitzlers
517 1356 663 1416 erofnct.
694 1358 906 1418 Dsenthelt
937 1366 1022 1426 neben
1063 1371 1143 1431 einer

288 1392 381 1452 Reihe
405 1396 466 1456 rein
499 1397 673 1457 familiärer
697 1404 940 1464 Bestimmungen
974 1407 1034 1467 auch
1063 1406 1147 1466 Ver¬

285 1434 434 1494 fügungen
473 1434 636 1494 betreffend
670 1436 718 1496 den
757 1443 958 1503 literarischen
997 1446 1151 1506 Nachlaß,

283 1470 329 1530 die
357 1472 385 1532 in
418 1473 464 1533 den
503 1476 717 1536 wesentlichsten
751 1482 952 1542 Einzelbeiten
989 1486 1054 1546 aber
1088 1488 1143 1548 erst

298 1511 379 1571 päter
413 1512 633 1572 veröffentlicht
667 1518 777 1578 werden
816 1523 921 1583 sollen.
950 1524 993 1584 Zu
1027 1526 1123 1586 seinem

284 1554 486 1614 literarischen
535 1557 833 1617 Nachlaßverwalter
877 1561 929 1621 hat
973 1563 1141 1623 Schninler

289 1590 355 1650 schon
394 1592 446 1652 vor
476 1593 595 1653 Jahren
629 1595 676 1655 den
710 1600 940 1660 Dramaturgen
979 1605 1026 1665 der
1055 1605 1141 1665 Ber¬

285 1630 358 1690 liner
398 1634 681 1694 Reinhardtbühne,
710 1639 778 1699 Dr.
807 1644 908 1704 Franz
943 1646 1056 1706 Horch,
1085 1646 1135 1706 be¬

282 1671 418 1731 stimmt.

247 2019 779 2079 OBSERI

338 2073 355 2133 l.
370 2076 494 2136 österr.
503 2079 651 2139 behördl.
665 2082 969 2142 konzessioniertes

285 2118 527 2178 Unterachmen
555 2119 600 2179 für
628 2124 1016 2184 Zeitungs-Ausschnitte

344 2176 489 2236 WIEN,
518 2181 565 2241 I.,
588 2184 872 2244 WOLLZEILE
921 2190 962 2250 11

436 2231 656 2291 TELEPHON
689 2235 866 2295 R-23-0-43

234 2373 459 2433 Ausschnitt
487 2374 574 2434 aus:

889 2516 911 2576 1

265 2598 347 2658 om.

228 2735 573 2795 NAYWRIGHTS
642 2739 752 2799 LAST
802 2742 1011 2802 REQUEST

672 2796 831 2856 VIENNA,
851 2799 930 2859 Oct.
946 2799 994 2859 22.

269 2833 359 2893 "Let
384 2836 426 2896 me
456 2836 489 2896 be
518 2838 642 2898 stabbed
671 2838 805 2898 through
834 2839 886 2899 tho
925 2840 1020 2900 heart

231 2879 335 2939 before
361 2882 373 2942 1
395 2882 428 2942 um
466 2880 597 2940 baried,
631 2879 664 2939 ls
681 2881 731 2941 the
757 2882 820 2942 last
842 2879 971 2939 request
989 2882 1022 2942 ot

229 2919 1015 2979 r.Asrn

229 2949 370 3009 novelist
393 2953 450 3013 aud
481 2954 693 3014 playwriglu,
712 2954 839 3014 express
911 2957 937 3017 in
968 2956 1016 3016 his

241 2985 321 3045 WIII.

265 3020 322 3080 Dr.
349 3022 530 3082 Schnitzler
557 3022 619 3082 also
655 3023 814 3083 requested
859 3025 934 3085 that
970 3026 1018 3086 his

235 3055 364 3115 funeral
385 3058 495 3118 shouid
528 3058 556 3118 be
585 3057 617 3117 c«
642 3056 686 3116 the
711 3058 862 3118 simplest
883 3058 1020 3118 possible

234 3093 344 3153 nature
375 3092 431 3152 and
463 3094 534 3154 that
554 3092 592 3152 no
623 3093 790 3153 mourning
829 3094 942 3154 shouid
985 3094 1018 3154 be

238 3129 312 3189 worn
340 3130 391 3190 lor
411 3130 493 3190 him,
509 3130 556 3190 the
580 3128 689 3188 money
713 3130 787 3190 thus
807 3133 897 3193 saved
925 3133 1011 3193 belng

233 3166 363 3226 devoted
389 3166 418 3226 to
440 3164 781 3224 hospitals.Vauter.

1434 243 1564 303 box
1642 243 1873 303 43/26

1833 2092 1889 2152 R

1169 2101 1710 2161 OBSERV

1259 2172 1277 2232 I.
1291 2166 1412 2226 österr.
1426 2162 1578 2222 behördl.
1592 2154 1893 2214 konzessioniertes

1214 2211 1448 2271 Unternehmen
1480 2201 1528 2261 für
1550 2196 1940 2256 Zeitungs-Ausschnitte

1271 2267 1417 2327 WIEN,
1437 2265 1490 2325 I.,
1517 2259 1797 2319 WOLLZEILE
1845 2250 1891 2310 11

1358 2315 1578 2375 TELEPHON
1617 2306 1799 2366 R-23-0-43

1172 2465 1394 2525 Ausschnitt
1422 2459 1508 2519 aus:

1274 2590 1430 2650 Bladet:

1457 2677 1841 2737 Politiken

1293 2883 1427 2943 skriver
1457 2881 1515 2941 den
1564 2888 1593 2948 2
1623 2890 1681 2950 3.
1701 2894 1835 2954 OKT.
1846 2893 1961 2953 1991

1277 3179 1623 3239 Schnitzlers
1660 3167 1989 3227 Testament

1260 3283 1335 3343 Han
1382 3279 1527 3339 onsker
1552 3270 1942 3330 Faftigbegravelse.

1661 3349 1795 3409 Berlin,
1822 3345 1981 3405 Torsdag.

1316 3413 1330 3473 I
1346 3411 1390 3471 sit
1412 3404 1593 3464 Testament
1614 3399 1669 3459 har
1690 3396 1811 3456 Arthur
1832 3390 2003 3450 Schnitzler

1264 3461 1407 3521 bestemt,
1426 3457 1459 3517 at
1484 3454 1536 3514 der
1555 3451 1626 3511 ikke
1652 3449 1713 3509 maa
1742 3444 1880 3504 afholdes
1905 3441 1995 3501 nogen

1263 3505 1584 3565 Sergehejtidelighed
1624 3497 1677 3557 for
1713 3493 1801 3553 ham.
1856 3490 1925 3550 Han
1970 3487 2013 3547 vil

1259 3560 1334 3620 have
1377 3556 1409 3616 en
1457 3551 1489 3611 3.
1527 3550 1649 3610 Klasses
1687 3542 1894 3602 Begravelse,
1923 3539 2002 3599 uden

1268 3608 1408 3668 Kranse,
1423 3604 1458 3664 og
1484 3602 1533 3662 de,
1554 3599 1604 3659 der
1625 3596 1725 3656 folger
1745 3596 1835 3656 ham,
1851 3592 1916 3652 mas
1936 3587 2006 3647 ikke

1271 3659 1355 3719 mede
1384 3656 1395 3716 i
1412 3653 1480 3713 corb
1503 3650 1569 3710 Toj.

1323 3702 1498 3762 Schnitzler
1524 3697 1581 3757 har
1608 3694 1762 3754 efterladt
1783 3690 1830 3750 sig
1861 3688 1886 3748 et
1913 3684 2016 3744 Skue¬

1280 3759 1349 3819 spil,
1375 3750 1576 3810 Skyggernes
1606 3748 1686 3808 Tog,
1712 3741 1747 3801 en
1782 3736 1892 3796 næsten
1933 3733 2018 3793 fuld¬

1274 3805 1348 3865 endt
1377 3799 1490 3859 Romdn
1534 3798 1565 3858 og
1610 3795 1723 3855 talrige
1751 3787 2016 3847 avtobiografiske

1270 3852 1503 3912 Optegpeler,

2174 79 2397 139 Unternenen
2434 79 2477 139 ur
2505 79 2880 139 Teilungs-Assche

2217 139 2364 199 WIEN,
2390 142 2434 202 I,
2461 141 2742 201 WOLLZEIE
2787 140 2831 200 11

2319 186 2528 246 TELEPHON
2566 189 2744 249 R-23-0-43

2115 330 2345 390 Ausschnitt
2373 330 2471 390 aus:

2561 401 2858 461 rRergenzen

2504 531 2580 591 23.
2602 521 2736 581 OKT.
2756 515 2852 575 1937

2130 554 2239 614 vom:

2298 604 2374 664 Das
2404 601 2635 661 Testament
2665 598 2916 658 Schnitzlers.

2187 670 2409 730 Verfügungen
2449 667 2520 727 über
2549 666 2598 726 den
2632 660 2837 720 literartschen
2871 655 3032 715 Nachlaß.

2249 713 2436 773 Begräbnis
2465 709 2559 769 letzter
2581 706 2686 766 Klasse
2715 705 2781 765 nach
2809 703 2858 763 den
2892 700 3030 760 Bestim¬

2405 754 2533 814 mungen
2572 750 2625 810 des
2653 748 2819 808 Dichters.

2231 816 2337 876 Wien,
2363 816 2418 876 22.
2439 814 2596 874 Oktober.
2617 810 2718 870 Heute
2749 808 2784 868 ist
2810 807 2860 867 der
2897 804 2983 864 Sohn
3019 803 3069 863 des

2146 866 2254 926 gestern
2295 861 2511 921 verstorbenen
2566 855 2669 915 Artur
2704 852 2891 912 Schnitzler,
2936 844 3069 904 Hein¬

2147 906 2222 966 rich
2248 903 2512 963 Schnitzler,
2533 900 2583 960 der
2609 899 2634 959 in
2670 895 2782 955 Berlin
2808 891 2858 951 als
2884 888 3076 948 Schauspie¬

2148 950 2192 1010 ler
2223 948 2283 1008 und
2314 946 2474 1006 Regisseur
2495 944 2575 1004 tätig
2600 941 2656 1001 ist,
2676 939 2701 999 in
2732 936 2817 996 Wien
2852 933 3073 993 eingetrossen.

2152 992 2191 1052 Um
2246 991 2294 1051 die
2325 988 2576 1048 Mittagsstunde
2636 984 2744 1044 wurde
2784 981 2808 1041 im
2858 978 2981 1038 Beisein
3021 975 3075 1035 des

2153 1037 2296 1097 Bruders
2331 1033 2385 1093 des
2420 1030 2666 1090 Berblichenen,
2696 1024 2745 1084 des
2785 1019 3075 1079 Universitätspro¬

2154 1082 2259 1142 fessors
2281 1079 2350 1139 Dr.
2367 1076 2536 1136 Julius
2563 1068 2829 1128 Schnitzler,
2851 1064 2908 1124 und
2936 1062 2989 1122 der
3016 1060 3084 1120 bei¬

2152 1124 2201 1184 den
2237 1121 2357 1181 Söhne
2403 1120 2453 1180 die
2484 1112 2857 1172 Testamentseröffnung
2887 1106 3078 1166 vorgenom¬

2156 1167 2236 1227 men.
2264 1166 2329 1226 Das
2362 1162 2546 1222 Testament
2574 1155 2703 1215 enthält
2725 1154 2823 1214 neben
2861 1151 2942 1211 einer
2975 1148 3072 1208 Reihe

2153 1211 2219 1271 rein
2251 1207 2431 1267 samiliärer
2458 1201 2716 1261 Bestimmungen
2747 1195 2819 1255 auch
2846 1193 3072 1253 Verfügungen

2154 1253 2283 1313 betreffs
2316 1249 2364 1309 des
2398 1247 2602 1307 literarischen
2641 1240 2813 1300 Nachlasses
2841 1238 2894 1298 des
2922 1234 3083 1294 Dichters,

2160 1297 2204 1357 die
2232 1296 2253 1356 in
2293 1294 2342 1354 den
2375 1291 2579 1351 wesentlichen
2607 1285 2772 1345 Einheiten
2806 1282 2899 1342 jedoch
2927 1281 2987 1341 erst
3016 1275 3081 1335 spä¬

2157 1342 2199 1402 ter
2226 1336 2457 1396 veröfsenlicht
2484 1332 2607 1392 werden
2640 1328 2751 1388 sollen.

2247 1384 2299 1444 Con
2340 1378 2491 1438 Nachtrag
2519 1375 2571 1435 zum
2618 1372 2803 1432 Testament
2831 1366 3002 1426 behandelt
3030 1362 3075 1422 die

2164 1426 2384 1486 Verfügungen
2414 1417 2467 1477 des
2491 1416 2633 1476 Dichters
2658 1413 2830 1473 betroffend
2860 1412 2913 1472 sein
2950 1408 3085 1468 Leichen¬

2167 1470 2361 1530 begängnis.
2380 1463 2468 1523 Diese
2492 1461 2621 1521 lauten:

2257 1528 2355 1588 Wien,
2373 1525 2433 1585 29.
2449 1524 2549 1584 April
2573 1522 2664 1582 1912.
2688 1515 2965 1575 Bestimmungen,
2990 1512 3035 1572 die
3051 1509 3088 1569 ich

2209 1574 2274 1634 nach
2302 1571 2421 1631 meinem
2454 1568 2585 1628 Ableben
2613 1564 2639 1624 zu
2672 1560 2797 1620 erfüllen
2825 1559 2912 1619 bitte:
2929 1556 3091 1616 Herzstich.

2205 1616 2298 1676 Keine
2326 1612 2469 1672 Kränze!
2492 1607 2592 1667 Keine
2615 1606 2736 1666 Portel
2764 1603 2842 1663 Auch
2875 1600 2902 1660 in
2936 1599 2991 1659 der
3019 1597 3091 1657 Zei¬

2214 1661 2284 1721 tung
2317 1656 2397 1716 nicht
2430 1652 2612 1712 Begräbnis
2640 1646 2736 1706 letzter
2764 1643 2882 1703 Klasse!
2904 1641 2968 1701 Das
3001 1640 3087 1700 durch

2214 1702 2397 1762 Bofolgung
2424 1697 2521 1757 dieser
2549 1692 2808 1752 Bestimmungan
2841 1685 3089 1745 erübrig;e

2210 1744 2318 1804 Geld
2357 1743 2405 1803 ist
2433 1738 2826 1798 Spitalszwecken
2871 1728 3099 1788 zuzuwenden.

2213 1790 2308 1850 Keine
2335 1786 2461 1846 Reden!
2483 1782 2699 1842 Vermeidung
2732 1778 2810 1838 allen
2843 1772 2985 1832 rituellen
3017 1765 3096 1825 Bei¬

2217 1836 2329 1896 werls.
2375 1828 2515 1888 Keine
2544 1825 2725 1885 Trauer
2771 1818 2939 1878 tragen
2996 1814 3114 1874 nach!

2224 1897 2388 1957 meinem
2433 1895 2562 1955 Tode,
2581 1893 2764 1953 absolut
2782 1888 2912 1948 keine
2939 1888 3086 1948 Artur

2216 1941 2495 2001 Schnißler.“

2266 1996 2301 2056 In
2343 1989 2519 2049 Befolgung
2573 1989 2666 2049 dieser
2703 1987 2956 2047 Bestimmungen
2998 1984 3097 2044 findet

2177 2037 2296 2097 morgen
2335 2034 2481 2094 Freitag,
2504 2034 2557 2094 den
2596 2033 2650 2093 23.
2673 2031 2808 2091 Oktober
2841 2028 2879 2088 um
2929 2026 2999 2086 ½12
3038 2025 3097 2085 Uhr

2184 2080 2284 2140 vorm.
2306 2079 2363 2139 auf
2385 2079 2432 2139 dem
2475 2076 2750 2136 Zentralfriedhof
2777 2072 2798 2132 in
2835 2073 2915 2133 Wien
2952 2070 2999 2130 die
3026 2067 3100 2127 Bei¬

2182 2124 2287 2184 setzung
2315 2122 2368 2182 der
2389 2121 2534 2181 irdischen
2563 2120 2655 2180 Hülle
2683 2116 2782 2176 Artur
2803 2115 2996 2175 Schnitzlers
3017 2112 3096 2172 ohne

2181 2171 2259 2231 jedes
2291 2164 2462 2224 Gepränge
2487 2166 2572 2226 statt.

2431 2236 2510 2296 Wie
2535 2236 2717 2296 Schnitzler
2749 2234 2860 2294 starb.

2267 2297 2330 2357 Aus
2363 2296 2470 2356 Wien
2516 2296 2585 2356 wird
2624 2294 2783 2354 gemeldet:
2816 2294 2993 2354 Schnitzlers
3032 2291 3082 2351 De

2183 2338 2283 2398 kannte
2310 2336 2443 2396 wußten,
2459 2335 2506 2395 daß
2534 2334 2650 2394 Arthur
2672 2332 2831 2392 Schnitzler
2859 2333 2906 2393 seit
2933 2333 3002 2393 zwei
3024 2332 3103 2392 Jah¬

2183 2375 2232 2435 ren
2272 2376 2346 2436 über
2376 2374 2761 2434 Herzbeschwerden
2807 2372 2915 2432 klagte,
2950 2371 3004 2431 und
3044 2372 3093 2432 daß

2184 2417 2223 2477 sich
2249 2417 2302 2477 sein
2333 2414 2516 2474 körperlicher
2541 2414 2669 2474 Zustand
2700 2414 2749 2474 seit
2774 2413 2818 2473 dem
2858 2411 3011 2471 plötzlichen
3042 2409 3105 2469 tra¬

2190 2459 2285 2519 gischen
2321 2455 2376 2515 Tod
2407 2455 2498 2515 seiner
2524 2455 2645 2515 Tochter
2670 2451 2731 2511 noch
2762 2452 2989 2512 verschlimmert
3015 2449 3110 2509 hatte.

2266 2495 2326 2555 Vor
2354 2496 2462 2556 einigen
2495 2494 2635 2554 Monaten
2668 2491 2747 2551 schien
2785 2493 2813 2553 es
2842 2491 2883 2551 ihm
2926 2491 3014 2551 etwas
3048 2487 3108 2547 bes¬

2194 2536 2227 2596 ser
2252 2536 2280 2596 zu
2314 2536 2414 2596 gehen,
2439 2536 2506 2596 aber
2535 2533 2558 2593 in
2593 2533 2640 2593 den
2679 2533 2770 2593 letzten
2804 2530 2919 2590 Wochen
2953 2530 3029 2590 hatte
3059 2524 3101 2584 sich

2189 2573 2238 2633 sein
2273 2573 2370 2633 Leiden
2400 2572 2552 2632 verschärft
2582 2572 2635 2632 und
2661 2572 2690 2632 er
2705 2572 2793 2632 klagte
2808 2572 2896 2632 seinem
2931 2568 3106 2628 behandeln¬

2189 2614 2238 2674 den
2268 2614 2355 2674 Arzt,
2381 2614 2424 2674 dem
2474 2611 2719 2671 Herzspezialisten
2759 2611 2817 2671 Dr.
2842 2611 3013 2671 Ferdinand
3043 2604 3111 2664 Do¬

2189 2652 2277 2712 nath,
2298 2652 2371 2712 öfter
2402 2652 2544 2712 darüber,
2564 2651 2614 2711 daß
2649 2650 2683 2710 er
2708 2649 2910 2709 anfallsweise
2940 2648 3024 2708 starke
3054 2643 3117 2703 Be¬

2187 2691 2509 2751 klemmungszustände
2538 2690 2624 2750 habe.
2649 2688 2956 2748 Nichtsbestoweniger
2986 2685 3110 2745 änderte

2203 2732 2347 2792 Schnitzler
2380 2731 2454 2791 seine
2492 2730 2640 2790 gewohnte
2674 2729 2869 2789 Lebensweise
2902 2727 2994 2787 nicht,
3023 2726 3097 2786 wozu

2195 2770 2337 2830 eigentlich
2372 2770 2432 2830 auch
2460 2771 2515 2831 kein
2544 2769 2715 2829 besonderer
2743 2769 2837 2829 Anlaß
2871 2769 2992 2829 gewesen
3020 2768 3114 2828 wäre,

2193 2814 2221 2874 da
2251 2814 2279 2874 er
2304 2811 2400 2871 mäßig
2429 2811 2482 2871 und
2511 2811 2684 2871 vernünftig
2709 2808 2800 2868 lebte.

2267 2862 2314 2922 In
2346 2857 2394 2917 der
2426 2858 2590 2918 allerletzten
2629 2857 2702 2917 Zeit
2724 2857 2809 2917 schien
2841 2855 2872 2915 er
2900 2852 2989 2912 sogar
3022 2852 3112 2912 etwas

2194 2900 2315 2960 heiterer
2348 2897 2492 2957 geworden
2530 2897 2562 2957 zu
2600 2898 2674 2958 sein,
2703 2894 2866 2954 allerdings
2904 2894 3024 2954 merkten
3067 2891 3108 2951 die

2203 2939 2370 2999 Vertrauten
2407 2939 2465 2999 aus
2498 2937 2625 2997 gewissen
2661 2936 2893 2996 hingeworfenen
2934 2933 3111 2993 Bemerkun¬

2199 2980 2265 3040 gen,
2295 2978 2347 3038 daß
2381 2978 2428 3038 ihn
2466 2976 2676 3036 drohende
2710 2975 2939 3035 Ahnungen
2983 2972 3116 3032 quälten,

2195 3019 2241 3079 die
2269 3017 2301 3077 er
2334 3017 2399 3077 aber
2428 3017 2502 3077 nicht
2531 3017 2577 3077 als
2610 3014 2870 3074 Todesgedanken,
2894 3014 3011 3074 sondern
3048 3011 3113 3071 eher

2194 3058 2242 3118 als
2270 3057 2366 3117 Nahen
2400 3055 2480 3115 einer
2508 3055 2567 3115 noch
2600 3055 2799 3115 unbekannten
2876 3053 2946 3113 fahr
2974 3050 3119 3110 auflaßte.

2273 3104 2336 3164 Noch
2369 3106 2401 3166 an
2433 3106 2524 3166 seinem
2567 3103 2721 3163 Todeslag
2754 3101 2839 3161 hatte
2866 3100 2898 3160 er
2925 3099 2962 3159 um
3006 3098 3021 3158 9
3053 3097 3117 3157 Uhr

2202 3148 2257 3208 früh
2286 3145 2374 3205 seinen
2407 3145 2569 3205 gewohnten
2598 3142 2914 3202 Morgenspaziergang
2942 3139 3119 3199 unternon¬

2199 3184 2280 3244 men,
2303 3184 2352 3244 von
2390 3184 2435 3244 dem
2480 3184 2511 3244 er
2539 3184 2621 3244 gegen
2657 3181 2693 3241 11
2721 3182 2784 3242 Uhr
2817 3181 2993 3241 vormittags
3025 3178 3120 3238 heim¬

2201 3226 2303 3286 kehrte,
2325 3226 2355 3286 um
2392 3223 2433 3283 sich
2459 3223 2546 3283 sofort
2573 3223 2593 3283 in
2625 3221 2676 3281 sein
2702 3220 2945 3280 Arbeitszimmer
2976 3218 3120 3278 zurückzu¬

2199 3266 2313 3326 ziehen,
2336 3264 2371 3324 wo
2403 3262 2429 3322 er
2460 3261 2530 3321 seine
2558 3261 2730 3321 Sekretärin
2761 3258 2929 3318 erwartete.

2277 3310 2324 3370 Als
2357 3309 2399 3369 die
2432 3309 2601 3369 Sekretärie
2640 3307 2671 3367 um
2725 3309 2794 3369 ½12
2831 3306 2890 3366 Uhr
2922 3306 3028 3366 mittag
3066 3303 3119 3363 das

2202 3351 2440 3411 Arbeitszimmer
2469 3348 2581 3408 betraf,
2600 3350 2661 3410 fand
2689 3348 2722 3408 sie
2746 3345 2792 3405 den
2825 3345 2956 3405 Dichter,
2975 3346 3045 3406 über
3069 3342 3120 3402 set¬

2202 3390 2249 3450 nen
2288 3390 2474 3450 Schreibtisch
2509 3387 2647 3447 gebeugt,
2672 3387 2911 3447 bewußtlos
2950 3386 3016 3446 auf.
3041 3383 3122 3443 Den.

2199 3431 2266 3491 rasch
2295 3429 2520 3489 herbeigeholten
2555 3426 2708 3486 Hausarzt
2728 3423 2833 3483 gelang
2867 3423 2895 3483 es
2924 3426 3001 3486 nicht
3025 3423 3121 3483 mehr,

2199 3469 2310 3529 Arthur
2343 3467 2501 3527 Schnitzler
2529 3467 2631 3527 wieder
2660 3465 2706 3525 zum
2748 3461 2934 3521 Bewußtsein
2972 3463 2999 3523 zu
3037 3461 3120 3521 brin¬

2199 3509 2264 3569 gen.
2283 3509 2353 3569 Nach
2381 3506 2624 3566 siebenstündiger
2648 3505 2727 3565 tieser
2751 3501 3012 3561 Bewußtlosigkeit
3036 3500 3119 3560 hörte

2204 3548 2314 3608 Arthur
2338 3548 2501 3608 Schnitzler
2526 3546 2607 3606 gegen
2641 3546 2694 3606 ¾7
2718 3545 2780 3605 Uhr
2824 3544 2939 3604 abends
2982 3543 3034 3603 auf
3083 3542 3111 3602 zu

2198 3588 2322 3648 atmen.

2283 3627 2388 3687 Arthur
2414 3626 2570 3686 Schnitzler
2596 3623 2762 3683 hinterläßt
2788 3623 2869 3683 einen
2905 3620 3005 3680 Sohn,
3026 3620 3121 3680 Hein=

2202 3667 2271 3727 rich,
2295 3666 2346 3726 der
2374 3665 2481 3725 derzeit
2510 3663 2551 3723 als
2585 3662 2790 3722 Schauspieler
2823 3662 2878 3722 und
2911 3659 3060 3719 Regisseur
3094 3660 3116 3720 in

2208 3705 2301 3765 Berlin
2336 3704 2405 3764 tätig
2435 3704 2468 3764 ist
2494 3703 2547 3763 und
2577 3703 2774 3763 telegraphisch
2809 3700 2838 3760 an
2873 3700 2917 3760 die
2942 3700 3045 3760 Bahre
3070 3696 3123 3756 sei¬

2203 3745 2251 3805 nes
2278 3745 2389 3805 Vaters
2421 3742 2536 3802 berufen
2572 3742 2687 3802 wurde.
2710 3741 2749 3801 An
2786 3739 2830 3799 dem
2875 3739 3048 3799 Sterbebett
3075 3737 3123 3797 des

2210 3786 2335 3846 Tichters
2364 3784 2475 3844 weilten
2509 3781 2564 3841 sein
2602 3781 2737 3841 Bruder,
2761 3778 2811 3838 der
2840 3778 2961 3838 Wiener
2990 3778 3119 3838 Chirurg

2210 3826 2353 3886 Professor
2378 3824 2440 3884 Dr.
2460 3823 2570 3883 Julias
2599 3820 2777 3880 Schnitzler,
2801 3818 2854 3878 und
2883 3817 2969 3877 dessen
3004 3817 3133 3877 Kinder.

2278 3865 2392 3925 Arthur
2422 3861 2594 3921 Schnitzler,
2614 3859 2666 3919 der
2695 3859 2719 3919 in
2753 3857 2844 3917 seinen
2878 3856 2997 3916 Werken
3027 3856 3050 3916 so
3079 3854 3127 3914 oft

2211 3906 2257 3966 von
2283 3904 2329 3964 der
2350 3903 2433 3963 engen
2465 3897 2687 3957 Nachbarschaft
2703 3897 2749 3957 der
2776 3896 2858 3956 Liebe
2880 3894 2936 3954 und
2962 3894 3009 3954 des
3035 3894 3123 3954 Tobes

2210 3945 2364 4005 gesprochen
2396 3941 2452 4001 hal
2484 3939 2592 3999 erlebte
2624 3937 2711 3997 selber
2737 3936 2804 3996 eine
2831 3936 3001 3996 Tragödie,
3022 3934 3063 3994 die
3089 3931 3130 3991 si¬

2209 3983 2319 4043 cherlich
2350 3981 2415 4041 dazu
2451 3978 2633 4038 beigetragen
2674 3976 2739 4036 hat,
2770 3975 2845 4035 seine
2876 3975 3063 4035 Gesundheit
3094 3973 3123 4033 zu

2209 4023 2421 4083 untergraben.
2444 4020 2488 4080 Es
2520 4019 2581 4079 war
2613 4017 2674 4077 dies
2710 4016 2758 4076 das
2790 4014 3002 4074 Liebesdrama
3034 4011 3126 4071 seiner

2211 4063 2340 4123 Tochter,
2361 4060 2402 4120 die
2428 4059 2454 4119 er
2485 4059 2552 4119 über
2579 4056 2650 4116 alles
2678 4056 2781 4116 liebte.
2802 4056 2858 4116 Sie
2885 4053 2967 4113 hatte
2994 4051 3040 4111 sich
3071 4042 3128 4102 wer=

2210 4103 2288 4163 einem
2329 4098 2521 4158 Nalienischen
2555 4098 2680 4158 Offizier
2709 4098 2793 4158 gegen
2827 4094 2878 4154 den
2913 4094 3014 4154 Willen
3049 4091 3121 4151 ihres

2269 4143 2303 4203 a
