3248 4384
175 303 233 363 12

354 333 935 393 Schnitzler's
1005 360 1231 420 Death

1441 381 1572 441 box
1652 396 1838 456 43/8

371 1207 1093 1267 OBSERVER

462 1276 489 1336 I.
499 1274 618 1334 österr.
633 1262 784 1322 behördl.
794 1249 1098 1309 konzessioniertes

417 1312 656 1372 Unternehmen
684 1303 734 1363 für
758 1287 1149 1347 Zeitungs-Ausschnitte

472 1373 628 1433 WIEN,
650 1365 697 1425 I.,
725 1355 1013 1415 WOLLZEILE
1061 1339 1101 1399 11

576 1416 795 1476 TELEPHON
827 1402 1004 1462 R-23-0-43

391 1566 625 1626 Ausschnitt
639 1552 790 1612 afESES
827 1543 978 1603 VIEEEE
1016 1539 1191 1599 TAOANIT

737 1652 806 1712 97
854 1627 993 1687 0K7.

1602 1775 1795 1835 Mitunter
1839 1778 1943 1838 aber,
1976 1783 2006 1843 im
2063 1784 2199 1844 Reigen
2250 1784 2305 1844 der
2350 1784 2473 1844 Liebe,
2511 1787 2549 1847 da
2593 1787 2698 1847 stirbt

3014 1788 3201 1848 .

1524 1826 1583 1886 das
1614 1826 1697 1886 süße
1722 1826 1854 1886 Mädel
1878 1831 2052 1891 durchaus
2083 1832 2190 1892 nicht,
2215 1832 2359 1892 sondern
2396 1835 2515 1895 löffelt
2534 1834 2599 1894 erst
2624 1832 2689 1892 mit
2732 1832 2954 1892 wucherten,
2973 1835 3026 1895 die
3051 1836 3128 1896 nach
3159 1838 3231 1898 eine

1522 1873 1578 1933 dem
1630 1873 1766 1933 Gatten
1812 1875 1879 1935 (dem
1937 1877 2066 1937 Gatten
2113 1880 2208 1940 einer
2243 1880 2401 1940 andern)
2436 1880 2463 1940 im
2516 1879 2690 1939 Chambre

631 1882 1108 1942 Fcuillcton

2731 1880 2755 1940 in
2793 1883 2905 1943 Freud
2937 1882 3092 1942 förmlich
3125 1886 3236 1946 folgen

1517 1916 1670 1976 séparée
1706 1920 1793 1980 seine
1829 1925 2217 1985 Schlagobersbaisers
2253 1928 2323 1988 und
2359 1928 2447 1988 folgt
2483 1929 2571 1989 dann
2613 1928 2671 1988 dem
2730 1927 2824 1987 nicht
2854 1928 2883 1988 zu
2925 1928 3077 1988 Unrecht
3101 1931 3195 1991 jener

1518 1966 1661 2026 Dichter
1698 1966 1727 2026 in
1764 1969 1829 2029 sein
1866 1971 2106 2031 halbdunkles
2143 1972 2304 2032 Zimmer
2335 1975 2491 2035 (damals
2533 1975 2599 2035 sind
2630 1974 2683 2034 die
2720 1975 2929 2035 verwandt,
2948 1978 3194 2038 degeneriert,
3207 1979 3224 2039 i

510 1981 663 2041 Das
716 1981 901 2041 süße
954 1982 1273 2042 Mädel.

1514 2014 1680 2074 Zimmer
1710 2014 1784 2074 noch
1814 2017 2027 2077 romantisch
2057 2018 2276 2078 halbdunkel
2300 2020 2490 2080 gewesen),
2508 2023 2577 2083 und
2606 2022 2681 2082 man

2726 2020 2877 2080 lebend,
2910 2024 2962 2084 sich
3009 2023 3114 2083 selbst
3148 2026 3232 2086 unse

395 2059 506 2119 Unter
549 2059 605 2119 den
648 2062 949 2122 Trauergästen,
999 2060 1055 2120 die
1091 2059 1210 2119 Artur
1246 2059 1470 2119 Schnitzlers
1513 2059 1625 2119 ahnt,
1654 2059 1709 2119 daß
1753 2060 1864 2120 Gatte
1900 2063 1971 2123 und
2000 2065 2146 2125 Dichter
2182 2065 2273 2125 nicht
2302 2067 2357 2127 die
2386 2068 2547 2128 einzigen
2611 2070 2681 2130 sind

2731 2071 3038 2131 liebenswürdig,
3071 2074 3189 2134 geistig

302 2106 403 2166 Grab
446 2107 680 2167 umstanden,
711 2108 752 2168 ist
783 2109 879 2169 ganz
915 2104 1114 2164 bestimmt,
1145 2106 1367 2166 unsichroar,
1392 2106 1463 2166 uuc
1524 2106 1596 2166 und
1626 2107 1693 2167 sein
1729 2108 1885 2168 werden.
1910 2110 1999 2170 Auch
2037 2112 2066 2172 so
2097 2113 2180 2173 kann
2217 2114 2282 2174 das
2313 2114 2397 2174 süße
2422 2116 2560 2176 Mädel
2603 2116 2698 2176 sein.

2808 2119 2977 2179 geradezu
3030 2119 3227 2179 bedenklich

295 2154 348 2214 ein
384 2155 514 2215 junges
539 2153 639 2213 Ding
675 2153 853 2213 gewesen,
877 2153 936 2213 das
972 2152 1144 2212 bitterlich
1174 2152 1381 2212 geschluchzt
1412 2155 1488 2215 hat.

1514 2152 1571 2212 Es
1601 2152 1738 2212 brennt
1768 2154 1831 2214 vor
1867 2156 2109 2216 Lebensgier,
2138 2158 2201 2218 vor
2231 2160 2345 2220 Durst
2375 2160 2456 2220 nach
2514 2161 2663 2221 Erleben

2725 2163 2880 2223 draußen
2919 2163 2949 2223 in
2981 2165 3042 2225 der
3069 2166 3167 2226 Welt
3193 2169 3230 2229 be

295 2200 375 2260 Das
411 2200 672 2260 braunblonde
714 2199 889 2259 Köpfchen
930 2198 999 2258 tief
1029 2200 1197 2260 geneigt,
1227 2199 1284 2259 die
1321 2202 1413 2262 sonst
1448 2200 1477 2260 so

1520 2199 1588 2259 und
1629 2202 1750 2262 daheim
1809 2202 1877 2262 ist's
1918 2202 2010 2262 nicht
2045 2205 2172 2265 immer
2231 2205 2351 2265 schön.
2404 2208 2479 2268 Die
2537 2209 2681 2269 Mutter

2725 2211 2784 2271 die
2809 2211 2911 2271 Liebe
2935 2213 3001 2273 und
3032 2211 3079 2271 die
3104 2214 3224 2274 Liebel

292 2249 478 2309 lachenden
519 2245 649 2305 Augen
684 2247 1069 2307 tränenverschleiert,
1092 2247 1154 2307 der
1206 2247 1319 2307 kleine
1353 2247 1472 2307 Mund

1517 2248 1672 2308 raunzt,
1690 2247 1741 2307 die
1771 2249 1966 2309 Schwester
1996 2250 2035 2310 ist
2065 2251 2093 2311 in
2128 2254 2226 2314 einem
2273 2256 2606 2316 Blumengeschäft,
2624 2255 2681 2315 der

2729 2256 2796 2316 und
2837 2256 2892 2316 die
2927 2259 3108 2319 Komödie
3148 2262 3204 2322 der

300 2293 373 2353 mit
397 2295 458 2355 den
498 2293 667 2353 küßlichen
714 2294 843 2354 Lippen
883 2294 1041 2354 bebend.
1087 2295 1138 2355 Er
1195 2293 1274 2353 war
1331 2296 1358 2356 ja
1421 2295 1477 2355 ihr

1520 2295 1661 2355 Bruder
1697 2295 1868 2355 Friseur,
1892 2298 1956 2358 und
1993 2298 2045 2358 die
2099 2300 2211 2360 kleine
2241 2301 2459 2361 Schwester,
2483 2304 2536 2364 der
2572 2304 2677 2364 Fratz

2724 2305 2885 2365 Herzens
2914 2307 2983 2367 und
3013 2309 3151 2369 daraus
3180 2311 3237 2371 der

307 2341 501 2401 Schöpfer,
525 2341 578 2401 den
608 2342 648 2402 sie
667 2341 702 2401 da
726 2343 790 2403 zur
808 2343 914 2403 Ruhe
932 2343 1091 2403 senkten,
1115 2343 1279 2403 eingehen
1310 2342 1415 2402 ließen
1445 2343 1468 2403 in

1514 2340 1577 2400 hat
1612 2340 1640 2400 in
1682 2340 1739 2400 der
1781 2346 2029 2406 Strozzigasse
2070 2345 2134 2405 mit
2169 2349 2267 2409 einem
2320 2349 2551 2409 Schulbuben
2592 2349 2678 2409 schon

2725 2352 2882 2412 einsame
2913 2355 3017 2415 Weg.
3042 2355 3132 2415 Man
3169 2358 3230 2418 hor

303 2385 365 2445 den
422 2387 585 2447 ewigen,
632 2387 783 2447 heiligen
847 2387 1050 2447 Kreislauf
1101 2390 1158 2450 der
1215 2390 1361 2450 Natur,
1418 2390 1474 2450 ein

1518 2387 1565 2447 ein
1602 2390 1861 2450 Rendezvous.
1880 2393 1982 2453 Und,
2007 2393 2139 2453 meiner
2170 2396 2284 2456 Seel',
2309 2396 2344 2456 sie
2376 2398 2411 2458 ist
2436 2396 2508 2456 nur
2539 2399 2605 2459 mit
2630 2399 2683 2459 ins

2726 2399 2798 2459 und
2832 2399 2893 2459 den
2933 2401 3094 2461 andern,
3123 2405 3184 2465 daß
3218 2405 3234 2465 1

302 2435 500 2495 Schöpfer,
531 2435 596 2495 von
640 2437 778 2497 Herzen
827 2435 984 2495 verliebt
1021 2438 1050 2498 in
1093 2438 1159 2498 das
1202 2435 1304 2495 holde
1347 2438 1485 2498 Wesen,

1517 2432 1684 2492 Séparée
1713 2438 1926 2498 gegangen,
1944 2438 2030 2498 weil
2054 2441 2112 2501 der
2141 2439 2250 2499 Gatte
2286 2443 2354 2503 (der
2384 2444 2545 2504 andern)
2569 2442 2666 2502 ihrem

2731 2446 2829 2506 Welt
2854 2449 3051 2509 überhört,
3076 2450 3174 2510 deren
3206 2451 3223 2511 2

290 2480 357 2540 das
413 2483 450 2543 er
506 2483 697 2543 geschaffen
759 2483 876 2543 hatte.
926 2483 1061 2543 Würde
1118 2484 1173 2544 sich
1235 2484 1395 2544 einmal,
1439 2484 1469 2544 in

1518 2482 1743 2542 verflossenen
1788 2486 1995 2546 Bräutigam
2046 2486 2076 2546 so
2109 2490 2246 2550 ähnlich
2278 2492 2416 2552 schaut.
2436 2494 2498 2554 ...
2523 2492 2573 2552 Er
2605 2492 2667 2552 dar

2729 2495 2865 2555 feinen,
2893 2498 3154 2558 überzüchteten
3200 2497 3238 2557 L.

304 2530 409 2590 Stein
451 2531 627 2591 gebildet,
675 2531 734 2591 der
770 2533 922 2593 Wiener
958 2533 1100 2593 Genius
1136 2534 1223 2594 über
1259 2532 1317 2592 den
1353 2534 1476 2594 Hügel

1509 2535 1556 2595 ja
1587 2531 1677 2591 nicht
1702 2531 1840 2591 schlecht
1865 2531 1925 2591 von
1962 2535 2016 2595 ihr
2047 2534 2197 2594 denken!

2818 2548 2866 2608 Es
2898 2549 2934 2609 ist
2959 2551 2989 2611 so
3021 2553 3217 2613 bezeichnen

293 2577 415 2637 Artur
453 2579 668 2639 Schnitzlers
706 2582 859 2642 neigen,
910 2582 1001 2642 dann
1039 2584 1161 2644 müßte
1218 2582 1254 2642 er
1285 2583 1340 2643 die
1372 2585 1476 2645 Züge

1606 2576 1727 2636 Nein,
1753 2577 1830 2637 eine
1870 2579 2062 2639 verlogene
2101 2582 2351 2642 Idealgestalt
2391 2584 2429 2644 ist
2462 2586 2679 2646 Schnitzler¬

2720 2593 2919 2653 Zeitkostüm
2966 2594 3026 2654 der
3054 2598 3226 2658 Vorkrieg

305 2626 413 2686 seines
444 2626 546 2686 süßen
583 2626 734 2686 Mädels
765 2626 916 2686 tragen.

1518 2620 1624 2680 süßes
1662 2623 1792 2683 Mädel
1831 2626 2049 2686 wahrhaftig
2087 2627 2199 2687 nicht,
2231 2629 2343 2689 weder
2381 2632 2555 2692 äußerlich
2600 2632 2674 2692 noch

2718 2641 2825 2701 gleich
2867 2641 2980 2701 seinen
3023 2644 3206 2704 unendlich

1518 2666 1710 2726 innerlich.
1728 2668 1818 2728 Aber
1842 2670 1872 2730 in
1903 2673 1957 2733 ihr
1975 2674 2017 2734 ist
2036 2674 2083 2734 die
2108 2674 2282 2734 lächelnde
2307 2676 2475 2736 Wehmur
2500 2680 2554 2740 des
2579 2680 2686 2740 glück¬

381 2671 511 2731 Dieses
531 2673 609 2733 süße
636 2673 765 2733 Mädel
786 2674 870 2734 aber
903 2674 1021 2734 dürfte
1048 2674 1106 2734 gar
1139 2674 1230 2734 nicht
1250 2674 1367 2734 süßlich
1394 2674 1484 2734 sein,

2718 2688 2753 2748 es
2783 2688 2860 2748 auch
2890 2691 2931 2751 um
2973 2692 3209 2752 bittersüßes,

1518 2714 1661 2774 licheren
1704 2717 1830 2777 Wien,
1861 2718 1921 2778 die
1957 2720 2210 2780 verklingende
2247 2722 2421 2782 Melodie
2458 2725 2518 2785 der
2554 2725 2686 2785 Stadt,

290 2718 381 2778 denn
419 2719 547 2779 gerade
578 2721 675 2781 darin
713 2722 798 2782 liegt
829 2722 859 2782 ja
897 2722 958 2782 sein
995 2722 1172 2782 Liebreiz.
1198 2724 1289 2784 „Sie
1320 2722 1356 2782 ist
1382 2722 1473 2782 nicht

2718 2733 2791 2793 und
2820 2734 2972 2794 Sterben
3008 2737 3109 2797 geht,
3127 2740 3189 2800 zum

1520 2758 1571 2818 die
1595 2761 1831 2821 eingeboren,
1849 2764 1941 2824 nicht
1959 2766 2172 2826 importiert
2196 2769 2293 2829 war,
2306 2770 2374 2830 und
2404 2770 2507 2830 dieses
2537 2773 2675 2833 Singen

299 2770 538 2830 faszinierend
576 2770 699 2830 schön,
730 2770 773 2830 sie
811 2770 853 2830 ist
885 2770 983 2830 nicht
1015 2770 1211 2830 besonders
1249 2770 1396 2830 elegant
1434 2768 1452 2828 -

2720 2779 2862 2839 worden
2903 2782 2971 2842 und
3006 2785 3102 2845 also,
3125 2785 3210 2845 über

1514 2806 1571 2866 des
1606 2808 1768 2868 Herzens
1803 2809 1878 2869 und
1913 2809 1970 2869 der
2006 2813 2133 2873 Seele,
2162 2815 2226 2875 das
2261 2817 2313 2877 sich
2354 2817 2446 2877 ohne
2482 2817 2660 2877 Bedenken

296 2814 338 2874 un
394 2815 437 2875 sie
462 2814 504 2874 ist
530 2817 701 2877 durchaus
733 2818 824 2878 nicht
850 2817 1046 2877 geistreich.
1059 2817 1126 2877 ...
1145 2815 1237 2875 Aber
1268 2817 1310 2877 sie
1336 2817 1397 2877 hat
1422 2815 1470 2875 die

2720 2826 2872 2886 hinaus,
2896 2829 2957 2889 zum
3003 2831 3234 2891 Kulturwert

1514 2853 1548 2913 so
1584 2854 1675 2914 ganz
1711 2856 1803 2916 ohne
1839 2858 2099 2918 Berechnung,
2128 2860 2185 2920 der
2221 2861 2325 2921 Liebe
2366 2864 2458 2924 gibt,
2488 2865 2585 2925 wenn
2626 2865 2684 2925 die

289 2862 413 2922 weiche
449 2862 597 2922 Anmut
627 2862 721 2922 eines
757 2864 1112 2924 Frühlingsabends
1172 2862 1242 2922 und
1279 2863 1337 2923 den
1373 2862 1473 2922 Geist

2718 2871 2753 2931 er
2784 2872 2819 2932 ist
2849 2874 2914 2934 nur
2945 2877 3224 2937 zeitgebunden.

1515 2901 1784 2961 Enttäuschung
1821 2904 1965 2964 nachher
2002 2907 2079 2967 auch
2116 2907 2272 2967 wehtut,
2290 2911 2512 2971 manchmal,
2537 2913 2597 2973 wie
2627 2911 2681 2971 bei

293 2910 388 2970 eines
419 2910 641 2970 Mädchens,
666 2910 726 2970 das
763 2911 798 2971 zu
835 2910 943 2970 lieben
979 2911 1106 2971 weiß.“
1161 2911 1244 2971 Mit
1269 2910 1467 2970 glücklichen

2803 2925 2891 2985 Sein
2930 2928 3037 2988 Leben
3082 2931 3182 2991 selbst
3208 2928 3220 2988 w

1515 2946 1568 3006 der
1599 2949 1805 3009 Christine,
1824 2953 1853 3013 so
1884 2952 1981 3012 weh,
2006 2954 2065 3014 daß
2102 2955 2174 3015 man
2212 2955 2308 3015 nicht
2333 2957 2428 3017 mehr
2460 2958 2550 3018 leben
2587 2960 2665 3020 mag

299 2957 424 3017 Augen
461 2959 551 3019 steht
582 2959 617 3019 sie
648 2958 707 3018 bei
738 2960 792 3020 der
823 2959 924 3019 Tür,
967 2959 1069 3019 wenn
1106 2958 1251 3018 Anatol
1281 2961 1311 3021 zu
1354 2960 1401 3020 ihr
1438 2959 1467 3019 in

2720 2975 2817 3035 jener
2850 2977 2927 3037 Zeit
2961 2977 3111 3037 gestellt,
3138 2979 3189 3039 die
3216 2977 3235 3037 i

1611 2999 1801 3059 Schnitzler
1839 3002 1899 3062 hat
1926 3003 2017 3063 diese
2042 3008 2159 3068 Figur
2190 3006 2258 3066 aus
2295 3006 2350 3066 der
2382 3009 2560 3069 Vorstadt
2585 3009 2683 3069 wohl

297 3003 364 3063 das
393 3005 500 3065 kleine
528 3006 686 3066 Zimmer
714 3006 787 3066 mit
810 3008 866 3068 den
900 3006 1074 3066 gemalten
1109 3006 1272 3066 Wänden
1306 3006 1373 3066 und
1408 3006 1463 3066 den

2718 3021 2747 3081 in
2784 3021 2848 3081 das
2909 3024 3022 3084 seiner
3058 3024 3230 3084 Geschöpf

1514 3042 1571 3102 als
1601 3047 1814 3107 Gegenstück
1838 3048 2029 3108 gebraucht
2059 3054 2093 3114 zu
2129 3053 2180 3113 all
2204 3053 2262 3113 den
2297 3055 2499 3115 mondänen
2541 3057 2603 3117 und

289 3050 466 3110 schlechten
508 3050 768 3110 Kupferstichen
805 3053 958 3113 kommt,
982 3053 1058 3113 fällt
1089 3053 1142 3113 ihm
1190 3053 1231 3113 um
1285 3053 1337 3113 den
1379 3054 1467 3114 Hals

2712 3066 2871 3126 heiratet
2890 3068 2961 3128 und
2991 3068 3068 3128 geht
3092 3071 3233 3131 dahin:

1514 3093 1602 3153 nicht
1638 3097 1732 3157 mehr
1768 3096 1968 3156 mondänen
2016 3101 2181 3161 Frauen,
2211 3101 2264 3161 die
2294 3101 2394 3161 durch
2436 3104 2524 3164 seine
2560 3104 2677 3164 Werk¬

297 3098 366 3158 und
399 3100 500 3160 sagt:
533 3101 616 3161 „Ich
649 3101 699 3161 bin
738 3100 769 3160 so
796 3101 898 3161 froh,
924 3103 981 3163 daß
1013 3101 1057 3161 ich
1090 3101 1153 3161 dich
1187 3101 1320 3161 wieder
1346 3098 1448 3158 hab'!

2715 3113 2953 3173 gekränkelten
2995 3116 3215 3176 Schnitzler¬

286 3143 390 3203 Oder
420 3144 460 3204 sie
496 3144 594 3204 heißt
618 3143 827 3203 Christine,
874 3146 914 3206 ist
968 3146 1025 3206 die
1055 3145 1206 3205 Tochter
1259 3145 1317 3205 des
1370 3146 1468 3206 alten

1508 3142 1637 3202 gehen,
1655 3142 1688 3202 zu
1728 3142 1784 3202 den
1818 3143 2043 3203 Gabrielen,
2067 3146 2117 3206 die
2146 3147 2241 3207 nicht
2270 3149 2326 3209 den
2366 3150 2455 3210 Mut
2479 3153 2546 3213 zur
2575 3149 2676 3209 Liebe

2715 3163 2749 3223 zu
2790 3158 2893 3218 Ende
2929 3162 2963 3222 zu
3004 3164 3095 3224 leben
3142 3164 3222 3224 vern

292 3191 475 3251 Musikers
506 3191 670 3251 Weiring
707 3193 777 3253 und
807 3191 914 3251 stirbt
938 3194 979 3254 an
1015 3194 1109 3254 ihrer
1140 3191 1245 3251 Liebe
1288 3193 1323 3253 zu
1365 3192 1476 3252 Fritz,

1511 3188 1649 3248 hatten,
1685 3188 1743 3248 den
1790 3193 1963 3253 Ilonas,
1993 3194 2183 3254 Biankas,
2220 3194 2364 3254 Coras,
2393 3197 2457 3257 den
2504 3199 2660 3259 Emilien

2705 3206 2948 3266 vornehmer,
3001 3209 3204 3269 geistvoller

294 3240 404 3300 dessen
443 3239 603 3299 Liebelei
631 3241 669 3301 sie
703 3240 769 3300 nur
803 3239 907 3299 war:
963 3243 1056 3303 „Für
1112 3239 1189 3299 eine
1223 3239 1333 3299 andre
1367 3242 1405 3302 ist
1433 3242 1471 3302 er

1514 3236 1652 3296 Annies
1687 3236 1751 3296 und
1786 3239 1913 3299 Elsen,
1937 3240 1988 3300 die
2018 3242 2116 3302 meist
2140 3242 2313 3302 egoistisch
2348 3245 2457 3305 waren
2499 3246 2568 3306 und
2603 3248 2660 3308 seig

2713 3250 2851 3310 Kreise,
2900 3256 2960 3316 der
2991 3256 3021 3316 so
3058 3257 3136 3317 sehr
3167 3257 3221 3317 beg

295 3286 509 3346 gestorben!
539 3285 620 3345 Und
655 3285 695 3345 ich
731 3281 748 3341 -

797 3286 887 3346 hab'
916 3286 972 3346 ihn
1012 3286 1221 3346 angebetet!
1256 3284 1272 3344 —
1330 3289 1403 3349 Hat
1438 3286 1465 3346 er

1516 3282 1704 3342 verdorben
1742 3283 1801 3343 von
1840 3284 1898 3344 der
1926 3288 2184 3348 parfümierten
2223 3291 2308 3351 Luft
2331 3292 2422 3352 ihrer
2455 3292 2665 3352 vornehmen

2713 3299 2863 3359 schaute,
2889 3301 2948 3361 daß
2985 3301 3039 3361 oft
3064 3301 3130 3361 wie
3161 3302 3227 3362 Sch

292 3334 378 3394 denn
414 3331 471 3391 das
506 3333 592 3393 nicht
622 3332 789 3392 gewußt,
808 3334 871 3394 daß
900 3334 946 3394 ich
976 3335 1033 3395 ihm
1074 3334 1160 3394 alles
1196 3334 1340 3394 gegeben
1381 3334 1438 3394 hab

1516 3329 1680 3389 Salons,
1704 3331 1754 3391 die
1783 3331 1844 3391 auf
1873 3336 2167 3396 Makartbukette
2196 3337 2263 3397 und
2299 3339 2439 3399 schwere
2468 3340 2654 3400 Portieren

2706 3343 2954 3403 verstehendes
3015 3347 3144 3407 Wissen
3204 3349 3221 3409 v

295 3379 375 3439 was
399 3379 444 3439 ich
474 3380 531 3440 ihm
577 3379 640 3439 hab
682 3380 785 3440 geben
826 3380 987 3440 können;
1034 3379 1104 3439 daß
1156 3382 1202 3442 ich
1237 3383 1294 3443 für
1324 3383 1375 3443 ihn
1416 3381 1467 3441 ge¬

1517 3377 1683 3437 Bibelots
1707 3381 1776 3441 und
1799 3383 1966 3443 magische
1990 3385 2116 3445 Lichter
2145 3385 2318 3445 gestimmt
2336 3386 2473 3446 waren.
2491 3388 2577 3448 Man
2607 3389 2669 3449 gab

2715 3391 2852 3451 Antlitz
2876 3393 2947 3453 und
2977 3394 3025 3454 ein
3061 3394 3227 3454 österreic

289 3427 426 3487 storben
466 3427 576 3487 wär',
599 3428 659 3488 daß
698 3426 731 3486 er
770 3426 858 3486 mein
898 3427 1080 3487 Herrgott
1109 3430 1258 3490 gewesen
1303 3430 1341 3490 ist
1397 3427 1463 3487 und

1515 3427 1568 3487 sich
1593 3428 1688 3488 dort,
1701 3430 1772 3490 ach,
1791 3432 1850 3492 gar
1875 3431 1905 3491 so
1923 3431 2151 3491 feinnervig,
2164 3433 2235 3493 man
2266 3434 2337 3494 war
2362 3436 2536 3496 geistvoll,
2554 3436 2680 3496 subtil,
2705 3437 2818 3497 liebt,
2837 3439 2962 3499 erhöht
2981 3440 3053 3500 und
3077 3442 3233 3502 heimges

297 3474 410 3534 meine
444 3474 624 3534 Seligkeit
653 3471 664 3531 —
726 3474 788 3534 hat
817 3473 850 3533 er
884 3474 946 3534 das
980 3476 1042 3536 gar
1076 3474 1166 3534 nicht
1195 3477 1386 3537 bemerkt?
1415 3475 1465 3535 Er

1505 3474 1678 3534 reagibel,
1702 3476 1864 3536 sensitiv,
1887 3477 2153 3537 differenziert,
2183 3480 2257 3540 man
2293 3481 2524 3541 diskutierte,
2548 3484 2651 3544 analy

2794 3489 2869 3549 Die
2901 3496 3171 3556 Verfügungen
3209 3498 3227 3558 i

289 3523 358 3583 hat
382 3522 439 3582 von
481 3521 544 3581 mir
568 3519 753 3579 fortgehen
788 3522 945 3582 können,
963 3522 1032 3582 mit
1055 3522 1148 3582 einem
1195 3524 1363 3584 Lächeln,
1381 3522 1467 3582 fort¬

1511 3522 1629 3582 sierte,
1658 3522 1833 3582 vibrierte
1885 3522 1952 3582 und
1998 3526 2150 3586 spaltete
2191 3528 2445 3588 Elementares
2491 3531 2525 3591 zu
2576 3530 2671 3590 Sen¬

2705 3538 2852 3598 „Flucht
2879 3539 2903 3599 in
2930 3540 2981 3600 die
3008 3543 3232 3603 Finsternis"

294 3570 401 3630 gehen
436 3567 503 3627 aus
537 3567 644 3627 diesem
696 3568 859 3628 Zimmer
916 3567 983 3627 und
1018 3569 1073 3629 sich
1131 3570 1192 3630 für
1221 3570 1299 3630 eine
1351 3570 1469 3630 andre

1502 3568 1682 3628 sationen,
1722 3570 1789 3630 mit
1824 3570 1988 3630 hundert
2028 3573 2310 3633 Verästelungen
2362 3579 2418 3639 der
2464 3579 2677 3639 Urgefühle,

2706 3585 2801 3645 sucht
2831 3586 2902 3646 nach
2939 3590 3189 3650 Einfachheit,
3213 3590 3224 3650 w

293 3615 571 3675 niederschießen
632 3618 765 3678 lassen.

940 3618 1074 3678 Vater,
1115 3619 1256 3679 Vater,
1302 3618 1469 3678 verstehst

1547 3612 1615 3672 thik
1633 3620 1667 3680 zu
1697 3619 1869 3679 Aesthetik
1888 3621 2100 3681 wandelnd.
2112 3623 2163 3683 Es
2187 3624 2262 3684 war
2280 3626 2354 3686 jene
2378 3627 2671 3687 überkultivierte
2712 3634 2781 3694 und
2822 3634 2879 3694 dem
2932 3636 3046 3696 Dekor
3082 3637 3139 3697 des
3180 3640 3237 3700 Lel

295 3667 338 3727 du
374 3665 473 3725 das?

1525 3669 1750 3729 Gesellschaft
1777 3670 1843 3730 mit
1870 3673 2109 3733 verdrängten
2149 3676 2354 3736 Gefühlen,
2382 3678 2408 3738 in
2449 3680 2501 3740 der
2535 3678 2673 3738 taufend
2707 3683 2906 3743 psychischen
2940 3685 3145 3745 Hochzucht.
3165 3691 3238 3751 Und
