3344 4256
193 267 310 327 12.

1009 271 1153 331 Dea

376 272 956 332 Schnitzlers

1203 286 1250 346 th

433 752 1153 812 OBSERVER

525 807 546 867 I.
564 807 681 867 österr.
694 809 841 869 behördl.
855 809 1154 869 konzessioniertes

472 850 708 910 Unternehmen
739 849 788 909 für
811 852 1203 912 Zeitungs-Ausschnitte

532 906 676 966 WIEN,
703 911 755 971 I.,
783 912 1065 972 WOLLZEILE
1112 912 1157 972 11

626 962 846 1022 TELEPHON
877 962 1056 1022 R-23-0-43

415 1101 640 1161 Ausschnitt
668 1103 758 1163 aus:

409 1325 498 1385 vom

312 1482 621 1542 Ausschnitt
657 1482 726 1542 aus

1026 1613 1313 1673 .

328 1619 638 1679 Saater

965 1774 1188 1834 .193

320 1780 573 1840 Nr...A.
582 1774 691 1834 vom.

608 1920 794 1980 Arihur
832 1923 1105 1983 Schnitzlar
1141 1917 1162 1977 +

361 1980 400 2040 Er
431 1982 496 2042 war
527 1983 667 2043 eigentlich
703 1986 778 2046 schon
814 1985 894 2045 lange
925 1984 1070 2044 gestorben
1106 1983 1156 2043 mit
1187 1985 1232 2045 dem
1278 1985 1473 2045 glänzenden,

322 2029 537 2089 leichtlebigen,
563 2030 631 2090 über
656 2031 699 2091 die
729 2031 886 2091 schwersten
921 2031 1067 2091 Konflikke
1097 2031 1150 2091 und
1185 2031 1224 2091 die
1254 2030 1459 2090 brennendsten

326 2076 629 2136 Menschheitsfragen
663 2076 713 2136 mit
732 2076 811 2136 einem
849 2077 1007 2137 geistvollen
1040 2078 1236 2138 Scherzwort,
1260 2076 1334 2136 einer
1358 2076 1469 2136 melan¬

307 2120 469 2180 scholischen
504 2120 592 2180 Geste
627 2120 690 2180 oder
725 2121 769 2181 ein
804 2121 877 2181 pgar
913 2120 1118 2180 schmelzenden
1158 2120 1379 2180 Walzerkakten
1419 2123 1463 2183 sich

325 2168 628 2228 hinwegtäuschenden
658 2166 741 2226 Wien
774 2165 821 2225 der
845 2168 1168 2228 Jahrhundertwende.
1187 2168 1280 2228 Seine
1304 2168 1467 2228 Gedanken

324 2210 376 2270 und
410 2211 462 2271 sein
491 2210 577 2270 Werk
606 2213 725 2273 wurzeln
754 2213 777 2273 in
806 2213 854 2273 der
878 2213 1065 2273 Gesellschaft
1084 2215 1141 2275 dies
1156 2214 1174 2274 s
1199 2213 1280 2273 Wien
1314 2213 1366 2273 und
1390 2213 1466 2273 wur¬

319 2255 365 2315 den
403 2257 459 2317 mik
487 2258 576 2318 dessen
614 2260 829 2320 Entschwinden
867 2258 1040 2318 heimatlos.
1064 2258 1138 2318 Sein
1171 2261 1227 2321 uns
1261 2261 1391 2321 bekannt
1420 2257 1471 2317 ge¬

324 2303 475 2363 wordenes
505 2302 593 2362 letztes
623 2304 819 2364 Bühnenstück
849 2305 897 2365 „Im
937 2305 1024 2365 Spiel
1045 2305 1093 2365 der
1114 2305 1343 2365 Sommerlüfte"
1373 2305 1470 2365 (1929)

319 2347 374 2407 ließ
412 2347 435 2407 in
472 2347 570 2407 krüber
603 2348 947 2408 Klubsesselmelancholie
980 2350 1035 2410 und
1068 2352 1463 2412 greisenhaft-harknäcklger

322 2395 572 2455 Anklammerung
600 2396 626 2456 an
654 2395 699 2455 die
718 2395 977 2455 Lebensbejahung
1001 2396 1082 2456 jener
1101 2397 1356 2457 entschwundenen
1388 2397 1470 2457 Welk

322 2440 360 2500 die
394 2441 590 2501 schmerzliche
624 2440 711 2500 Leere
750 2440 802 2500 und
841 2443 1100 2503 Wurzellosigkeik
1129 2443 1210 2503 eines
1244 2443 1402 2503 Schnitzler
1436 2443 1459 2503 in

318 2484 441 2544 unseren
471 2487 566 2547 Tagen
590 2485 704 2545 sozialer
729 2487 781 2547 und
805 2488 1048 2548 wirtschaftlicher
1068 2487 1134 2547 Not
1154 2488 1230 2548 durch
1259 2490 1306 2550 alle
1331 2489 1459 2549 künstlich

317 2532 529 2592 konstrulerten
574 2532 756 2592 Knallefekte
796 2532 855 2592 und
895 2535 1107 2595 geschwätziger
1147 2534 1389 2594 Schönrednerei
1424 2533 1467 2593 er¬

333 2577 482 2637 chreckend
511 2580 627 2640 deutlich
646 2577 777 2637 werden.

358 2623 534 2683 Schnitzlers
578 2627 710 2687 äußerer
745 2625 935 2685 Lebensgang
985 2628 1087 2688 spielte
1123 2628 1190 2688 sich,
1235 2626 1283 2686 von
1328 2628 1455 2688 weniger

319 2668 535 2728 Studienreisen
574 2669 598 2729 in
627 2669 733 2729 jungen
767 2672 873 2732 Jahren
912 2672 1085 2732 abgesehen,
1110 2672 1162 2732 fast
1192 2672 1403 2732 ausnahmslos
1437 2672 1461 2732 ir

320 2715 408 2775 seiner
437 2715 576 2775 geliebten
614 2716 805 2776 Helmatstadt
829 2717 861 2777 an
899 2717 945 2777 der
974 2717 1076 2777 Donau
1109 2717 1160 2777 ab.
1184 2717 1239 2777 Als
1268 2718 1347 2778 Sohn
1380 2717 1445 2777 eine

314 2762 367 2822 ang
396 2762 511 2822 sehenen
550 2762 923 2822 Universikäksprofessors,
943 2762 991 2822 der
1020 2764 1063 2824 ihm
1106 2762 1144 2822 die
1178 2762 1269 2822 Wege
1298 2765 1346 2825 zur
1375 2765 1451 2825 medi

313 2807 682 2867 zinischen-akademischen
721 2809 869 2869 Laufbahn
913 2808 1032 2868 ebneke,
1062 2810 1191 2870 bewegle
1234 2808 1263 2868 er
1302 2810 1349 2870 sich
1393 2808 1445 2868 stet

325 2853 482 2913 sorgenfrei
502 2855 525 2915 in
554 2855 635 2915 einer
655 2855 851 2915 Almosphäre
880 2855 1105 2915 wohlhabender
1129 2855 1377 2915 Bürgerlichkeit.
1397 2855 1439 2915 Da

325 2898 401 2958 Haus
430 2897 477 2957 des
511 2899 625 2959 Vakers
655 2899 707 2959 und
741 2899 812 2959 seine
846 2902 941 2962 eigene
970 2902 1104 2962 ärzkliche
1133 2902 1242 2962 Praxis
1271 2902 1385 2962 brachte
1415 2902 1438 2962 ih

319 2944 468 3004 ausglebig
500 2945 549 3005 mit
577 2944 626 3004 den
659 2946 817 3006 führenden
849 2947 967 3007 Kreisen
999 2947 1049 3007 der
1076 2947 1275 3007 Donaustadt,
1299 2949 1348 3009 vor
1380 2947 1448 3007 aller

315 2987 381 3047 auch
410 2990 558 3050 Künstler-
583 2992 635 3052 und
664 2991 922 3051 Likerakenkreisen
956 2992 975 3052 in
1009 2992 1219 3052 Verbindung.
1239 2992 1315 3052 Nach
1349 2994 1439 3054 kleine

313 3035 509 3095 literarischen
543 3037 607 3097 Arb
627 3037 680 3097 iten
720 3039 744 3099 in
774 3038 970 3098 Zeitschriften
1010 3040 1122 3100 erzielte
1152 3039 1186 3099 er
1216 3038 1284 3098 1892
1319 3040 1372 3100 mit
1397 3040 1445 3100 der

310 3078 423 3138 damals
451 3082 769 3142 aufsehenerregenden
802 3083 910 3143 Drama
943 3084 1088 3144 „Anakol“
1116 3084 1206 3144 seinen
1239 3084 1325 3144 ersten
1353 3083 1443 3143 große

316 3126 426 3186 Erfolg.
450 3129 507 3189 Und
537 3129 608 3189 dann
637 3129 796 3189 erschienen
825 3129 896 3189 Jahr
921 3129 964 3189 für
988 3129 1060 3189 Jahr
1085 3129 1156 3189 seine
1185 3129 1290 3189 40—50
1320 3131 1444 3191 Bühnen

313 3171 427 3231 werke,
447 3174 489 3234 de
514 3174 556 3234 ihn
590 3174 672 3234 unter
696 3174 738 3234 die
763 3175 921 3235 führenden
950 3176 1140 3236 Dramatiker
1170 3177 1218 3237 des
1242 3177 1447 3237 Gesellschafts

313 3219 415 3279 stückes
444 3219 494 3279 des
523 3220 616 3280 letzten
644 3222 863 3282 Jahrhunderts
892 3222 1074 3282 einreihten.
1093 3222 1270 3282 „Liebelei“,
1294 3225 1447 3285 „Reigen“

317 3265 517 3325 „Likeratur“,
546 3264 798 3324 „Zwischenspiel“
835 3267 951 3327 wurden
989 3267 1077 3327 neben
1115 3268 1241 3328 anderen
1279 3268 1334 3328 auf
1367 3269 1455 3329 vieler

308 3303 453 3363 deusschen
485 3311 613 3371 Bühnen
641 3311 781 3371 gegeben.
805 3313 946 3373 Daneben
978 3314 1037 3374 war
1064 3314 1219 3374 Schnitzler
1247 3316 1324 3376 nicht
1347 3315 1460 3375 minder

317 3356 460 3416 stuchtbar
504 3356 551 3416 als
599 3358 900 3418 Prosaschriftsteller.
938 3359 1014 3419 Eine
1058 3360 1143 3420 Fülle
1187 3362 1335 3422 sprachlich
1383 3362 1440 3422 fein

311 3404 511 3464 geschliffener
544 3404 688 3464 Novellen
726 3404 781 3464 und
815 3404 1015 3464 Erzählungen
1058 3404 1108 3464 und
1146 3406 1192 3466 der
1225 3408 1337 3468 einzige
1370 3410 1458 3470 große

319 3448 428 3508 Roman
467 3448 548 3508 „Der
582 3449 654 3509 Weg
688 3448 735 3508 ins
769 3448 893 3508 Freie",
922 3448 960 3508 ein
999 3451 1118 3511 Sitten-
1148 3450 1204 3510 und
1238 3454 1463 3514 Gesellschafts¬

317 3493 442 3553 gemälde
461 3495 512 3555 des
536 3495 662 3555 geistigen
690 3495 773 3555 Wien
802 3494 829 3554 um
867 3495 909 3555 die
928 3496 1250 3556 Jahrhundertwende,
1264 3499 1454 3559 entsprangen

314 3540 365 3600 sein
435 3541 570 3601 rastlosen
603 3541 714 3601 Feder.
738 3541 807 3601 Doch
845 3542 886 3602 lag
919 3541 970 3601 das
1003 3544 1244 3604 Schwergewicht
1273 3547 1366 3607 seiner
1399 3544 1459 3604 Be¬

316 3586 424 3646 gabung
452 3586 515 3646 stels
543 3587 592 3647 auf
615 3586 819 3646 dramatischem
856 3586 974 3646 Gebiet.

346 3631 408 3691 Der
432 3631 614 3691 Wesenszug
644 3631 734 3691 seiner
759 3631 849 3691 Kunst
874 3634 902 3694 ist
927 3634 988 3694 eine
1018 3634 1065 3694 von
1095 3637 1344 3697 geistsprühendem
1387 3638 1459 3698 Wißz

313 3677 363 3737 und
390 3675 522 3735 äßtender
545 3677 663 3737 Satiere
686 3678 795 3738 beleble
818 3678 967 3738 überlegen
995 3680 1167 3740 verhalten:
1186 3681 1399 3741 Resignation,
1418 3685 1458 3745 die

311 3722 352 3782 sich
386 3720 511 3780 bewußl
535 3722 562 3782 in
595 3723 748 3783 slofflichen
795 3723 846 3783 und
888 3726 1092 3786 gedanklichen
1126 3730 1348 3790 Gewagchelken
1400 3729 1451 3789 und

319 3766 505 3826 Pikanterlen
540 3769 657 3829 gefällt.
677 3770 769 3830 Nicht
795 3769 858 3829 eine
883 3773 970 3833 große
1000 3774 1034 3834 Id
1059 3774 1088 3834 e,
1113 3774 1171 3834 viel
1196 3775 1323 3835 weniger
1353 3777 1451 3837 Ideale

313 3813 408 3873 führen
437 3813 480 3873 ihm
524 3813 561 3873 die
590 3814 695 3874 Feder.
715 3816 810 3876 Seine
834 3817 992 3877 Menschen
1026 3819 1078 3879 sind
1102 3820 1216 3880 Zeugen
1246 3822 1326 3882 einer
1351 3825 1460 3885 satten,

307 3859 354 3919 dem
403 3857 507 3917 Genuß
546 3855 603 3915 und
632 3857 680 3917 dem
728 3859 919 3919 Bewußlsein
953 3863 1001 3923 des
1035 3865 1177 3925 Genusses
1211 3868 1364 3928 raffintert
1393 3869 1460 3929 hin¬

302 3904 472 3964 ebenen
514 3905 632 3965 Kulkur.
679 3905 740 3965 Und
777 3906 854 3966 wenn
896 3908 947 3968 wir
979 3911 1081 3971 heute,
1108 3914 1366 3974 zurückschauend,
1398 3915 1454 3975 sein

1473 273 1606 333 box
1681 277 1858 337 43/1

1521 1905 1712 1965 Lebenswerk
1746 1905 1903 1965 abwägen,
1923 1908 1951 1968 so
1975 1908 2066 1968 bleibt
2095 1908 2147 1968 uns
2176 1908 2262 1968 neben
2296 1911 2386 1971 seiner
2411 1911 2597 1971 geistvollen,
2616 1909 2664 1969 be¬

1523 1953 1676 2013 stechenden
1715 1953 1954 2013 Plauderkunsk,
1993 1953 2083 2013 seiner
2123 1956 2338 2016 Gewandheik,
2377 1956 2415 2016 ein
2463 1956 2669 2016 spannendes,

1527 1998 1660 2058 pikanles
1684 1999 1770 2059 Spiel
1789 2001 1990 2061 aufzubauen,
2005 2001 2076 2061 kaum
2110 1998 2201 2058 eiwas
2225 2002 2315 2062 mehr.
2335 2003 2397 2063 Nur
2421 2003 2540 2063 Worte,
2560 2004 2664 2064 Worte

1578 2043 1663 2103 keine
1694 2046 1920 2106 überwindende
1946 2046 2021 2106 Tak!
2047 2046 2097 2106 Ein
2128 2049 2258 2109 mageres
2284 2051 2384 2111 Fazit.

2490 2093 2566 2153 .
2572 2095 2582 2155 E
