<?xml version="1.0" encoding="UTF-8" standalone="yes"?>
<PcGts xmlns="http://schema.primaresearch.org/PAGE/gts/pagecontent/2013-07-15" xmlns:xsi="http://www.w3.org/2001/XMLSchema-instance" xsi:schemaLocation="http://schema.primaresearch.org/PAGE/gts/pagecontent/2013-07-15 http://schema.primaresearch.org/PAGE/gts/pagecontent/2013-07-15/pagecontent.xsd">
    <Metadata>
        <Creator>prov=READ-COOP:name=PyLaia@TranskribusPlatform:version=2.12.1:model_id=39995:lm=none:date=09_04_2024_22:48</Creator>
        <Created>2019-10-07T20:37:26.351+02:00</Created>
        <LastChange>2024-04-09T22:48:53.256+02:00</LastChange>
        <TranskribusMetadata docId="224459" pageId="9580171" pageNr="36" tsid="157629545" status="IN_PROGRESS" userId="64420" imgUrl="https://files.transkribus.eu/Get?id=RDTPIUWNBEYPGHADIWHPXRHI&amp;fileType=view" xmlUrl="https://files.transkribus.eu/Get?id=OHVAEZIHPTDDPNNDROCFXINR" imageId="6208563"/>
    </Metadata>
    <Page imageFilename="224459_0036.jpeg" imageWidth="3392" imageHeight="4320">
        <ReadingOrder>
            <OrderedGroup id="ro_1712938024715" caption="Regions reading order">
                <RegionRefIndexed index="0" regionRef="tr_1"/>
                <RegionRefIndexed index="1" regionRef="tr_2"/>
            </OrderedGroup>
        </ReadingOrder>
        <TextRegion orientation="0.0" id="tr_1" custom="readingOrder {index:0;}">
            <Coords points="191,234 191,387 268,387 268,234"/>
            <TextLine id="tr_1_tl_1" custom="readingOrder {index:0;}">
                <Coords points="171,356 195,353 218,373 224,369 231,373 237,366 244,373 261,373 257,277 237,280 224,274 218,280 208,277 191,284 188,290 168,290"/>
                <Baseline points="191,334 216,336 242,337 268,337"/>
                <Word id="tr_1_tl_1_w1" custom="readingOrder {index:0;}">
                    <Coords points="178,294 178,354 228,354 228,294"/>
                    <TextEquiv>
                        <Unicode>2</Unicode>
                    </TextEquiv>
                </Word>
                <TextEquiv>
                    <Unicode>2</Unicode>
                </TextEquiv>
            </TextLine>
            <TextEquiv>
                <Unicode></Unicode>
            </TextEquiv>
        </TextRegion>
        <TextRegion orientation="0.0" id="tr_2" custom="readingOrder {index:1;}">
            <Coords points="340,305 340,4253 3075,4253 3075,305"/>
            <TextLine id="tr_2_tl_1" custom="readingOrder {index:0;}">
                <Coords points="1421,326 1517,373 1619,346 1662,376 1721,346 1767,376 1866,369 1870,267 1824,257 1754,277 1705,274 1685,254 1425,277"/>
                <Baseline points="1441,337 1466,334 1491,334 1517,334 1542,334 1568,334 1593,334 1619,334 1644,334 1670,335 1695,337 1721,335 1746,334 1772,334 1797,333 1823,331 1848,332 1874,334"/>
                <Word id="tr_2_tl_1_w1" custom="readingOrder {index:0;}">
                    <Coords points="1427,294 1427,354 1558,354 1558,294"/>
                    <TextEquiv>
                        <Unicode>box</Unicode>
                    </TextEquiv>
                </Word>
                <Word id="tr_2_tl_1_w2" custom="readingOrder {index:1;}">
                    <Coords points="1633,294 1633,354 1829,354 1829,294"/>
                    <TextEquiv>
                        <Unicode>42/6</Unicode>
                    </TextEquiv>
                </Word>
                <TextEquiv>
                    <Unicode>box 42/6</Unicode>
                </TextEquiv>
            </TextLine>
            <TextLine id="tr_2_tl_2" custom="readingOrder {index:1;}">
                <Coords points="323,379 1243,369 1243,264 1200,257 1118,284 943,254 811,287 574,254 323,284"/>
                <Baseline points="340,346 385,349 431,349 476,343 522,343 568,343 613,346 659,343 705,345 750,340 796,341 842,343 887,343 933,344 979,344 1024,339 1070,337 1116,336 1161,335 1207,339 1253,346"/>
                <Word id="tr_2_tl_2_w1" custom="readingOrder {index:0;}">
                    <Coords points="322,305 322,365 914,365 914,305"/>
                    <TextEquiv>
                        <Unicode>Schnitzlers</Unicode>
                    </TextEquiv>
                </Word>
                <Word id="tr_2_tl_2_w2" custom="readingOrder {index:1;}">
                    <Coords points="985,296 985,356 1221,356 1221,296"/>
                    <TextEquiv>
                        <Unicode>Death</Unicode>
                    </TextEquiv>
                </Word>
                <TextEquiv>
                    <Unicode>Schnitzlers Death</Unicode>
                </TextEquiv>
            </TextLine>
            <TextLine id="tr_2_tl_3" custom="readingOrder {index:2;}">
                <Coords points="2882,445 2899,448 2905,442 2931,448 2941,439 2958,439 2961,445 2974,432 3004,439 3011,363 2997,363 2961,333 2951,336 2945,326 2928,323 2912,336 2892,333"/>
                <Baseline points="2901,423 2929,419 2958,416 2986,413 3015,411"/>
                <Word id="tr_2_tl_3_w1" custom="readingOrder {index:0;}">
                    <Coords points="2882,377 2882,437 2996,437 2996,377"/>
                    <TextEquiv>
                        <Unicode>Ra</Unicode>
                    </TextEquiv>
                </Word>
                <TextEquiv>
                    <Unicode>Ra</Unicode>
                </TextEquiv>
            </TextLine>
            <TextLine id="tr_2_tl_4" custom="readingOrder {index:3;}">
                <Coords points="2186,458 2236,445 2259,472 2325,445 2780,442 2783,346 2592,336 2542,353 2354,330 2190,366"/>
                <Baseline points="2206,429 2235,432 2264,434 2293,432 2322,430 2351,429 2380,429 2409,430 2438,432 2467,432 2497,429 2526,425 2555,422 2584,418 2613,414 2642,422 2671,424 2700,420 2729,423 2758,423 2788,423"/>
                <Word id="tr_2_tl_4_w1" custom="readingOrder {index:0;}">
                    <Coords points="2188,392 2188,452 2717,452 2717,392"/>
                    <TextEquiv>
                        <Unicode>DOBSERV</Unicode>
                    </TextEquiv>
                </Word>
                <TextEquiv>
                    <Unicode>DOBSERV</Unicode>
                </TextEquiv>
            </TextLine>
            <TextLine id="tr_2_tl_5" custom="readingOrder {index:4;}">
                <Coords points="2305,491 2912,485 2912,445 2889,439 2305,458"/>
                <Baseline points="2322,486 2351,487 2381,489 2411,487 2440,486 2470,486 2500,486 2529,485 2559,483 2589,483 2619,483 2648,483 2678,483 2708,483 2737,483 2767,481 2797,480 2826,480 2856,478 2886,477 2916,477"/>
                <Word id="tr_2_tl_5_w1" custom="readingOrder {index:0;}">
                    <Coords points="2303,448 2303,508 2441,508 2441,448"/>
                    <TextEquiv>
                        <Unicode>österr.</Unicode>
                    </TextEquiv>
                </Word>
                <Word id="tr_2_tl_5_w2" custom="readingOrder {index:1;}">
                    <Coords points="2454,444 2454,504 2605,504 2605,444"/>
                    <TextEquiv>
                        <Unicode>behördl.</Unicode>
                    </TextEquiv>
                </Word>
                <Word id="tr_2_tl_5_w3" custom="readingOrder {index:2;}">
                    <Coords points="2622,441 2622,501 2908,501 2908,441"/>
                    <TextEquiv>
                        <Unicode>konzessioniertes</Unicode>
                    </TextEquiv>
                </Word>
                <TextEquiv>
                    <Unicode>österr. behördl. konzessioniertes</Unicode>
                </TextEquiv>
            </TextLine>
            <TextLine id="tr_2_tl_6" custom="readingOrder {index:5;}">
                <Coords points="2239,561 2331,537 2503,554 2562,531 2938,534 2941,485 2496,505 2292,501 2242,478"/>
                <Baseline points="2257,531 2291,530 2325,528 2360,531 2394,529 2429,528 2463,528 2498,528 2532,526 2567,525 2601,524 2635,522 2670,522 2704,522 2739,522 2773,522 2808,522 2842,522 2877,521 2911,519 2946,519"/>
                <Word id="tr_2_tl_6_w1" custom="readingOrder {index:0;}">
                    <Coords points="2237,490 2237,550 2462,550 2462,490"/>
                    <TextEquiv>
                        <Unicode>Unternehmen</Unicode>
                    </TextEquiv>
                </Word>
                <Word id="tr_2_tl_6_w2" custom="readingOrder {index:1;}">
                    <Coords points="2494,486 2494,546 2538,546 2538,486"/>
                    <TextEquiv>
                        <Unicode>für</Unicode>
                    </TextEquiv>
                </Word>
                <Word id="tr_2_tl_6_w3" custom="readingOrder {index:2;}">
                    <Coords points="2565,482 2565,542 2936,542 2936,482"/>
                    <TextEquiv>
                        <Unicode>Zeitungs-Ausschnitte</Unicode>
                    </TextEquiv>
                </Word>
                <TextEquiv>
                    <Unicode>Unternehmen für Zeitungs-Ausschnitte</Unicode>
                </TextEquiv>
            </TextLine>
            <TextLine id="tr_2_tl_7" custom="readingOrder {index:6;}">
                <Coords points="2292,600 2361,617 2523,587 2813,594 2885,617 2885,541 2852,531 2292,547"/>
                <Baseline points="2310,588 2339,586 2368,586 2397,588 2427,588 2456,589 2485,591 2514,588 2544,585 2573,583 2602,583 2631,585 2661,583 2690,582 2719,582 2748,582 2778,582 2807,582 2836,582 2865,582 2895,582"/>
                <Word id="tr_2_tl_7_w1" custom="readingOrder {index:0;}">
                    <Coords points="2295,546 2295,606 2435,606 2435,546"/>
                    <TextEquiv>
                        <Unicode>WIEN,</Unicode>
                    </TextEquiv>
                </Word>
                <Word id="tr_2_tl_7_w2" custom="readingOrder {index:1;}">
                    <Coords points="2457,550 2457,610 2503,610 2503,550"/>
                    <TextEquiv>
                        <Unicode>I.,</Unicode>
                    </TextEquiv>
                </Word>
                <Word id="tr_2_tl_7_w3" custom="readingOrder {index:2;}">
                    <Coords points="2523,542 2523,602 2813,602 2813,542"/>
                    <TextEquiv>
                        <Unicode>WOLLZEILE</Unicode>
                    </TextEquiv>
                </Word>
                <Word id="tr_2_tl_7_w4" custom="readingOrder {index:3;}">
                    <Coords points="2860,542 2860,602 2873,602 2873,542"/>
                    <TextEquiv>
                        <Unicode>1</Unicode>
                    </TextEquiv>
                </Word>
                <TextEquiv>
                    <Unicode>WIEN, I., WOLLZEILE 1</Unicode>
                </TextEquiv>
            </TextLine>
            <TextLine id="tr_2_tl_8" custom="readingOrder {index:7;}">
                <Coords points="2371,640 2401,653 2819,643 2819,594 2542,600 2523,587 2506,600 2371,603"/>
                <Baseline points="2388,638 2413,638 2439,638 2465,638 2491,636 2517,635 2542,633 2568,633 2594,634 2620,635 2646,635 2672,635 2697,635 2723,633 2749,632 2775,632 2801,631 2827,629"/>
                <Word id="tr_2_tl_8_w1" custom="readingOrder {index:0;}">
                    <Coords points="2371,596 2371,656 2590,656 2590,596"/>
                    <TextEquiv>
                        <Unicode>TELEPHON</Unicode>
                    </TextEquiv>
                </Word>
                <Word id="tr_2_tl_8_w2" custom="readingOrder {index:1;}">
                    <Coords points="2629,593 2629,653 2811,653 2811,593"/>
                    <TextEquiv>
                        <Unicode>R-23-0-43</Unicode>
                    </TextEquiv>
                </Word>
                <TextEquiv>
                    <Unicode>TELEPHON R-23-0-43</Unicode>
                </TextEquiv>
            </TextLine>
            <TextLine id="tr_2_tl_9" custom="readingOrder {index:8;}">
                <Coords points="2183,805 2239,814 2288,801 2341,818 2391,801 2513,805 2513,712 2463,725 2450,716 2430,732 2361,722 2325,732 2239,702 2219,722 2183,729"/>
                <Baseline points="2200,785 2226,782 2253,782 2280,784 2307,784 2334,783 2361,782 2387,782 2414,782 2441,783 2468,784 2495,783 2522,779"/>
                <Word id="tr_2_tl_9_w1" custom="readingOrder {index:0;}">
                    <Coords points="2183,744 2183,804 2407,804 2407,744"/>
                    <TextEquiv>
                        <Unicode>Ausschnitt</Unicode>
                    </TextEquiv>
                </Word>
                <Word id="tr_2_tl_9_w2" custom="readingOrder {index:1;}">
                    <Coords points="2435,743 2435,803 2505,803 2505,743"/>
                    <TextEquiv>
                        <Unicode>aus</Unicode>
                    </TextEquiv>
                </Word>
                <TextEquiv>
                    <Unicode>Ausschnitt aus</Unicode>
                </TextEquiv>
            </TextLine>
            <TextLine id="tr_2_tl_10" custom="readingOrder {index:9;}">
                <Coords points="2186,1045 2206,1042 2216,1049 2232,1032 2262,1022 2279,1039 2318,1042 2315,950 2292,953 2282,946 2242,946 2219,966 2209,960 2203,966 2186,966"/>
                <Baseline points="2203,1006 2233,1008 2264,1009 2294,1009 2325,1012"/>
                <Word id="tr_2_tl_10_w1" custom="readingOrder {index:0;}">
                    <Coords points="2186,968 2186,1028 2310,1028 2310,968"/>
                    <TextEquiv>
                        <Unicode>vom:</Unicode>
                    </TextEquiv>
                </Word>
                <TextEquiv>
                    <Unicode>vom:</Unicode>
                </TextEquiv>
            </TextLine>
            <TextLine id="tr_2_tl_11" custom="readingOrder {index:10;}">
                <Coords points="1873,1299 1896,1293 1909,1306 1936,1299 1962,1319 2018,1312 2038,1326 2054,1309 2068,1319 2104,1316 2104,1243 2071,1237 2041,1256 2028,1250 1995,1263 1972,1243 1952,1256 1916,1246 1873,1253"/>
                <Baseline points="1892,1283 1919,1283 1947,1283 1974,1283 2002,1284 2030,1286 2057,1288 2085,1290 2113,1292"/>
                <Word id="tr_2_tl_11_w1" custom="readingOrder {index:0;}">
                    <Coords points="1870,1243 1870,1303 1967,1303 1967,1243"/>
                    <TextEquiv>
                        <Unicode>AAI</Unicode>
                    </TextEquiv>
                </Word>
                <TextEquiv>
                    <Unicode>AAI</Unicode>
                </TextEquiv>
            </TextLine>
            <TextLine id="tr_2_tl_12" custom="readingOrder {index:11;}">
                <Coords points="2467,1761 2572,1748 2608,1771 2717,1758 2819,1781 2872,1748 2918,1744 2964,1774 3063,1758 3060,1649 2988,1669 2941,1645 2829,1665 2767,1639 2612,1662 2467,1652"/>
                <Baseline points="2486,1722 2515,1722 2544,1722 2573,1722 2602,1724 2631,1726 2660,1728 2690,1730 2719,1731 2748,1731 2777,1731 2806,1731 2835,1733 2864,1734 2894,1734 2923,1732 2952,1732 2981,1734 3010,1734 3039,1735 3069,1737"/>
                <Word id="tr_2_tl_12_w1" custom="readingOrder {index:0;}">
                    <Coords points="2470,1691 2470,1751 3015,1751 3015,1691"/>
                    <TextEquiv>
                        <Unicode>orben.</Unicode>
                    </TextEquiv>
                </Word>
                <TextEquiv>
                    <Unicode>orben.</Unicode>
                </TextEquiv>
            </TextLine>
            <TextLine id="tr_2_tl_13" custom="readingOrder {index:12;}">
                <Coords points="2104,1767 2157,1758 2255,1774 2338,1734 2374,1767 2391,1754 2440,1767 2440,1494 2312,1481 2213,1543 2104,1520"/>
                <Baseline points="2122,1725 2147,1730 2172,1734 2197,1734 2222,1737 2247,1737 2272,1737 2297,1735 2322,1733 2347,1732 2372,1731 2397,1731 2422,1731 2448,1731"/>
                <Word id="tr_2_tl_13_w1" custom="readingOrder {index:0;}">
                    <Coords points="2121,1697 2121,1757 2384,1757 2384,1697"/>
                    <TextEquiv>
                        <Unicode>gest</Unicode>
                    </TextEquiv>
                </Word>
                <TextEquiv>
                    <Unicode>gest</Unicode>
                </TextEquiv>
            </TextLine>
            <TextLine id="tr_2_tl_14" custom="readingOrder {index:13;}">
                <Coords points="465,1771 1537,1744 2038,1781 2041,1510 1118,1474 1022,1543 897,1497 683,1517 468,1474"/>
                <Baseline points="486,1737 564,1737 642,1736 720,1737 798,1737 876,1740 954,1739 1032,1737 1110,1731 1188,1736 1267,1737 1345,1742 1423,1740 1501,1740 1579,1740 1657,1740 1735,1740 1813,1739 1891,1735 1969,1733 2048,1722"/>
                <Word id="tr_2_tl_14_w1" custom="readingOrder {index:0;}">
                    <Coords points="523,1697 523,1757 1005,1757 1005,1697"/>
                    <TextEquiv>
                        <Unicode>Artur</Unicode>
                    </TextEquiv>
                </Word>
                <Word id="tr_2_tl_14_w2" custom="readingOrder {index:1;}">
                    <Coords points="1113,1700 1113,1760 1939,1760 1939,1700"/>
                    <TextEquiv>
                        <Unicode>Schnätzler</Unicode>
                    </TextEquiv>
                </Word>
                <TextEquiv>
                    <Unicode>Artur Schnätzler</Unicode>
                </TextEquiv>
            </TextLine>
            <TextLine id="tr_2_tl_15" custom="readingOrder {index:14;}">
                <Coords points="2269,1899 2569,1909 2628,1876 2849,1909 3063,1896 3063,1797 2750,1791 2701,1824 2371,1787 2269,1810"/>
                <Baseline points="2286,1886 2325,1881 2364,1878 2403,1880 2443,1880 2482,1877 2521,1875 2561,1874 2600,1875 2639,1878 2679,1880 2718,1879 2757,1874 2796,1874 2836,1874 2875,1874 2914,1874 2954,1875 2993,1876 3032,1874 3072,1874"/>
                <Word id="tr_2_tl_15_w1" custom="readingOrder {index:0;}">
                    <Coords points="2282,1840 2282,1900 2580,1900 2580,1840"/>
                    <TextEquiv>
                        <Unicode>gerührt.</Unicode>
                    </TextEquiv>
                </Word>
                <Word id="tr_2_tl_15_w2" custom="readingOrder {index:1;}">
                    <Coords points="2617,1837 2617,1897 2639,1897 2639,1837"/>
                    <TextEquiv>
                        <Unicode>—</Unicode>
                    </TextEquiv>
                </Word>
                <Word id="tr_2_tl_15_w3" custom="readingOrder {index:2;}">
                    <Coords points="2736,1834 2736,1894 2854,1894 2854,1834"/>
                    <TextEquiv>
                        <Unicode>Tod</Unicode>
                    </TextEquiv>
                </Word>
                <Word id="tr_2_tl_15_w4" custom="readingOrder {index:3;}">
                    <Coords points="2928,1835 2928,1895 3034,1895 3034,1835"/>
                    <TextEquiv>
                        <Unicode>des</Unicode>
                    </TextEquiv>
                </Word>
                <TextEquiv>
                    <Unicode>gerührt. — Tod des</Unicode>
                </TextEquiv>
            </TextLine>
            <TextLine id="tr_2_tl_16" custom="readingOrder {index:15;}">
                <Coords points="425,1916 2223,1906 2196,1777 1810,1777 1718,1817 1293,1787 1200,1827 1068,1784 425,1771"/>
                <Baseline points="444,1883 533,1880 622,1883 711,1883 801,1883 890,1886 979,1886 1069,1886 1158,1892 1247,1889 1337,1886 1426,1886 1515,1883 1604,1883 1694,1886 1783,1883 1872,1880 1962,1880 2051,1880 2140,1880 2230,1886"/>
                <Word id="tr_2_tl_16_w1" custom="readingOrder {index:0;}">
                    <Coords points="440,1841 440,1901 514,1901 514,1841"/>
                    <TextEquiv>
                        <Unicode>In</Unicode>
                    </TextEquiv>
                </Word>
                <Word id="tr_2_tl_16_w2" custom="readingOrder {index:1;}">
                    <Coords points="579,1843 579,1903 768,1903 768,1843"/>
                    <TextEquiv>
                        <Unicode>seiner</Unicode>
                    </TextEquiv>
                </Word>
                <Word id="tr_2_tl_16_w3" custom="readingOrder {index:2;}">
                    <Coords points="820,1846 820,1906 1149,1906 1149,1846"/>
                    <TextEquiv>
                        <Unicode>Wohnung</Unicode>
                    </TextEquiv>
                </Word>
                <Word id="tr_2_tl_16_w4" custom="readingOrder {index:3;}">
                    <Coords points="1202,1846 1202,1906 1442,1906 1442,1846"/>
                    <TextEquiv>
                        <Unicode>gestern</Unicode>
                    </TextEquiv>
                </Word>
                <Word id="tr_2_tl_16_w5" custom="readingOrder {index:4;}">
                    <Coords points="1507,1843 1507,1903 1734,1903 1734,1843"/>
                    <TextEquiv>
                        <Unicode>Mittag</Unicode>
                    </TextEquiv>
                </Word>
                <Word id="tr_2_tl_16_w6" custom="readingOrder {index:5;}">
                    <Coords points="1800,1840 1800,1900 1913,1900 1913,1840"/>
                    <TextEquiv>
                        <Unicode>vom</Unicode>
                    </TextEquiv>
                </Word>
                <Word id="tr_2_tl_16_w7" custom="readingOrder {index:6;}">
                    <Coords points="1990,1840 1990,1900 2204,1900 2204,1840"/>
                    <TextEquiv>
                        <Unicode>Schlag</Unicode>
                    </TextEquiv>
                </Word>
                <TextEquiv>
                    <Unicode>In seiner Wohnung gestern Mittag vom Schlag</Unicode>
                </TextEquiv>
            </TextLine>
            <TextLine id="tr_2_tl_17" custom="readingOrder {index:16;}">
                <Coords points="2232,2021 2328,2002 2364,2025 2391,2005 2476,2025 2575,1995 2605,2018 2859,2008 2856,1922 2816,1899 2229,1903"/>
                <Baseline points="2251,1985 2281,1983 2312,1983 2343,1985 2374,1983 2404,1983 2435,1985 2466,1985 2497,1985 2527,1985 2558,1985 2589,1985 2620,1986 2650,1988 2681,1986 2712,1985 2743,1985 2773,1985 2804,1986 2835,1988 2866,1988"/>
                <Word id="tr_2_tl_17_w1" custom="readingOrder {index:0;}">
                    <Coords points="2244,1945 2244,2005 2840,2005 2840,1945"/>
                    <TextEquiv>
                        <Unicode>Bewußtlosigkeit.</Unicode>
                    </TextEquiv>
                </Word>
                <TextEquiv>
                    <Unicode>Bewußtlosigkeit.</Unicode>
                </TextEquiv>
            </TextLine>
            <TextLine id="tr_2_tl_18" custom="readingOrder {index:17;}">
                <Coords points="646,2002 2199,2021 2199,1916 2084,1903 1659,1903 1619,1936 1589,1903 650,1906"/>
                <Baseline points="665,1985 742,1991 819,1991 896,1994 973,1991 1051,1991 1128,1991 1205,1994 1282,1993 1359,1991 1437,1991 1514,1991 1591,1991 1668,1991 1745,1990 1823,1988 1900,1988 1977,1986 2054,1985 2131,1985 2209,1982"/>
                <Word id="tr_2_tl_18_w1" custom="readingOrder {index:0;}">
                    <Coords points="660,1951 660,2011 1023,2011 1023,1951"/>
                    <TextEquiv>
                        <Unicode>berühmten</Unicode>
                    </TextEquiv>
                </Word>
                <Word id="tr_2_tl_18_w2" custom="readingOrder {index:1;}">
                    <Coords points="1098,1953 1098,2013 1377,2013 1377,1953"/>
                    <TextEquiv>
                        <Unicode>Dichters</Unicode>
                    </TextEquiv>
                </Word>
                <Word id="tr_2_tl_18_w3" custom="readingOrder {index:2;}">
                    <Coords points="1439,1951 1439,2011 1584,2011 1584,1951"/>
                    <TextEquiv>
                        <Unicode>nach</Unicode>
                    </TextEquiv>
                </Word>
                <Word id="tr_2_tl_18_w4" custom="readingOrder {index:3;}">
                    <Coords points="1646,1947 1646,2007 2181,2007 2181,1947"/>
                    <TextEquiv>
                        <Unicode>siebenstündiger</Unicode>
                    </TextEquiv>
                </Word>
                <TextEquiv>
                    <Unicode>berühmten Dichters nach siebenstündiger</Unicode>
                </TextEquiv>
            </TextLine>
            <TextLine id="tr_2_tl_19" custom="readingOrder {index:18;}">
                <Coords points="1309,2084 2120,2094 2186,2084 2190,2028 2011,2008 1959,2041 1814,2011 1603,2038 1431,1995 1312,2021"/>
                <Baseline points="1328,2077 1371,2075 1414,2074 1457,2074 1501,2074 1544,2075 1587,2076 1631,2074 1674,2074 1717,2073 1761,2071 1804,2071 1847,2071 1890,2072 1934,2073 1977,2071 2020,2071 2064,2071 2107,2071 2150,2068 2194,2068"/>
                <Word id="tr_2_tl_19_w1" custom="readingOrder {index:0;}">
                    <Coords points="1318,2034 1318,2094 1480,2094 1480,2034"/>
                    <TextEquiv>
                        <Unicode>kehrte,</Unicode>
                    </TextEquiv>
                </Word>
                <Word id="tr_2_tl_19_w2" custom="readingOrder {index:1;}">
                    <Coords points="1514,2034 1514,2094 1558,2094 1558,2034"/>
                    <TextEquiv>
                        <Unicode>um</Unicode>
                    </TextEquiv>
                </Word>
                <Word id="tr_2_tl_19_w3" custom="readingOrder {index:2;}">
                    <Coords points="1618,2034 1618,2094 1682,2094 1682,2034"/>
                    <TextEquiv>
                        <Unicode>sich</Unicode>
                    </TextEquiv>
                </Word>
                <Word id="tr_2_tl_19_w4" custom="readingOrder {index:3;}">
                    <Coords points="1722,2031 1722,2091 1859,2091 1859,2031"/>
                    <TextEquiv>
                        <Unicode>sofort</Unicode>
                    </TextEquiv>
                </Word>
                <Word id="tr_2_tl_19_w5" custom="readingOrder {index:4;}">
                    <Coords points="1899,2032 1899,2092 1931,2092 1931,2032"/>
                    <TextEquiv>
                        <Unicode>in</Unicode>
                    </TextEquiv>
                </Word>
                <Word id="tr_2_tl_19_w6" custom="readingOrder {index:5;}">
                    <Coords points="1984,2031 1984,2091 2054,2091 2054,2031"/>
                    <TextEquiv>
                        <Unicode>sein</Unicode>
                    </TextEquiv>
                </Word>
                <Word id="tr_2_tl_19_w7" custom="readingOrder {index:6;}">
                    <Coords points="2101,2028 2101,2088 2178,2088 2178,2028"/>
                    <TextEquiv>
                        <Unicode>Ar¬</Unicode>
                    </TextEquiv>
                </Word>
                <TextEquiv>
                    <Unicode>kehrte, um sich sofort in sein Ar¬</Unicode>
                </TextEquiv>
            </TextLine>
            <TextLine id="tr_2_tl_20" custom="readingOrder {index:19;}">
                <Coords points="1303,2153 2035,2133 2173,2173 2173,2087 1303,2091"/>
                <Baseline points="1319,2134 1362,2134 1405,2134 1448,2132 1491,2131 1534,2131 1577,2131 1621,2131 1664,2131 1707,2131 1750,2131 1793,2131 1836,2131 1879,2131 1923,2131 1966,2131 2009,2131 2052,2131 2095,2131 2138,2131 2182,2128"/>
                <Word id="tr_2_tl_20_w1" custom="readingOrder {index:0;}">
                    <Coords points="1311,2091 1311,2151 1601,2151 1601,2091"/>
                    <TextEquiv>
                        <Unicode>beitszimmer</Unicode>
                    </TextEquiv>
                </Word>
                <Word id="tr_2_tl_20_w2" custom="readingOrder {index:1;}">
                    <Coords points="1646,2091 1646,2151 2004,2151 2004,2091"/>
                    <TextEquiv>
                        <Unicode>zurückzuziehen,</Unicode>
                    </TextEquiv>
                </Word>
                <Word id="tr_2_tl_20_w3" custom="readingOrder {index:2;}">
                    <Coords points="2044,2091 2044,2151 2093,2151 2093,2091"/>
                    <TextEquiv>
                        <Unicode>wo</Unicode>
                    </TextEquiv>
                </Word>
                <Word id="tr_2_tl_20_w4" custom="readingOrder {index:3;}">
                    <Coords points="2131,2090 2131,2150 2168,2150 2168,2090"/>
                    <TextEquiv>
                        <Unicode>er</Unicode>
                    </TextEquiv>
                </Word>
                <TextEquiv>
                    <Unicode>beitszimmer zurückzuziehen, wo er</Unicode>
                </TextEquiv>
            </TextLine>
            <TextLine id="tr_2_tl_21" custom="readingOrder {index:20;}">
                <Coords points="2265,2196 3004,2183 3004,2025 2981,2018 2958,2038 2869,2002 2786,2054 2585,2048 2539,2091 2381,2044 2265,2048"/>
                <Baseline points="2283,2164 2319,2164 2355,2164 2392,2165 2428,2167 2465,2167 2501,2167 2538,2167 2574,2167 2611,2168 2647,2170 2683,2170 2720,2170 2756,2168 2793,2166 2829,2165 2866,2167 2902,2167 2939,2169 2975,2173 3012,2179"/>
                <Word id="tr_2_tl_21_w1" custom="readingOrder {index:0;}">
                    <Coords points="2287,2125 2287,2185 2498,2185 2498,2125"/>
                    <TextEquiv>
                        <Unicode>Artur</Unicode>
                    </TextEquiv>
                </Word>
                <Word id="tr_2_tl_21_w2" custom="readingOrder {index:1;}">
                    <Coords points="2568,2127 2568,2187 2977,2187 2977,2127"/>
                    <TextEquiv>
                        <Unicode>Schnitzler.</Unicode>
                    </TextEquiv>
                </Word>
                <TextEquiv>
                    <Unicode>Artur Schnitzler.</Unicode>
                </TextEquiv>
            </TextLine>
            <TextLine id="tr_2_tl_22" custom="readingOrder {index:21;}">
                <Coords points="1306,2219 1738,2193 1919,2209 1995,2196 1998,2147 1309,2150"/>
                <Baseline points="1325,2194 1358,2192 1392,2192 1426,2193 1460,2189 1494,2190 1528,2190 1562,2188 1596,2188 1630,2190 1664,2190 1697,2188 1731,2188 1765,2190 1799,2191 1833,2190 1867,2188 1901,2188 1935,2188 1969,2187 2003,2185"/>
                <Word id="tr_2_tl_22_w1" custom="readingOrder {index:0;}">
                    <Coords points="1314,2152 1314,2212 1424,2212 1424,2152"/>
                    <TextEquiv>
                        <Unicode>seine</Unicode>
                    </TextEquiv>
                </Word>
                <Word id="tr_2_tl_22_w2" custom="readingOrder {index:1;}">
                    <Coords points="1456,2148 1456,2208 1703,2208 1703,2148"/>
                    <TextEquiv>
                        <Unicode>Sekretärin</Unicode>
                    </TextEquiv>
                </Word>
                <Word id="tr_2_tl_22_w3" custom="readingOrder {index:2;}">
                    <Coords points="1741,2148 1741,2208 1987,2208 1987,2148"/>
                    <TextEquiv>
                        <Unicode>erwartete.</Unicode>
                    </TextEquiv>
                </Word>
                <TextEquiv>
                    <Unicode>seine Sekretärin erwartete.</Unicode>
                </TextEquiv>
            </TextLine>
            <TextLine id="tr_2_tl_23" custom="readingOrder {index:22;}">
                <Coords points="1349,2255 2176,2255 2176,2190 2071,2170 1853,2219 1741,2193 1349,2199"/>
                <Baseline points="1367,2248 1407,2248 1448,2248 1489,2248 1530,2248 1571,2248 1612,2248 1653,2248 1694,2248 1735,2248 1776,2248 1816,2248 1857,2246 1898,2245 1939,2245 1980,2246 2021,2247 2062,2245 2103,2245 2144,2245 2185,2245"/>
                <Word id="tr_2_tl_23_w1" custom="readingOrder {index:0;}">
                    <Coords points="1357,2208 1357,2268 1437,2268 1437,2208"/>
                    <TextEquiv>
                        <Unicode>Als</Unicode>
                    </TextEquiv>
                </Word>
                <Word id="tr_2_tl_23_w2" custom="readingOrder {index:1;}">
                    <Coords points="1481,2208 1481,2268 1536,2268 1536,2208"/>
                    <TextEquiv>
                        <Unicode>die</Unicode>
                    </TextEquiv>
                </Word>
                <Word id="tr_2_tl_23_w3" custom="readingOrder {index:2;}">
                    <Coords points="1575,2208 1575,2268 1817,2268 1817,2208"/>
                    <TextEquiv>
                        <Unicode>Sekretärin</Unicode>
                    </TextEquiv>
                </Word>
                <Word id="tr_2_tl_23_w4" custom="readingOrder {index:3;}">
                    <Coords points="1861,2205 1861,2265 1910,2265 1910,2205"/>
                    <TextEquiv>
                        <Unicode>um</Unicode>
                    </TextEquiv>
                </Word>
                <Word id="tr_2_tl_23_w5" custom="readingOrder {index:4;}">
                    <Coords points="1967,2206 1967,2266 2047,2266 2047,2206"/>
                    <TextEquiv>
                        <Unicode>412</Unicode>
                    </TextEquiv>
                </Word>
                <Word id="tr_2_tl_23_w6" custom="readingOrder {index:5;}">
                    <Coords points="2092,2205 2092,2265 2172,2265 2172,2205"/>
                    <TextEquiv>
                        <Unicode>Uhr</Unicode>
                    </TextEquiv>
                </Word>
                <TextEquiv>
                    <Unicode>Als die Sekretärin um 412 Uhr</Unicode>
                </TextEquiv>
            </TextLine>
            <TextLine id="tr_2_tl_24" custom="readingOrder {index:23;}">
                <Coords points="2318,2255 2532,2259 2565,2282 2645,2259 2717,2288 2941,2265 2941,2209 2711,2213 2638,2183 2318,2196"/>
                <Baseline points="2337,2242 2367,2244 2397,2245 2428,2245 2458,2245 2489,2246 2519,2248 2550,2248 2580,2247 2611,2245 2641,2247 2671,2248 2702,2248 2732,2248 2763,2248 2793,2248 2824,2248 2854,2248 2885,2249 2915,2251 2946,2254"/>
                <Word id="tr_2_tl_24_w1" custom="readingOrder {index:0;}">
                    <Coords points="2327,2203 2327,2263 2390,2263 2390,2203"/>
                    <TextEquiv>
                        <Unicode>Von</Unicode>
                    </TextEquiv>
                </Word>
                <Word id="tr_2_tl_24_w2" custom="readingOrder {index:1;}">
                    <Coords points="2429,2205 2429,2265 2538,2265 2538,2205"/>
                    <TextEquiv>
                        <Unicode>Oskar</Unicode>
                    </TextEquiv>
                </Word>
                <Word id="tr_2_tl_24_w3" custom="readingOrder {index:2;}">
                    <Coords points="2570,2207 2570,2267 2718,2267 2718,2207"/>
                    <TextEquiv>
                        <Unicode>Maurus</Unicode>
                    </TextEquiv>
                </Word>
                <Word id="tr_2_tl_24_w4" custom="readingOrder {index:3;}">
                    <Coords points="2757,2208 2757,2268 2923,2268 2923,2208"/>
                    <TextEquiv>
                        <Unicode>Fontana.</Unicode>
                    </TextEquiv>
                </Word>
                <TextEquiv>
                    <Unicode>Von Oskar Maurus Fontana.</Unicode>
                </TextEquiv>
            </TextLine>
            <TextLine id="tr_2_tl_25" custom="readingOrder {index:24;}">
                <Coords points="1303,2312 2173,2321 2173,2259 1457,2279 1303,2246"/>
                <Baseline points="1322,2310 1364,2308 1407,2307 1450,2307 1493,2307 1536,2307 1579,2307 1621,2307 1664,2306 1707,2304 1750,2304 1793,2304 1836,2305 1879,2307 1921,2306 1964,2304 2007,2304 2050,2304 2093,2304 2136,2304 2179,2301"/>
                <Word id="tr_2_tl_25_w1" custom="readingOrder {index:0;}">
                    <Coords points="1311,2267 1311,2327 1487,2327 1487,2267"/>
                    <TextEquiv>
                        <Unicode>mittags</Unicode>
                    </TextEquiv>
                </Word>
                <Word id="tr_2_tl_25_w2" custom="readingOrder {index:1;}">
                    <Coords points="1525,2267 1525,2327 1595,2327 1595,2267"/>
                    <TextEquiv>
                        <Unicode>das</Unicode>
                    </TextEquiv>
                </Word>
                <Word id="tr_2_tl_25_w3" custom="readingOrder {index:2;}">
                    <Coords points="1633,2264 1633,2324 1992,2324 1992,2264"/>
                    <TextEquiv>
                        <Unicode>Arbeitszimmer</Unicode>
                    </TextEquiv>
                </Word>
                <Word id="tr_2_tl_25_w4" custom="readingOrder {index:3;}">
                    <Coords points="2024,2264 2024,2324 2175,2324 2175,2264"/>
                    <TextEquiv>
                        <Unicode>betrat,</Unicode>
                    </TextEquiv>
                </Word>
                <TextEquiv>
                    <Unicode>mittags das Arbeitszimmer betrat,</Unicode>
                </TextEquiv>
            </TextLine>
            <TextLine id="tr_2_tl_26" custom="readingOrder {index:25;}">
                <Coords points="2232,2318 3060,2328 3060,2236 2823,2288 2648,2259 2368,2285 2335,2252 2232,2255"/>
                <Baseline points="2251,2316 2291,2316 2332,2316 2373,2316 2414,2316 2455,2318 2496,2318 2537,2316 2578,2316 2619,2317 2660,2319 2700,2316 2741,2316 2782,2319 2823,2317 2864,2318 2905,2319 2946,2319 2987,2318 3028,2317 3069,2319"/>
                <Word id="tr_2_tl_26_w1" custom="readingOrder {index:0;}">
                    <Coords points="2240,2276 2240,2336 2513,2336 2513,2276"/>
                    <TextEquiv>
                        <Unicode>Abschiednehmen</Unicode>
                    </TextEquiv>
                </Word>
                <Word id="tr_2_tl_26_w2" custom="readingOrder {index:1;}">
                    <Coords points="2557,2276 2557,2336 2568,2336 2568,2276"/>
                    <TextEquiv>
                        <Unicode>—</Unicode>
                    </TextEquiv>
                </Word>
                <Word id="tr_2_tl_26_w3" custom="readingOrder {index:2;}">
                    <Coords points="2623,2278 2623,2338 2684,2338 2684,2278"/>
                    <TextEquiv>
                        <Unicode>das</Unicode>
                    </TextEquiv>
                </Word>
                <Word id="tr_2_tl_26_w4" custom="readingOrder {index:3;}">
                    <Coords points="2728,2277 2728,2337 2794,2337 2794,2277"/>
                    <TextEquiv>
                        <Unicode>war</Unicode>
                    </TextEquiv>
                </Word>
                <Word id="tr_2_tl_26_w5" custom="readingOrder {index:4;}">
                    <Coords points="2837,2277 2837,2337 2886,2337 2886,2277"/>
                    <TextEquiv>
                        <Unicode>der</Unicode>
                    </TextEquiv>
                </Word>
                <Word id="tr_2_tl_26_w6" custom="readingOrder {index:5;}">
                    <Coords points="2929,2277 2929,2337 3056,2337 3056,2277"/>
                    <TextEquiv>
                        <Unicode>Inhalt</Unicode>
                    </TextEquiv>
                </Word>
                <TextEquiv>
                    <Unicode>Abschiednehmen — das war der Inhalt</Unicode>
                </TextEquiv>
            </TextLine>
            <TextLine id="tr_2_tl_27" custom="readingOrder {index:26;}">
                <Coords points="2206,2374 3060,2371 3060,2328 2922,2318 2447,2341 2206,2315"/>
                <Baseline points="2224,2364 2266,2361 2308,2358 2350,2360 2393,2361 2435,2363 2477,2364 2519,2364 2562,2362 2604,2361 2646,2361 2688,2361 2731,2361 2773,2361 2815,2361 2857,2361 2900,2361 2942,2361 2984,2361 3026,2361 3069,2364"/>
                <Word id="tr_2_tl_27_w1" custom="readingOrder {index:0;}">
                    <Coords points="2206,2321 2206,2381 2301,2381 2301,2321"/>
                    <TextEquiv>
                        <Unicode>seiner</Unicode>
                    </TextEquiv>
                </Word>
                <Word id="tr_2_tl_27_w2" custom="readingOrder {index:1;}">
                    <Coords points="2332,2320 2332,2380 2427,2380 2427,2320"/>
                    <TextEquiv>
                        <Unicode>letzten</Unicode>
                    </TextEquiv>
                </Word>
                <Word id="tr_2_tl_27_w3" custom="readingOrder {index:2;}">
                    <Coords points="2458,2323 2458,2383 2583,2383 2583,2323"/>
                    <TextEquiv>
                        <Unicode>Werke,</Unicode>
                    </TextEquiv>
                </Word>
                <Word id="tr_2_tl_27_w4" custom="readingOrder {index:3;}">
                    <Coords points="2604,2321 2604,2381 2720,2381 2720,2321"/>
                    <TextEquiv>
                        <Unicode>immer</Unicode>
                    </TextEquiv>
                </Word>
                <Word id="tr_2_tl_27_w5" custom="readingOrder {index:4;}">
                    <Coords points="2751,2321 2751,2381 2882,2381 2882,2321"/>
                    <TextEquiv>
                        <Unicode>wieder.</Unicode>
                    </TextEquiv>
                </Word>
                <Word id="tr_2_tl_27_w6" custom="readingOrder {index:5;}">
                    <Coords points="2913,2321 2913,2381 2957,2381 2957,2321"/>
                    <TextEquiv>
                        <Unicode>Es</Unicode>
                    </TextEquiv>
                </Word>
                <Word id="tr_2_tl_27_w7" custom="readingOrder {index:6;}">
                    <Coords points="2988,2321 2988,2381 3053,2381 3053,2321"/>
                    <TextEquiv>
                        <Unicode>war</Unicode>
                    </TextEquiv>
                </Word>
                <TextEquiv>
                    <Unicode>seiner letzten Werke, immer wieder. Es war</Unicode>
                </TextEquiv>
            </TextLine>
            <TextLine id="tr_2_tl_28" custom="readingOrder {index:27;}">
                <Coords points="1309,2384 2166,2377 2166,2315 1860,2341 1758,2312 1309,2318"/>
                <Baseline points="1328,2373 1370,2367 1412,2367 1455,2367 1497,2367 1540,2365 1582,2364 1624,2364 1667,2364 1709,2364 1752,2364 1794,2365 1836,2366 1879,2364 1921,2364 1964,2364 2006,2364 2048,2364 2091,2364 2133,2361 2176,2361"/>
                <Word id="tr_2_tl_28_w1" custom="readingOrder {index:0;}">
                    <Coords points="1318,2327 1318,2387 1413,2387 1413,2327"/>
                    <TextEquiv>
                        <Unicode>fand</Unicode>
                    </TextEquiv>
                </Word>
                <Word id="tr_2_tl_28_w2" custom="readingOrder {index:1;}">
                    <Coords points="1458,2327 1458,2387 1509,2387 1509,2327"/>
                    <TextEquiv>
                        <Unicode>sie</Unicode>
                    </TextEquiv>
                </Word>
                <Word id="tr_2_tl_28_w3" custom="readingOrder {index:2;}">
                    <Coords points="1548,2324 1548,2384 1617,2384 1617,2324"/>
                    <TextEquiv>
                        <Unicode>den</Unicode>
                    </TextEquiv>
                </Word>
                <Word id="tr_2_tl_28_w4" custom="readingOrder {index:3;}">
                    <Coords points="1663,2324 1663,2384 1854,2384 1854,2324"/>
                    <TextEquiv>
                        <Unicode>Dichter,</Unicode>
                    </TextEquiv>
                </Word>
                <Word id="tr_2_tl_28_w5" custom="readingOrder {index:4;}">
                    <Coords points="1887,2324 1887,2384 1988,2384 1988,2324"/>
                    <TextEquiv>
                        <Unicode>über</Unicode>
                    </TextEquiv>
                </Word>
                <Word id="tr_2_tl_28_w6" custom="readingOrder {index:5;}">
                    <Coords points="2034,2323 2034,2383 2161,2383 2161,2323"/>
                    <TextEquiv>
                        <Unicode>seiner</Unicode>
                    </TextEquiv>
                </Word>
                <TextEquiv>
                    <Unicode>fand sie den Dichter, über seiner</Unicode>
                </TextEquiv>
            </TextLine>
            <TextLine id="tr_2_tl_29" custom="readingOrder {index:28;}">
                <Coords points="2199,2410 3057,2417 3057,2371 2971,2361 2199,2374"/>
                <Baseline points="2218,2406 2260,2406 2302,2406 2345,2406 2387,2404 2430,2405 2472,2406 2514,2406 2557,2406 2599,2406 2642,2406 2684,2406 2726,2406 2769,2406 2811,2406 2854,2406 2896,2406 2938,2406 2981,2406 3023,2406 3066,2409"/>
                <Word id="tr_2_tl_29_w1" custom="readingOrder {index:0;}">
                    <Coords points="2203,2366 2203,2426 2266,2426 2266,2366"/>
                    <TextEquiv>
                        <Unicode>eine</Unicode>
                    </TextEquiv>
                </Word>
                <Word id="tr_2_tl_29_w2" custom="readingOrder {index:1;}">
                    <Coords points="2291,2365 2291,2425 2403,2425 2403,2365"/>
                    <TextEquiv>
                        <Unicode>innere</Unicode>
                    </TextEquiv>
                </Word>
                <Word id="tr_2_tl_29_w3" custom="readingOrder {index:2;}">
                    <Coords points="2428,2366 2428,2426 2556,2426 2556,2366"/>
                    <TextEquiv>
                        <Unicode>Unruhe</Unicode>
                    </TextEquiv>
                </Word>
                <Word id="tr_2_tl_29_w4" custom="readingOrder {index:3;}">
                    <Coords points="2581,2366 2581,2426 2605,2426 2605,2366"/>
                    <TextEquiv>
                        <Unicode>in</Unicode>
                    </TextEquiv>
                </Word>
                <Word id="tr_2_tl_29_w5" custom="readingOrder {index:4;}">
                    <Coords points="2635,2366 2635,2426 2747,2426 2747,2366"/>
                    <TextEquiv>
                        <Unicode>ihnen,</Unicode>
                    </TextEquiv>
                </Word>
                <Word id="tr_2_tl_29_w6" custom="readingOrder {index:5;}">
                    <Coords points="2767,2366 2767,2426 2830,2426 2830,2366"/>
                    <TextEquiv>
                        <Unicode>noch</Unicode>
                    </TextEquiv>
                </Word>
                <Word id="tr_2_tl_29_w7" custom="readingOrder {index:6;}">
                    <Coords points="2855,2366 2855,2426 2977,2426 2977,2366"/>
                    <TextEquiv>
                        <Unicode>einmal</Unicode>
                    </TextEquiv>
                </Word>
                <Word id="tr_2_tl_29_w8" custom="readingOrder {index:7;}">
                    <Coords points="2997,2366 2997,2426 3046,2426 3046,2366"/>
                    <TextEquiv>
                        <Unicode>den</Unicode>
                    </TextEquiv>
                </Word>
                <TextEquiv>
                    <Unicode>eine innere Unruhe in ihnen, noch einmal den</Unicode>
                </TextEquiv>
            </TextLine>
            <TextLine id="tr_2_tl_30" custom="readingOrder {index:29;}">
                <Coords points="1309,2447 1566,2437 1632,2467 1718,2430 1784,2453 1840,2427 2166,2430 2166,2384 2097,2371 1309,2384"/>
                <Baseline points="1328,2427 1370,2427 1412,2427 1455,2424 1497,2421 1540,2423 1582,2424 1624,2424 1667,2424 1709,2424 1752,2424 1794,2424 1836,2424 1879,2423 1921,2421 1964,2422 2006,2423 2048,2421 2091,2421 2133,2418 2176,2415"/>
                <Word id="tr_2_tl_30_w1" custom="readingOrder {index:0;}">
                    <Coords points="1318,2384 1318,2444 1585,2444 1585,2384"/>
                    <TextEquiv>
                        <Unicode>Schrribtisch</Unicode>
                    </TextEquiv>
                </Word>
                <Word id="tr_2_tl_30_w2" custom="readingOrder {index:1;}">
                    <Coords points="1619,2384 1619,2444 1814,2444 1814,2384"/>
                    <TextEquiv>
                        <Unicode>gebeugt,</Unicode>
                    </TextEquiv>
                </Word>
                <Word id="tr_2_tl_30_w3" custom="readingOrder {index:2;}">
                    <Coords points="1842,2382 1842,2442 2161,2442 2161,2382"/>
                    <TextEquiv>
                        <Unicode>bewußtlos</Unicode>
                    </TextEquiv>
                </Word>
                <TextEquiv>
                    <Unicode>Schrribtisch gebeugt, bewußtlos</Unicode>
                </TextEquiv>
            </TextLine>
            <TextLine id="tr_2_tl_31" custom="readingOrder {index:30;}">
                <Coords points="2193,2463 3063,2463 3063,2417 2991,2407 2193,2414"/>
                <Baseline points="2212,2445 2254,2448 2297,2448 2340,2451 2383,2451 2426,2451 2469,2451 2511,2451 2554,2449 2597,2448 2640,2448 2683,2450 2726,2450 2769,2449 2811,2451 2854,2451 2897,2451 2940,2451 2983,2451 3026,2452 3069,2454"/>
                <Word id="tr_2_tl_31_w1" custom="readingOrder {index:0;}">
                    <Coords points="2199,2407 2199,2467 2295,2467 2295,2407"/>
                    <TextEquiv>
                        <Unicode>Kreis</Unicode>
                    </TextEquiv>
                </Word>
                <Word id="tr_2_tl_31_w2" custom="readingOrder {index:1;}">
                    <Coords points="2329,2411 2329,2471 2377,2471 2377,2411"/>
                    <TextEquiv>
                        <Unicode>des</Unicode>
                    </TextEquiv>
                </Word>
                <Word id="tr_2_tl_31_w3" custom="readingOrder {index:2;}">
                    <Coords points="2405,2411 2405,2471 2556,2471 2556,2411"/>
                    <TextEquiv>
                        <Unicode>geliebten</Unicode>
                    </TextEquiv>
                </Word>
                <Word id="tr_2_tl_31_w4" custom="readingOrder {index:3;}">
                    <Coords points="2589,2408 2589,2468 2703,2468 2703,2408"/>
                    <TextEquiv>
                        <Unicode>Lebens</Unicode>
                    </TextEquiv>
                </Word>
                <Word id="tr_2_tl_31_w5" custom="readingOrder {index:4;}">
                    <Coords points="2747,2409 2747,2469 2773,2469 2773,2409"/>
                    <TextEquiv>
                        <Unicode>zu</Unicode>
                    </TextEquiv>
                </Word>
                <Word id="tr_2_tl_31_w6" custom="readingOrder {index:5;}">
                    <Coords points="2806,2411 2806,2471 3060,2471 3060,2411"/>
                    <TextEquiv>
                        <Unicode>durchschreiten,</Unicode>
                    </TextEquiv>
                </Word>
                <TextEquiv>
                    <Unicode>Kreis des geliebten Lebens zu durchschreiten,</Unicode>
                </TextEquiv>
            </TextLine>
            <TextLine id="tr_2_tl_32" custom="readingOrder {index:31;}">
                <Coords points="1303,2503 2166,2496 2166,2434 1873,2424 1807,2460 1748,2430 1642,2460 1303,2434"/>
                <Baseline points="1322,2486 1364,2486 1407,2484 1450,2485 1492,2484 1535,2483 1578,2483 1620,2483 1663,2483 1706,2481 1749,2480 1791,2480 1834,2480 1877,2480 1919,2480 1962,2480 2005,2480 2047,2480 2090,2480 2133,2480 2176,2477"/>
                <Word id="tr_2_tl_32_w1" custom="readingOrder {index:0;}">
                    <Coords points="1311,2446 1311,2506 1405,2506 1405,2446"/>
                    <TextEquiv>
                        <Unicode>auf.</Unicode>
                    </TextEquiv>
                </Word>
                <Word id="tr_2_tl_32_w2" custom="readingOrder {index:1;}">
                    <Coords points="1469,2443 1469,2503 1556,2503 1556,2443"/>
                    <TextEquiv>
                        <Unicode>Dem</Unicode>
                    </TextEquiv>
                </Word>
                <Word id="tr_2_tl_32_w3" custom="readingOrder {index:2;}">
                    <Coords points="1645,2441 1645,2501 1752,2501 1752,2441"/>
                    <TextEquiv>
                        <Unicode>rasch</Unicode>
                    </TextEquiv>
                </Word>
                <Word id="tr_2_tl_32_w4" custom="readingOrder {index:3;}">
                    <Coords points="1828,2440 1828,2500 2161,2500 2161,2440"/>
                    <TextEquiv>
                        <Unicode>herbeigeholter</Unicode>
                    </TextEquiv>
                </Word>
                <TextEquiv>
                    <Unicode>auf. Dem rasch herbeigeholter</Unicode>
                </TextEquiv>
            </TextLine>
            <TextLine id="tr_2_tl_33" custom="readingOrder {index:32;}">
                <Coords points="2193,2503 3063,2506 3063,2463 2961,2453 2193,2463"/>
                <Baseline points="2212,2492 2255,2492 2298,2492 2341,2492 2384,2492 2427,2494 2470,2495 2513,2493 2556,2492 2599,2492 2642,2492 2685,2490 2728,2491 2771,2493 2814,2495 2857,2495 2900,2495 2943,2495 2986,2495 3029,2495 3072,2492"/>
                <Word id="tr_2_tl_33_w1" custom="readingOrder {index:0;}">
                    <Coords points="2199,2452 2199,2512 2268,2512 2268,2452"/>
                    <TextEquiv>
                        <Unicode>noch</Unicode>
                    </TextEquiv>
                </Word>
                <Word id="tr_2_tl_33_w2" custom="readingOrder {index:1;}">
                    <Coords points="2302,2452 2302,2512 2425,2512 2425,2452"/>
                    <TextEquiv>
                        <Unicode>einmal</Unicode>
                    </TextEquiv>
                </Word>
                <Word id="tr_2_tl_33_w3" custom="readingOrder {index:2;}">
                    <Coords points="2448,2454 2448,2514 2497,2514 2497,2454"/>
                    <TextEquiv>
                        <Unicode>die</Unicode>
                    </TextEquiv>
                </Word>
                <Word id="tr_2_tl_33_w4" custom="readingOrder {index:3;}">
                    <Coords points="2524,2452 2524,2512 2681,2512 2681,2452"/>
                    <TextEquiv>
                        <Unicode>Gestalten</Unicode>
                    </TextEquiv>
                </Word>
                <Word id="tr_2_tl_33_w5" custom="readingOrder {index:4;}">
                    <Coords points="2725,2451 2725,2511 2773,2511 2773,2451"/>
                    <TextEquiv>
                        <Unicode>der</Unicode>
                    </TextEquiv>
                </Word>
                <Word id="tr_2_tl_33_w6" custom="readingOrder {index:5;}">
                    <Coords points="2812,2455 2812,2515 2985,2515 2985,2455"/>
                    <TextEquiv>
                        <Unicode>Phantasie</Unicode>
                    </TextEquiv>
                </Word>
                <Word id="tr_2_tl_33_w7" custom="readingOrder {index:6;}">
                    <Coords points="3023,2454 3023,2514 3049,2514 3049,2454"/>
                    <TextEquiv>
                        <Unicode>zu</Unicode>
                    </TextEquiv>
                </Word>
                <TextEquiv>
                    <Unicode>noch einmal die Gestalten der Phantasie zu</Unicode>
                </TextEquiv>
            </TextLine>
            <TextLine id="tr_2_tl_34" custom="readingOrder {index:33;}">
                <Coords points="2193,2539 3063,2552 3063,2506 3007,2496 2193,2506"/>
                <Baseline points="2212,2537 2254,2537 2297,2537 2340,2537 2383,2537 2426,2537 2469,2537 2511,2537 2554,2537 2597,2537 2640,2537 2683,2535 2726,2535 2769,2536 2811,2535 2854,2537 2897,2537 2940,2537 2983,2537 3026,2537 3069,2537"/>
                <Word id="tr_2_tl_34_w1" custom="readingOrder {index:0;}">
                    <Coords points="2199,2497 2199,2557 2337,2557 2337,2497"/>
                    <TextEquiv>
                        <Unicode>grüßen.</Unicode>
                    </TextEquiv>
                </Word>
                <Word id="tr_2_tl_34_w2" custom="readingOrder {index:1;}">
                    <Coords points="2382,2497 2382,2557 2443,2557 2443,2497"/>
                    <TextEquiv>
                        <Unicode>Sie</Unicode>
                    </TextEquiv>
                </Word>
                <Word id="tr_2_tl_34_w3" custom="readingOrder {index:2;}">
                    <Coords points="2472,2497 2472,2557 2543,2557 2543,2497"/>
                    <TextEquiv>
                        <Unicode>alle,</Unicode>
                    </TextEquiv>
                </Word>
                <Word id="tr_2_tl_34_w4" custom="readingOrder {index:3;}">
                    <Coords points="2577,2497 2577,2557 2660,2557 2660,2497"/>
                    <TextEquiv>
                        <Unicode>seine</Unicode>
                    </TextEquiv>
                </Word>
                <Word id="tr_2_tl_34_w5" custom="readingOrder {index:4;}">
                    <Coords points="2700,2495 2700,2555 2860,2555 2860,2495"/>
                    <TextEquiv>
                        <Unicode>Menschen</Unicode>
                    </TextEquiv>
                </Word>
                <Word id="tr_2_tl_34_w6" custom="readingOrder {index:5;}">
                    <Coords points="2905,2497 2905,2557 2966,2557 2966,2497"/>
                    <TextEquiv>
                        <Unicode>und</Unicode>
                    </TextEquiv>
                </Word>
                <Word id="tr_2_tl_34_w7" custom="readingOrder {index:6;}">
                    <Coords points="2994,2497 2994,2557 3060,2557 3060,2497"/>
                    <TextEquiv>
                        <Unicode>ihre</Unicode>
                    </TextEquiv>
                </Word>
                <TextEquiv>
                    <Unicode>grüßen. Sie alle, seine Menschen und ihre</Unicode>
                </TextEquiv>
            </TextLine>
            <TextLine id="tr_2_tl_35" custom="readingOrder {index:34;}">
                <Coords points="1309,2552 2163,2546 2163,2490 1810,2486 1774,2516 1645,2490 1309,2500"/>
                <Baseline points="1328,2546 1370,2543 1412,2540 1454,2540 1496,2543 1538,2543 1580,2543 1622,2541 1664,2540 1706,2540 1749,2538 1791,2539 1833,2539 1875,2538 1917,2539 1959,2537 2001,2536 2043,2534 2085,2537 2127,2537 2170,2537"/>
                <Word id="tr_2_tl_35_w1" custom="readingOrder {index:0;}">
                    <Coords points="1317,2500 1317,2560 1533,2560 1533,2500"/>
                    <TextEquiv>
                        <Unicode>Hausarzt</Unicode>
                    </TextEquiv>
                </Word>
                <Word id="tr_2_tl_35_w2" custom="readingOrder {index:1;}">
                    <Coords points="1582,2500 1582,2560 1725,2560 1725,2500"/>
                    <TextEquiv>
                        <Unicode>gelang</Unicode>
                    </TextEquiv>
                </Word>
                <Word id="tr_2_tl_35_w3" custom="readingOrder {index:2;}">
                    <Coords points="1780,2499 1780,2559 1822,2559 1822,2499"/>
                    <TextEquiv>
                        <Unicode>es</Unicode>
                    </TextEquiv>
                </Word>
                <Word id="tr_2_tl_35_w4" custom="readingOrder {index:3;}">
                    <Coords points="1883,2498 1883,2558 1990,2558 1990,2498"/>
                    <TextEquiv>
                        <Unicode>nicht</Unicode>
                    </TextEquiv>
                </Word>
                <Word id="tr_2_tl_35_w5" custom="readingOrder {index:4;}">
                    <Coords points="2039,2497 2039,2557 2153,2557 2153,2497"/>
                    <TextEquiv>
                        <Unicode>mehr</Unicode>
                    </TextEquiv>
                </Word>
                <TextEquiv>
                    <Unicode>Hausarzt gelang es nicht mehr</Unicode>
                </TextEquiv>
            </TextLine>
            <TextLine id="tr_2_tl_36" custom="readingOrder {index:35;}">
                <Coords points="2199,2589 3057,2592 3057,2546 2984,2539 2199,2539"/>
                <Baseline points="2218,2576 2260,2582 2302,2579 2345,2582 2387,2582 2430,2582 2472,2582 2514,2582 2557,2582 2599,2580 2642,2579 2684,2580 2726,2581 2769,2579 2811,2580 2854,2582 2896,2582 2938,2582 2981,2582 3023,2582 3066,2585"/>
                <Word id="tr_2_tl_36_w1" custom="readingOrder {index:0;}">
                    <Coords points="2206,2539 2206,2599 2384,2599 2384,2539"/>
                    <TextEquiv>
                        <Unicode>Schicksale,</Unicode>
                    </TextEquiv>
                </Word>
                <Word id="tr_2_tl_36_w2" custom="readingOrder {index:1;}">
                    <Coords points="2402,2542 2402,2602 2459,2602 2459,2542"/>
                    <TextEquiv>
                        <Unicode>ließ</Unicode>
                    </TextEquiv>
                </Word>
                <Word id="tr_2_tl_36_w3" custom="readingOrder {index:2;}">
                    <Coords points="2489,2541 2489,2601 2655,2601 2655,2541"/>
                    <TextEquiv>
                        <Unicode>Schnitzler</Unicode>
                    </TextEquiv>
                </Word>
                <Word id="tr_2_tl_36_w4" custom="readingOrder {index:3;}">
                    <Coords points="2685,2540 2685,2600 2719,2600 2719,2540"/>
                    <TextEquiv>
                        <Unicode>an</Unicode>
                    </TextEquiv>
                </Word>
                <Word id="tr_2_tl_36_w5" custom="readingOrder {index:4;}">
                    <Coords points="2748,2539 2748,2599 2800,2599 2800,2539"/>
                    <TextEquiv>
                        <Unicode>sich</Unicode>
                    </TextEquiv>
                </Word>
                <Word id="tr_2_tl_36_w6" custom="readingOrder {index:5;}">
                    <Coords points="2830,2542 2830,2602 3059,2602 3059,2542"/>
                    <TextEquiv>
                        <Unicode>vorbeiziehen.</Unicode>
                    </TextEquiv>
                </Word>
                <TextEquiv>
                    <Unicode>Schicksale, ließ Schnitzler an sich vorbeiziehen.</Unicode>
                </TextEquiv>
            </TextLine>
            <TextLine id="tr_2_tl_37" custom="readingOrder {index:36;}">
                <Coords points="1309,2612 2173,2612 2173,2546 1309,2556"/>
                <Baseline points="1328,2603 1370,2600 1413,2600 1456,2600 1498,2600 1541,2600 1584,2600 1626,2598 1669,2597 1712,2597 1755,2597 1797,2598 1840,2599 1883,2596 1925,2594 1968,2594 2011,2594 2053,2594 2096,2594 2139,2591 2182,2591"/>
                <Word id="tr_2_tl_37_w1" custom="readingOrder {index:0;}">
                    <Coords points="1317,2560 1317,2620 1455,2620 1455,2560"/>
                    <TextEquiv>
                        <Unicode>Artur</Unicode>
                    </TextEquiv>
                </Word>
                <Word id="tr_2_tl_37_w2" custom="readingOrder {index:1;}">
                    <Coords points="1498,2558 1498,2618 1721,2618 1721,2558"/>
                    <TextEquiv>
                        <Unicode>Schnitzler</Unicode>
                    </TextEquiv>
                </Word>
                <Word id="tr_2_tl_37_w3" custom="readingOrder {index:2;}">
                    <Coords points="1764,2558 1764,2618 1921,2618 1921,2558"/>
                    <TextEquiv>
                        <Unicode>wieder</Unicode>
                    </TextEquiv>
                </Word>
                <Word id="tr_2_tl_37_w4" custom="readingOrder {index:3;}">
                    <Coords points="1964,2554 1964,2614 2036,2614 2036,2554"/>
                    <TextEquiv>
                        <Unicode>zum</Unicode>
                    </TextEquiv>
                </Word>
                <Word id="tr_2_tl_37_w5" custom="readingOrder {index:4;}">
                    <Coords points="2097,2551 2097,2611 2175,2611 2175,2551"/>
                    <TextEquiv>
                        <Unicode>Be¬</Unicode>
                    </TextEquiv>
                </Word>
                <TextEquiv>
                    <Unicode>Artur Schnitzler wieder zum Be¬</Unicode>
                </TextEquiv>
            </TextLine>
            <TextLine id="tr_2_tl_38" custom="readingOrder {index:37;}">
                <Coords points="2199,2635 3060,2635 3060,2592 3024,2585 2199,2589"/>
                <Baseline points="2218,2624 2260,2624 2303,2624 2345,2624 2388,2626 2430,2627 2473,2627 2515,2627 2558,2625 2600,2624 2643,2624 2686,2624 2728,2624 2771,2624 2813,2624 2856,2625 2898,2627 2941,2627 2983,2627 3026,2624 3069,2624"/>
                <Word id="tr_2_tl_38_w1" custom="readingOrder {index:0;}">
                    <Coords points="2205,2584 2205,2644 2249,2644 2249,2584"/>
                    <TextEquiv>
                        <Unicode>Er</Unicode>
                    </TextEquiv>
                </Word>
                <Word id="tr_2_tl_38_w2" custom="readingOrder {index:1;}">
                    <Coords points="2271,2584 2271,2644 2315,2644 2315,2584"/>
                    <TextEquiv>
                        <Unicode>saß</Unicode>
                    </TextEquiv>
                </Word>
                <Word id="tr_2_tl_38_w3" custom="readingOrder {index:2;}">
                    <Coords points="2349,2585 2349,2645 2403,2645 2403,2585"/>
                    <TextEquiv>
                        <Unicode>auf</Unicode>
                    </TextEquiv>
                </Word>
                <Word id="tr_2_tl_38_w4" custom="readingOrder {index:3;}">
                    <Coords points="2432,2587 2432,2647 2515,2647 2515,2587"/>
                    <TextEquiv>
                        <Unicode>einer</Unicode>
                    </TextEquiv>
                </Word>
                <Word id="tr_2_tl_38_w5" custom="readingOrder {index:4;}">
                    <Coords points="2543,2584 2543,2644 2647,2644 2647,2584"/>
                    <TextEquiv>
                        <Unicode>Bank,</Unicode>
                    </TextEquiv>
                </Word>
                <Word id="tr_2_tl_38_w6" custom="readingOrder {index:5;}">
                    <Coords points="2670,2584 2670,2644 2752,2644 2752,2584"/>
                    <TextEquiv>
                        <Unicode>Laub</Unicode>
                    </TextEquiv>
                </Word>
                <Word id="tr_2_tl_38_w7" custom="readingOrder {index:6;}">
                    <Coords points="2781,2584 2781,2644 2897,2644 2897,2584"/>
                    <TextEquiv>
                        <Unicode>mochte</Unicode>
                    </TextEquiv>
                </Word>
                <Word id="tr_2_tl_38_w8" custom="readingOrder {index:7;}">
                    <Coords points="2920,2587 2920,2647 2974,2647 2974,2587"/>
                    <TextEquiv>
                        <Unicode>auf</Unicode>
                    </TextEquiv>
                </Word>
                <Word id="tr_2_tl_38_w9" custom="readingOrder {index:8;}">
                    <Coords points="3002,2584 3002,2644 3046,2644 3046,2584"/>
                    <TextEquiv>
                        <Unicode>ihn</Unicode>
                    </TextEquiv>
                </Word>
                <TextEquiv>
                    <Unicode>Er saß auf einer Bank, Laub mochte auf ihn</Unicode>
                </TextEquiv>
            </TextLine>
            <TextLine id="tr_2_tl_39" custom="readingOrder {index:38;}">
                <Coords points="1303,2678 2163,2668 2163,2608 2087,2595 1804,2622 1303,2605"/>
                <Baseline points="1319,2660 1361,2657 1404,2657 1447,2657 1489,2659 1532,2660 1575,2658 1617,2657 1660,2655 1703,2656 1746,2656 1788,2654 1831,2654 1874,2654 1916,2654 1959,2654 2002,2654 2044,2654 2087,2654 2130,2651 2173,2648"/>
                <Word id="tr_2_tl_39_w1" custom="readingOrder {index:0;}">
                    <Coords points="1312,2617 1312,2677 1515,2677 1515,2617"/>
                    <TextEquiv>
                        <Unicode>wußtsein</Unicode>
                    </TextEquiv>
                </Word>
                <Word id="tr_2_tl_39_w2" custom="readingOrder {index:1;}">
                    <Coords points="1548,2618 1548,2678 1587,2678 1587,2618"/>
                    <TextEquiv>
                        <Unicode>zu</Unicode>
                    </TextEquiv>
                </Word>
                <Word id="tr_2_tl_39_w3" custom="readingOrder {index:2;}">
                    <Coords points="1620,2616 1620,2676 1817,2676 1817,2616"/>
                    <TextEquiv>
                        <Unicode>bringen.</Unicode>
                    </TextEquiv>
                </Word>
                <Word id="tr_2_tl_39_w4" custom="readingOrder {index:3;}">
                    <Coords points="1837,2614 1837,2674 1935,2674 1935,2614"/>
                    <TextEquiv>
                        <Unicode>Nach</Unicode>
                    </TextEquiv>
                </Word>
                <Word id="tr_2_tl_39_w5" custom="readingOrder {index:4;}">
                    <Coords points="1969,2614 1969,2674 2145,2674 2145,2614"/>
                    <TextEquiv>
                        <Unicode>sieben</Unicode>
                    </TextEquiv>
                </Word>
                <TextEquiv>
                    <Unicode>wußtsein zu bringen. Nach sieben</Unicode>
                </TextEquiv>
            </TextLine>
            <TextLine id="tr_2_tl_40" custom="readingOrder {index:39;}">
                <Coords points="2190,2681 2697,2671 2809,2697 2836,2671 3060,2674 3060,2635 3021,2631 2190,2638"/>
                <Baseline points="2209,2669 2252,2669 2295,2669 2338,2672 2381,2669 2424,2669 2467,2669 2510,2671 2553,2670 2596,2669 2639,2669 2682,2669 2725,2669 2768,2669 2811,2669 2854,2669 2897,2669 2940,2669 2983,2669 3026,2669 3069,2672"/>
                <Word id="tr_2_tl_40_w1" custom="readingOrder {index:0;}">
                    <Coords points="2196,2629 2196,2689 2328,2689 2328,2629"/>
                    <TextEquiv>
                        <Unicode>gefallen</Unicode>
                    </TextEquiv>
                </Word>
                <Word id="tr_2_tl_40_w2" custom="readingOrder {index:1;}">
                    <Coords points="2384,2629 2384,2689 2444,2689 2444,2629"/>
                    <TextEquiv>
                        <Unicode>sein</Unicode>
                    </TextEquiv>
                </Word>
                <Word id="tr_2_tl_40_w3" custom="readingOrder {index:2;}">
                    <Coords points="2505,2630 2505,2690 2565,2690 2565,2630"/>
                    <TextEquiv>
                        <Unicode>und</Unicode>
                    </TextEquiv>
                </Word>
                <Word id="tr_2_tl_40_w4" custom="readingOrder {index:3;}">
                    <Coords points="2610,2629 2610,2689 2654,2689 2654,2629"/>
                    <TextEquiv>
                        <Unicode>ein</Unicode>
                    </TextEquiv>
                </Word>
                <Word id="tr_2_tl_40_w5" custom="readingOrder {index:4;}">
                    <Coords points="2699,2629 2699,2689 2798,2689 2798,2629"/>
                    <TextEquiv>
                        <Unicode>wenig</Unicode>
                    </TextEquiv>
                </Word>
                <Word id="tr_2_tl_40_w6" custom="readingOrder {index:5;}">
                    <Coords points="2843,2629 2843,2689 2952,2689 2952,2629"/>
                    <TextEquiv>
                        <Unicode>Sonne</Unicode>
                    </TextEquiv>
                </Word>
                <Word id="tr_2_tl_40_w7" custom="readingOrder {index:6;}">
                    <Coords points="2997,2629 2997,2689 3046,2689 3046,2629"/>
                    <TextEquiv>
                        <Unicode>ihn</Unicode>
                    </TextEquiv>
                </Word>
                <TextEquiv>
                    <Unicode>gefallen sein und ein wenig Sonne ihn</Unicode>
                </TextEquiv>
            </TextLine>
            <TextLine id="tr_2_tl_41" custom="readingOrder {index:40;}">
                <Coords points="1303,2734 3057,2724 3057,2678 2981,2674 1303,2681"/>
                <Baseline points="1322,2719 1409,2716 1496,2716 1583,2716 1670,2713 1758,2714 1845,2713 1932,2710 2019,2710 2106,2709 2194,2707 2281,2712 2368,2711 2455,2713 2542,2713 2630,2713 2717,2713 2804,2713 2891,2713 2978,2713 3066,2710"/>
                <Word id="tr_2_tl_41_w1" custom="readingOrder {index:0;}">
                    <Coords points="1310,2676 1310,2736 1605,2736 1605,2676"/>
                    <TextEquiv>
                        <Unicode>stündiger</Unicode>
                    </TextEquiv>
                </Word>
                <Word id="tr_2_tl_41_w2" custom="readingOrder {index:1;}">
                    <Coords points="1665,2673 1665,2733 1847,2733 1847,2673"/>
                    <TextEquiv>
                        <Unicode>tiefer</Unicode>
                    </TextEquiv>
                </Word>
                <Word id="tr_2_tl_41_w3" custom="readingOrder {index:2;}">
                    <Coords points="1907,2669 1907,2729 2172,2729 2172,2669"/>
                    <TextEquiv>
                        <Unicode>Bewußt=</Unicode>
                    </TextEquiv>
                </Word>
                <Word id="tr_2_tl_41_w4" custom="readingOrder {index:3;}">
                    <Coords points="2203,2671 2203,2731 2368,2731 2368,2671"/>
                    <TextEquiv>
                        <Unicode>wärmen.</Unicode>
                    </TextEquiv>
                </Word>
                <Word id="tr_2_tl_41_w5" custom="readingOrder {index:4;}">
                    <Coords points="2410,2672 2410,2732 2480,2732 2480,2672"/>
                    <TextEquiv>
                        <Unicode>Der</Unicode>
                    </TextEquiv>
                </Word>
                <Word id="tr_2_tl_41_w6" custom="readingOrder {index:5;}">
                    <Coords points="2510,2673 2510,2733 2628,2733 2628,2673"/>
                    <TextEquiv>
                        <Unicode>Reigen</Unicode>
                    </TextEquiv>
                </Word>
                <Word id="tr_2_tl_41_w7" custom="readingOrder {index:6;}">
                    <Coords points="2688,2673 2688,2733 2781,2733 2781,2673"/>
                    <TextEquiv>
                        <Unicode>seines</Unicode>
                    </TextEquiv>
                </Word>
                <Word id="tr_2_tl_41_w8" custom="readingOrder {index:7;}">
                    <Coords points="2836,2673 2836,2733 2953,2733 2953,2673"/>
                    <TextEquiv>
                        <Unicode>Lebens</Unicode>
                    </TextEquiv>
                </Word>
                <Word id="tr_2_tl_41_w9" custom="readingOrder {index:8;}">
                    <Coords points="2995,2671 2995,2731 3053,2731 3053,2671"/>
                    <TextEquiv>
                        <Unicode>und</Unicode>
                    </TextEquiv>
                </Word>
                <TextEquiv>
                    <Unicode>stündiger tiefer Bewußt= wärmen. Der Reigen seines Lebens und</Unicode>
                </TextEquiv>
            </TextLine>
            <TextLine id="tr_2_tl_42" custom="readingOrder {index:41;}">
                <Coords points="2206,2757 3060,2767 3060,2720 2968,2714 2206,2717"/>
                <Baseline points="2224,2755 2266,2755 2308,2755 2350,2755 2392,2755 2434,2755 2476,2755 2518,2755 2560,2757 2602,2757 2645,2755 2687,2755 2729,2756 2771,2758 2813,2758 2855,2755 2897,2758 2939,2758 2981,2755 3023,2755 3066,2758"/>
                <Word id="tr_2_tl_42_w1" custom="readingOrder {index:0;}">
                    <Coords points="2201,2715 2201,2775 2293,2775 2293,2715"/>
                    <TextEquiv>
                        <Unicode>seines</Unicode>
                    </TextEquiv>
                </Word>
                <Word id="tr_2_tl_42_w2" custom="readingOrder {index:1;}">
                    <Coords points="2346,2715 2346,2775 2476,2775 2476,2715"/>
                    <TextEquiv>
                        <Unicode>Werkes</Unicode>
                    </TextEquiv>
                </Word>
                <Word id="tr_2_tl_42_w3" custom="readingOrder {index:2;}">
                    <Coords points="2523,2717 2523,2777 2626,2777 2626,2717"/>
                    <TextEquiv>
                        <Unicode>tanzte</Unicode>
                    </TextEquiv>
                </Word>
                <Word id="tr_2_tl_42_w4" custom="readingOrder {index:3;}">
                    <Coords points="2664,2715 2664,2775 2704,2775 2704,2715"/>
                    <TextEquiv>
                        <Unicode>an</Unicode>
                    </TextEquiv>
                </Word>
                <Word id="tr_2_tl_42_w5" custom="readingOrder {index:4;}">
                    <Coords points="2747,2718 2747,2778 2798,2778 2798,2718"/>
                    <TextEquiv>
                        <Unicode>ihm</Unicode>
                    </TextEquiv>
                </Word>
                <Word id="tr_2_tl_42_w6" custom="readingOrder {index:5;}">
                    <Coords points="2856,2718 2856,2778 2964,2778 2964,2718"/>
                    <TextEquiv>
                        <Unicode>vorbei</Unicode>
                    </TextEquiv>
                </Word>
                <Word id="tr_2_tl_42_w7" custom="readingOrder {index:6;}">
                    <Coords points="3001,2715 3001,2775 3053,2775 3053,2715"/>
                    <TextEquiv>
                        <Unicode>ins</Unicode>
                    </TextEquiv>
                </Word>
                <TextEquiv>
                    <Unicode>seines Werkes tanzte an ihm vorbei ins</Unicode>
                </TextEquiv>
            </TextLine>
            <TextLine id="tr_2_tl_43" custom="readingOrder {index:42;}">
                <Coords points="1303,2780 2163,2780 2163,2724 2054,2717 1303,2727"/>
                <Baseline points="1319,2776 1361,2776 1404,2774 1447,2775 1489,2776 1532,2776 1575,2774 1617,2773 1660,2771 1703,2770 1746,2770 1788,2770 1831,2770 1874,2770 1916,2770 1959,2770 2002,2769 2044,2767 2087,2767 2130,2770 2173,2767"/>
                <Word id="tr_2_tl_43_w1" custom="readingOrder {index:0;}">
                    <Coords points="1305,2735 1305,2795 1593,2795 1593,2735"/>
                    <TextEquiv>
                        <Unicode>losigkeit</Unicode>
                    </TextEquiv>
                </Word>
                <Word id="tr_2_tl_43_w2" custom="readingOrder {index:1;}">
                    <Coords points="1626,2730 1626,2790 1741,2790 1741,2730"/>
                    <TextEquiv>
                        <Unicode>hörte</Unicode>
                    </TextEquiv>
                </Word>
                <Word id="tr_2_tl_43_w3" custom="readingOrder {index:2;}">
                    <Coords points="1774,2730 1774,2790 1908,2790 1908,2730"/>
                    <TextEquiv>
                        <Unicode>Artur</Unicode>
                    </TextEquiv>
                </Word>
                <Word id="tr_2_tl_43_w4" custom="readingOrder {index:3;}">
                    <Coords points="1947,2727 1947,2787 2164,2787 2164,2727"/>
                    <TextEquiv>
                        <Unicode>Schnitzlei</Unicode>
                    </TextEquiv>
                </Word>
                <TextEquiv>
                    <Unicode>losigkeit hörte Artur Schnitzlei</Unicode>
                </TextEquiv>
            </TextLine>
            <TextLine id="tr_2_tl_44" custom="readingOrder {index:43;}">
                <Coords points="2196,2809 2984,2809 2984,2767 2935,2763 2516,2780 2496,2760 2196,2757"/>
                <Baseline points="2215,2800 2253,2800 2292,2802 2330,2801 2369,2800 2408,2800 2446,2800 2485,2800 2524,2803 2562,2801 2601,2800 2640,2800 2678,2800 2717,2800 2756,2800 2794,2800 2833,2800 2872,2802 2910,2801 2949,2800 2988,2800"/>
                <Word id="tr_2_tl_44_w1" custom="readingOrder {index:0;}">
                    <Coords points="2202,2760 2202,2820 2342,2820 2342,2760"/>
                    <TextEquiv>
                        <Unicode>Dunkle,</Unicode>
                    </TextEquiv>
                </Word>
                <Word id="tr_2_tl_44_w2" custom="readingOrder {index:1;}">
                    <Coords points="2370,2760 2370,2820 2396,2820 2396,2760"/>
                    <TextEquiv>
                        <Unicode>in</Unicode>
                    </TextEquiv>
                </Word>
                <Word id="tr_2_tl_44_w3" custom="readingOrder {index:2;}">
                    <Coords points="2435,2760 2435,2820 2488,2820 2488,2760"/>
                    <TextEquiv>
                        <Unicode>das</Unicode>
                    </TextEquiv>
                </Word>
                <Word id="tr_2_tl_44_w4" custom="readingOrder {index:3;}">
                    <Coords points="2521,2762 2521,2822 2553,2822 2553,2762"/>
                    <TextEquiv>
                        <Unicode>er</Unicode>
                    </TextEquiv>
                </Word>
                <Word id="tr_2_tl_44_w5" custom="readingOrder {index:4;}">
                    <Coords points="2586,2760 2586,2820 2646,2820 2646,2760"/>
                    <TextEquiv>
                        <Unicode>nun</Unicode>
                    </TextEquiv>
                </Word>
                <Word id="tr_2_tl_44_w6" custom="readingOrder {index:5;}">
                    <Coords points="2684,2760 2684,2820 2781,2820 2781,2760"/>
                    <TextEquiv>
                        <Unicode>selber</Unicode>
                    </TextEquiv>
                </Word>
                <Word id="tr_2_tl_44_w7" custom="readingOrder {index:6;}">
                    <Coords points="2820,2761 2820,2821 2960,2821 2960,2761"/>
                    <TextEquiv>
                        <Unicode>gesunken</Unicode>
                    </TextEquiv>
                </Word>
                <TextEquiv>
                    <Unicode>Dunkle, in das er nun selber gesunken</Unicode>
                </TextEquiv>
            </TextLine>
            <TextLine id="tr_2_tl_45" custom="readingOrder {index:44;}">
                <Coords points="1303,2866 2170,2839 2147,2783 1306,2793"/>
                <Baseline points="1325,2839 1367,2836 1410,2834 1453,2833 1495,2833 1538,2833 1581,2833 1623,2831 1666,2832 1709,2831 1752,2830 1794,2830 1837,2830 1880,2831 1922,2832 1965,2830 2008,2830 2050,2830 2093,2830 2136,2827 2179,2824"/>
                <Word id="tr_2_tl_45_w1" custom="readingOrder {index:0;}">
                    <Coords points="1312,2795 1312,2855 1430,2855 1430,2795"/>
                    <TextEquiv>
                        <Unicode>gegen</Unicode>
                    </TextEquiv>
                </Word>
                <Word id="tr_2_tl_45_w2" custom="readingOrder {index:1;}">
                    <Coords points="1476,2793 1476,2853 1528,2853 1528,2793"/>
                    <TextEquiv>
                        <Unicode>47</Unicode>
                    </TextEquiv>
                </Word>
                <Word id="tr_2_tl_45_w3" custom="readingOrder {index:2;}">
                    <Coords points="1555,2792 1555,2852 1639,2852 1639,2792"/>
                    <TextEquiv>
                        <Unicode>Uhr</Unicode>
                    </TextEquiv>
                </Word>
                <Word id="tr_2_tl_45_w4" custom="readingOrder {index:3;}">
                    <Coords points="1666,2790 1666,2850 1817,2850 1817,2790"/>
                    <TextEquiv>
                        <Unicode>abends</Unicode>
                    </TextEquiv>
                </Word>
                <Word id="tr_2_tl_45_w5" custom="readingOrder {index:4;}">
                    <Coords points="1851,2791 1851,2851 1929,2851 1929,2791"/>
                    <TextEquiv>
                        <Unicode>auf</Unicode>
                    </TextEquiv>
                </Word>
                <Word id="tr_2_tl_45_w6" custom="readingOrder {index:5;}">
                    <Coords points="1949,2790 1949,2850 1988,2850 1988,2790"/>
                    <TextEquiv>
                        <Unicode>zu</Unicode>
                    </TextEquiv>
                </Word>
                <Word id="tr_2_tl_45_w7" custom="readingOrder {index:6;}">
                    <Coords points="2021,2789 2021,2849 2171,2849 2171,2789"/>
                    <TextEquiv>
                        <Unicode>atmen.</Unicode>
                    </TextEquiv>
                </Word>
                <TextEquiv>
                    <Unicode>gegen 47 Uhr abends auf zu atmen.</Unicode>
                </TextEquiv>
            </TextLine>
            <TextLine id="tr_2_tl_46" custom="readingOrder {index:45;}">
                <Coords points="2196,2849 3057,2856 3057,2763 2872,2819 2196,2806"/>
                <Baseline points="2215,2842 2257,2845 2300,2845 2342,2845 2385,2845 2427,2845 2470,2845 2512,2845 2555,2843 2597,2844 2640,2845 2683,2844 2725,2843 2768,2845 2810,2846 2853,2847 2895,2845 2938,2845 2980,2845 3023,2845 3066,2845"/>
                <Word id="tr_2_tl_46_w1" custom="readingOrder {index:0;}">
                    <Coords points="2208,2804 2208,2864 2283,2864 2283,2804"/>
                    <TextEquiv>
                        <Unicode>Voll</Unicode>
                    </TextEquiv>
                </Word>
                <Word id="tr_2_tl_46_w2" custom="readingOrder {index:1;}">
                    <Coords points="2315,2805 2315,2865 2544,2865 2544,2805"/>
                    <TextEquiv>
                        <Unicode>sinnbildlicher</Unicode>
                    </TextEquiv>
                </Word>
                <Word id="tr_2_tl_46_w3" custom="readingOrder {index:2;}">
                    <Coords points="2583,2804 2583,2864 2682,2864 2682,2804"/>
                    <TextEquiv>
                        <Unicode>Kraft</Unicode>
                    </TextEquiv>
                </Word>
                <Word id="tr_2_tl_46_w4" custom="readingOrder {index:3;}">
                    <Coords points="2721,2804 2721,2864 2790,2864 2790,2804"/>
                    <TextEquiv>
                        <Unicode>war</Unicode>
                    </TextEquiv>
                </Word>
                <Word id="tr_2_tl_46_w5" custom="readingOrder {index:4;}">
                    <Coords points="2813,2806 2813,2866 2866,2866 2866,2806"/>
                    <TextEquiv>
                        <Unicode>es,</Unicode>
                    </TextEquiv>
                </Word>
                <Word id="tr_2_tl_46_w6" custom="readingOrder {index:5;}">
                    <Coords points="2897,2805 2897,2865 2981,2865 2981,2805"/>
                    <TextEquiv>
                        <Unicode>wenn</Unicode>
                    </TextEquiv>
                </Word>
                <Word id="tr_2_tl_46_w7" custom="readingOrder {index:6;}">
                    <Coords points="3020,2805 3020,2865 3049,2865 3049,2805"/>
                    <TextEquiv>
                        <Unicode>in</Unicode>
                    </TextEquiv>
                </Word>
                <TextEquiv>
                    <Unicode>Voll sinnbildlicher Kraft war es, wenn in</Unicode>
                </TextEquiv>
            </TextLine>
            <TextLine id="tr_2_tl_47" custom="readingOrder {index:46;}">
                <Coords points="2196,2895 3060,2899 3060,2859 3030,2852 2196,2852"/>
                <Baseline points="2215,2886 2257,2886 2300,2886 2343,2886 2385,2886 2428,2888 2471,2889 2513,2889 2556,2887 2599,2886 2642,2888 2684,2888 2727,2887 2770,2889 2812,2888 2855,2887 2898,2889 2940,2889 2983,2889 3026,2889 3069,2886"/>
                <Word id="tr_2_tl_47_w1" custom="readingOrder {index:0;}">
                    <Coords points="2202,2846 2202,2906 2288,2906 2288,2846"/>
                    <TextEquiv>
                        <Unicode>einem</Unicode>
                    </TextEquiv>
                </Word>
                <Word id="tr_2_tl_47_w2" custom="readingOrder {index:1;}">
                    <Coords points="2326,2846 2326,2906 2418,2906 2418,2846"/>
                    <TextEquiv>
                        <Unicode>dieser</Unicode>
                    </TextEquiv>
                </Word>
                <Word id="tr_2_tl_47_w3" custom="readingOrder {index:2;}">
                    <Coords points="2445,2849 2445,2909 2537,2909 2537,2849"/>
                    <TextEquiv>
                        <Unicode>letzten</Unicode>
                    </TextEquiv>
                </Word>
                <Word id="tr_2_tl_47_w4" custom="readingOrder {index:3;}">
                    <Coords points="2570,2848 2570,2908 2765,2908 2765,2848"/>
                    <TextEquiv>
                        <Unicode>Schauspiele</Unicode>
                    </TextEquiv>
                </Word>
                <Word id="tr_2_tl_47_w5" custom="readingOrder {index:4;}">
                    <Coords points="2793,2847 2793,2907 2835,2907 2835,2847"/>
                    <TextEquiv>
                        <Unicode>die</Unicode>
                    </TextEquiv>
                </Word>
                <Word id="tr_2_tl_47_w6" custom="readingOrder {index:5;}">
                    <Coords points="2858,2849 2858,2909 3046,2909 3046,2849"/>
                    <TextEquiv>
                        <Unicode>Aufhörerin</Unicode>
                    </TextEquiv>
                </Word>
                <TextEquiv>
                    <Unicode>einem dieser letzten Schauspiele die Aufhörerin</Unicode>
                </TextEquiv>
            </TextLine>
            <TextLine id="tr_2_tl_48" custom="readingOrder {index:47;}">
                <Coords points="1345,2908 2166,2905 2143,2836 1955,2862 1345,2856"/>
                <Baseline points="1364,2901 1404,2898 1444,2898 1485,2898 1525,2898 1566,2898 1606,2898 1647,2898 1687,2898 1728,2898 1768,2895 1808,2898 1849,2898 1889,2898 1930,2898 1970,2897 2011,2895 2051,2895 2092,2895 2132,2895 2173,2892"/>
                <Word id="tr_2_tl_48_w1" custom="readingOrder {index:0;}">
                    <Coords points="1353,2858 1353,2918 1486,2918 1486,2858"/>
                    <TextEquiv>
                        <Unicode>Artur</Unicode>
                    </TextEquiv>
                </Word>
                <Word id="tr_2_tl_48_w2" custom="readingOrder {index:1;}">
                    <Coords points="1542,2858 1542,2918 1912,2918 1912,2858"/>
                    <TextEquiv>
                        <Unicode>Schnitzler,</Unicode>
                    </TextEquiv>
                </Word>
                <Word id="tr_2_tl_48_w3" custom="readingOrder {index:2;}">
                    <Coords points="1968,2855 1968,2915 2040,2915 2040,2855"/>
                    <TextEquiv>
                        <Unicode>der</Unicode>
                    </TextEquiv>
                </Word>
                <Word id="tr_2_tl_48_w4" custom="readingOrder {index:3;}">
                    <Coords points="2108,2855 2108,2915 2144,2915 2144,2855"/>
                    <TextEquiv>
                        <Unicode>in</Unicode>
                    </TextEquiv>
                </Word>
                <TextEquiv>
                    <Unicode>Artur Schnitzler, der in</Unicode>
                </TextEquiv>
            </TextLine>
            <TextLine id="tr_2_tl_49" custom="readingOrder {index:48;}">
                <Coords points="2196,2938 2945,2945 2945,2905 2852,2889 2720,2912 2196,2895"/>
                <Baseline points="2215,2928 2251,2928 2288,2930 2325,2931 2362,2931 2399,2931 2436,2931 2472,2933 2509,2932 2546,2931 2583,2931 2620,2931 2657,2934 2694,2932 2730,2933 2767,2933 2804,2931 2841,2931 2878,2933 2915,2932 2952,2931"/>
                <Word id="tr_2_tl_49_w1" custom="readingOrder {index:0;}">
                    <Coords points="2201,2888 2201,2948 2252,2948 2252,2888"/>
                    <TextEquiv>
                        <Unicode>die</Unicode>
                    </TextEquiv>
                </Word>
                <Word id="tr_2_tl_49_w2" custom="readingOrder {index:1;}">
                    <Coords points="2289,2891 2289,2951 2484,2951 2484,2891"/>
                    <TextEquiv>
                        <Unicode>Beginnerin</Unicode>
                    </TextEquiv>
                </Word>
                <Word id="tr_2_tl_49_w3" custom="readingOrder {index:2;}">
                    <Coords points="2526,2891 2526,2951 2691,2951 2691,2891"/>
                    <TextEquiv>
                        <Unicode>umarmte</Unicode>
                    </TextEquiv>
                </Word>
                <Word id="tr_2_tl_49_w4" custom="readingOrder {index:3;}">
                    <Coords points="2733,2893 2733,2953 2794,2953 2794,2893"/>
                    <TextEquiv>
                        <Unicode>und</Unicode>
                    </TextEquiv>
                </Word>
                <Word id="tr_2_tl_49_w5" custom="readingOrder {index:4;}">
                    <Coords points="2836,2892 2836,2952 2923,2952 2923,2892"/>
                    <TextEquiv>
                        <Unicode>küßte</Unicode>
                    </TextEquiv>
                </Word>
                <TextEquiv>
                    <Unicode>die Beginnerin umarmte und küßte</Unicode>
                </TextEquiv>
            </TextLine>
            <TextLine id="tr_2_tl_50" custom="readingOrder {index:49;}">
                <Coords points="1306,2978 2170,2968 2170,2905 2107,2895 1415,2931 1306,2902"/>
                <Baseline points="1325,2955 1367,2958 1410,2958 1453,2958 1495,2958 1538,2958 1581,2958 1623,2958 1666,2956 1709,2955 1752,2957 1794,2958 1837,2958 1880,2957 1922,2955 1965,2955 2008,2954 2050,2952 2093,2952 2136,2952 2179,2955"/>
                <Word id="tr_2_tl_50_w1" custom="readingOrder {index:0;}">
                    <Coords points="1315,2916 1315,2976 1388,2976 1388,2916"/>
                    <TextEquiv>
                        <Unicode>70.</Unicode>
                    </TextEquiv>
                </Word>
                <Word id="tr_2_tl_50_w2" custom="readingOrder {index:1;}">
                    <Coords points="1435,2918 1435,2978 1693,2978 1693,2918"/>
                    <TextEquiv>
                        <Unicode>Lebensjahr</Unicode>
                    </TextEquiv>
                </Word>
                <Word id="tr_2_tl_50_w3" custom="readingOrder {index:2;}">
                    <Coords points="1747,2918 1747,2978 1886,2978 1886,2918"/>
                    <TextEquiv>
                        <Unicode>stand,</Unicode>
                    </TextEquiv>
                </Word>
                <Word id="tr_2_tl_50_w4" custom="readingOrder {index:3;}">
                    <Coords points="1933,2912 1933,2972 2138,2972 2138,2912"/>
                    <TextEquiv>
                        <Unicode>hinterläß</Unicode>
                    </TextEquiv>
                </Word>
                <TextEquiv>
                    <Unicode>70. Lebensjahr stand, hinterläß</Unicode>
                </TextEquiv>
            </TextLine>
            <TextLine id="tr_2_tl_51" custom="readingOrder {index:50;}">
                <Coords points="2190,2981 2467,3017 3060,2994 3060,2945 3021,2931 2819,2928 2776,2955 2724,2931 2190,2935"/>
                <Baseline points="2209,2973 2251,2973 2294,2976 2337,2976 2380,2978 2423,2979 2466,2979 2508,2979 2551,2977 2594,2976 2637,2978 2680,2979 2723,2979 2766,2978 2808,2977 2851,2979 2894,2979 2937,2979 2980,2979 3023,2979 3066,2976"/>
                <Word id="tr_2_tl_51_w1" custom="readingOrder {index:0;}">
                    <Coords points="2198,2934 2198,2994 2336,2994 2336,2934"/>
                    <TextEquiv>
                        <Unicode>begrüßt</Unicode>
                    </TextEquiv>
                </Word>
                <Word id="tr_2_tl_51_w2" custom="readingOrder {index:1;}">
                    <Coords points="2373,2938 2373,2998 2427,2998 2427,2938"/>
                    <TextEquiv>
                        <Unicode>das</Unicode>
                    </TextEquiv>
                </Word>
                <Word id="tr_2_tl_51_w3" custom="readingOrder {index:2;}">
                    <Coords points="2470,2936 2470,2996 2639,2996 2639,2936"/>
                    <TextEquiv>
                        <Unicode>scheidende</Unicode>
                    </TextEquiv>
                </Word>
                <Word id="tr_2_tl_51_w4" custom="readingOrder {index:3;}">
                    <Coords points="2664,2939 2664,2999 2760,2999 2760,2939"/>
                    <TextEquiv>
                        <Unicode>Leben</Unicode>
                    </TextEquiv>
                </Word>
                <Word id="tr_2_tl_51_w5" custom="readingOrder {index:4;}">
                    <Coords points="2790,2937 2790,2997 2844,2997 2844,2937"/>
                    <TextEquiv>
                        <Unicode>das</Unicode>
                    </TextEquiv>
                </Word>
                <Word id="tr_2_tl_51_w6" custom="readingOrder {index:5;}">
                    <Coords points="2876,2939 2876,2999 3056,2999 3056,2939"/>
                    <TextEquiv>
                        <Unicode>komm.nde</Unicode>
                    </TextEquiv>
                </Word>
                <TextEquiv>
                    <Unicode>begrüßt das scheidende Leben das komm.nde</Unicode>
                </TextEquiv>
            </TextLine>
            <TextLine id="tr_2_tl_52" custom="readingOrder {index:51;}">
                <Coords points="1303,3037 2166,3021 2166,2968 2104,2964 1916,2958 1870,2984 1721,2958 1616,2994 1576,2968 1457,2991 1303,2968"/>
                <Baseline points="1322,3018 1364,3018 1407,3018 1450,3018 1492,3018 1535,3018 1578,3018 1620,3016 1663,3015 1706,3015 1749,3014 1791,3013 1834,3015 1877,3014 1919,3012 1962,3011 2005,3010 2047,3012 2090,3012 2133,3009 2176,3009"/>
                <Word id="tr_2_tl_52_w1" custom="readingOrder {index:0;}">
                    <Coords points="1312,2978 1312,3038 1426,3038 1426,2978"/>
                    <TextEquiv>
                        <Unicode>einen</Unicode>
                    </TextEquiv>
                </Word>
                <Word id="tr_2_tl_52_w2" custom="readingOrder {index:1;}">
                    <Coords points="1472,2978 1472,3038 1612,3038 1612,2978"/>
                    <TextEquiv>
                        <Unicode>Sohn,</Unicode>
                    </TextEquiv>
                </Word>
                <Word id="tr_2_tl_52_w3" custom="readingOrder {index:2;}">
                    <Coords points="1651,2973 1651,3033 1868,3033 1868,2973"/>
                    <TextEquiv>
                        <Unicode>Heinrich,</Unicode>
                    </TextEquiv>
                </Word>
                <Word id="tr_2_tl_52_w4" custom="readingOrder {index:3;}">
                    <Coords points="1907,2971 1907,3031 1970,3031 1970,2971"/>
                    <TextEquiv>
                        <Unicode>der</Unicode>
                    </TextEquiv>
                </Word>
                <Word id="tr_2_tl_52_w5" custom="readingOrder {index:4;}">
                    <Coords points="2016,2972 2016,3032 2149,3032 2149,2972"/>
                    <TextEquiv>
                        <Unicode>derzei</Unicode>
                    </TextEquiv>
                </Word>
                <TextEquiv>
                    <Unicode>einen Sohn, Heinrich, der derzei</Unicode>
                </TextEquiv>
            </TextLine>
            <TextLine id="tr_2_tl_53" custom="readingOrder {index:52;}">
                <Coords points="2199,3047 2232,3044 2242,3050 2265,3027 2285,3027 2312,3040 2328,3037 2325,2988 2308,2991 2255,2984 2246,2991 2226,2978 2193,2981"/>
                <Baseline points="2215,3015 2244,3017 2274,3019 2304,3021 2334,3021"/>
                <Word id="tr_2_tl_53_w1" custom="readingOrder {index:0;}">
                    <Coords points="2200,2978 2200,3038 2325,3038 2325,2978"/>
                    <TextEquiv>
                        <Unicode>Leben.</Unicode>
                    </TextEquiv>
                </Word>
                <TextEquiv>
                    <Unicode>Leben.</Unicode>
                </TextEquiv>
            </TextLine>
            <TextLine id="tr_2_tl_54" custom="readingOrder {index:53;}">
                <Coords points="1303,3083 2140,3086 2170,3021 1306,3037"/>
                <Baseline points="1319,3075 1362,3075 1405,3075 1448,3075 1491,3075 1534,3075 1577,3073 1620,3074 1663,3074 1706,3072 1749,3072 1792,3072 1835,3072 1878,3072 1921,3072 1964,3071 2007,3069 2050,3069 2093,3069 2136,3069 2179,3066"/>
                <Word id="tr_2_tl_54_w1" custom="readingOrder {index:0;}">
                    <Coords points="1311,3035 1311,3095 1378,3095 1378,3035"/>
                    <TextEquiv>
                        <Unicode>als</Unicode>
                    </TextEquiv>
                </Word>
                <Word id="tr_2_tl_54_w2" custom="readingOrder {index:1;}">
                    <Coords points="1423,3033 1423,3093 1713,3093 1713,3033"/>
                    <TextEquiv>
                        <Unicode>Schauspieler</Unicode>
                    </TextEquiv>
                </Word>
                <Word id="tr_2_tl_54_w3" custom="readingOrder {index:2;}">
                    <Coords points="1757,3032 1757,3092 1831,3092 1831,3032"/>
                    <TextEquiv>
                        <Unicode>und</Unicode>
                    </TextEquiv>
                </Word>
                <Word id="tr_2_tl_54_w4" custom="readingOrder {index:3;}">
                    <Coords points="1875,3030 1875,3090 2092,3090 2092,3030"/>
                    <TextEquiv>
                        <Unicode>Regisseur</Unicode>
                    </TextEquiv>
                </Word>
                <Word id="tr_2_tl_54_w5" custom="readingOrder {index:4;}">
                    <Coords points="2129,3028 2129,3088 2166,3088 2166,3028"/>
                    <TextEquiv>
                        <Unicode>in</Unicode>
                    </TextEquiv>
                </Word>
                <TextEquiv>
                    <Unicode>als Schauspieler und Regisseur in</Unicode>
                </TextEquiv>
            </TextLine>
            <TextLine id="tr_2_tl_55" custom="readingOrder {index:54;}">
                <Coords points="2239,3086 3034,3090 3034,3037 2978,3047 2918,3001 2836,2994 2750,3037 2717,3011 2575,3034 2539,3004 2361,3050 2239,3030"/>
                <Baseline points="2257,3075 2296,3078 2335,3080 2374,3081 2414,3081 2453,3082 2492,3083 2531,3081 2571,3081 2610,3081 2649,3081 2688,3081 2728,3081 2767,3081 2806,3082 2845,3084 2885,3081 2924,3084 2963,3084 3002,3080 3042,3078"/>
                <Word id="tr_2_tl_55_w1" custom="readingOrder {index:0;}">
                    <Coords points="2242,3035 2242,3095 2293,3095 2293,3035"/>
                    <TextEquiv>
                        <Unicode>Da</Unicode>
                    </TextEquiv>
                </Word>
                <Word id="tr_2_tl_55_w2" custom="readingOrder {index:1;}">
                    <Coords points="2326,3040 2326,3100 2390,3100 2390,3040"/>
                    <TextEquiv>
                        <Unicode>war</Unicode>
                    </TextEquiv>
                </Word>
                <Word id="tr_2_tl_55_w3" custom="readingOrder {index:2;}">
                    <Coords points="2424,3041 2424,3101 2455,3101 2455,3041"/>
                    <TextEquiv>
                        <Unicode>er</Unicode>
                    </TextEquiv>
                </Word>
                <Word id="tr_2_tl_55_w4" custom="readingOrder {index:3;}">
                    <Coords points="2482,3042 2482,3102 2534,3102 2534,3042"/>
                    <TextEquiv>
                        <Unicode>der</Unicode>
                    </TextEquiv>
                </Word>
                <Word id="tr_2_tl_55_w5" custom="readingOrder {index:4;}">
                    <Coords points="2560,3041 2560,3101 2618,3101 2618,3041"/>
                    <TextEquiv>
                        <Unicode>alte</Unicode>
                    </TextEquiv>
                </Word>
                <Word id="tr_2_tl_55_w6" custom="readingOrder {index:5;}">
                    <Coords points="2646,3041 2646,3101 2769,3101 2769,3041"/>
                    <TextEquiv>
                        <Unicode>Dichter</Unicode>
                    </TextEquiv>
                </Word>
                <Word id="tr_2_tl_55_w7" custom="readingOrder {index:6;}">
                    <Coords points="2802,3043 2802,3103 2860,3103 2860,3043"/>
                    <TextEquiv>
                        <Unicode>und</Unicode>
                    </TextEquiv>
                </Word>
                <Word id="tr_2_tl_55_w8" custom="readingOrder {index:7;}">
                    <Coords points="2893,3044 2893,3104 3022,3104 3022,3044"/>
                    <TextEquiv>
                        <Unicode>nahm-</Unicode>
                    </TextEquiv>
                </Word>
                <TextEquiv>
                    <Unicode>Da war er der alte Dichter und nahm-</Unicode>
                </TextEquiv>
            </TextLine>
            <TextLine id="tr_2_tl_56" custom="readingOrder {index:55;}">
                <Coords points="2196,3129 3067,3136 3067,3096 3004,3080 2503,3100 2269,3090 2196,3057"/>
                <Baseline points="2215,3119 2258,3122 2301,3122 2344,3122 2387,3122 2430,3122 2473,3122 2516,3122 2559,3122 2602,3124 2645,3125 2688,3127 2731,3126 2774,3125 2817,3125 2860,3126 2903,3128 2946,3128 2989,3128 3032,3127 3075,3125"/>
                <Word id="tr_2_tl_56_w1" custom="readingOrder {index:0;}">
                    <Coords points="2202,3082 2202,3142 2373,3142 2373,3082"/>
                    <TextEquiv>
                        <Unicode>rührendes</Unicode>
                    </TextEquiv>
                </Word>
                <Word id="tr_2_tl_56_w2" custom="readingOrder {index:1;}">
                    <Coords points="2407,3082 2407,3142 2484,3142 2484,3082"/>
                    <TextEquiv>
                        <Unicode>Bild</Unicode>
                    </TextEquiv>
                </Word>
                <Word id="tr_2_tl_56_w3" custom="readingOrder {index:2;}">
                    <Coords points="2512,3082 2512,3142 2528,3142 2528,3082"/>
                    <TextEquiv>
                        <Unicode>—</Unicode>
                    </TextEquiv>
                </Word>
                <Word id="tr_2_tl_56_w4" custom="readingOrder {index:3;}">
                    <Coords points="2584,3085 2584,3145 2716,3145 2716,3085"/>
                    <TextEquiv>
                        <Unicode>einsam,</Unicode>
                    </TextEquiv>
                </Word>
                <Word id="tr_2_tl_56_w5" custom="readingOrder {index:4;}">
                    <Coords points="2744,3085 2744,3145 2799,3145 2799,3085"/>
                    <TextEquiv>
                        <Unicode>wie</Unicode>
                    </TextEquiv>
                </Word>
                <Word id="tr_2_tl_56_w6" custom="readingOrder {index:5;}">
                    <Coords points="2827,3085 2827,3145 2860,3145 2860,3085"/>
                    <TextEquiv>
                        <Unicode>er</Unicode>
                    </TextEquiv>
                </Word>
                <Word id="tr_2_tl_56_w7" custom="readingOrder {index:6;}">
                    <Coords points="2888,3088 2888,3148 3048,3148 3048,3088"/>
                    <TextEquiv>
                        <Unicode>geworden</Unicode>
                    </TextEquiv>
                </Word>
                <TextEquiv>
                    <Unicode>rührendes Bild — einsam, wie er geworden</Unicode>
                </TextEquiv>
            </TextLine>
            <TextLine id="tr_2_tl_57" custom="readingOrder {index:56;}">
                <Coords points="1309,3156 2170,3146 2170,3080 2124,3070 1734,3100 1309,3083"/>
                <Baseline points="1328,3134 1370,3131 1413,3131 1455,3131 1498,3131 1540,3131 1583,3131 1625,3131 1668,3131 1710,3129 1753,3128 1796,3129 1838,3130 1881,3128 1923,3128 1966,3128 2008,3128 2051,3128 2093,3125 2136,3125 2179,3122"/>
                <Word id="tr_2_tl_57_w1" custom="readingOrder {index:0;}">
                    <Coords points="1319,3091 1319,3151 1467,3151 1467,3091"/>
                    <TextEquiv>
                        <Unicode>Berlin</Unicode>
                    </TextEquiv>
                </Word>
                <Word id="tr_2_tl_57_w2" custom="readingOrder {index:1;}">
                    <Coords points="1515,3091 1515,3151 1616,3151 1616,3091"/>
                    <TextEquiv>
                        <Unicode>tütig</Unicode>
                    </TextEquiv>
                </Word>
                <Word id="tr_2_tl_57_w3" custom="readingOrder {index:2;}">
                    <Coords points="1657,3090 1657,3150 1711,3150 1711,3090"/>
                    <TextEquiv>
                        <Unicode>ist</Unicode>
                    </TextEquiv>
                </Word>
                <Word id="tr_2_tl_57_w4" custom="readingOrder {index:3;}">
                    <Coords points="1752,3088 1752,3148 1826,3148 1826,3088"/>
                    <TextEquiv>
                        <Unicode>und</Unicode>
                    </TextEquiv>
                </Word>
                <Word id="tr_2_tl_57_w5" custom="readingOrder {index:4;}">
                    <Coords points="1874,3088 1874,3148 2164,3148 2164,3088"/>
                    <TextEquiv>
                        <Unicode>telegraphisch</Unicode>
                    </TextEquiv>
                </Word>
                <TextEquiv>
                    <Unicode>Berlin tütig ist und telegraphisch</Unicode>
                </TextEquiv>
            </TextLine>
            <TextLine id="tr_2_tl_58" custom="readingOrder {index:57;}">
                <Coords points="458,3149 1283,3146 1263,3083 458,3090"/>
                <Baseline points="477,3134 517,3137 558,3137 599,3137 640,3139 680,3140 721,3140 762,3139 803,3138 843,3140 884,3140 925,3140 966,3143 1006,3141 1047,3140 1088,3140 1129,3140 1169,3139 1210,3137 1251,3137 1292,3140"/>
                <Word id="tr_2_tl_58_w1" custom="readingOrder {index:0;}">
                    <Coords points="467,3097 467,3157 635,3157 635,3097"/>
                    <TextEquiv>
                        <Unicode>Gestern</Unicode>
                    </TextEquiv>
                </Word>
                <Word id="tr_2_tl_58_w2" custom="readingOrder {index:1;}">
                    <Coords points="675,3098 675,3158 954,3158 954,3098"/>
                    <TextEquiv>
                        <Unicode>nachmittags</Unicode>
                    </TextEquiv>
                </Word>
                <Word id="tr_2_tl_58_w3" custom="readingOrder {index:2;}">
                    <Coords points="993,3100 993,3160 1064,3160 1064,3100"/>
                    <TextEquiv>
                        <Unicode>hat</Unicode>
                    </TextEquiv>
                </Word>
                <Word id="tr_2_tl_58_w4" custom="readingOrder {index:3;}">
                    <Coords points="1097,3099 1097,3159 1162,3159 1162,3099"/>
                    <TextEquiv>
                        <Unicode>der</Unicode>
                    </TextEquiv>
                </Word>
                <Word id="tr_2_tl_58_w5" custom="readingOrder {index:4;}">
                    <Coords points="1201,3097 1201,3157 1278,3157 1278,3097"/>
                    <TextEquiv>
                        <Unicode>Tot</Unicode>
                    </TextEquiv>
                </Word>
                <TextEquiv>
                    <Unicode>Gestern nachmittags hat der Tot</Unicode>
                </TextEquiv>
            </TextLine>
            <TextLine id="tr_2_tl_59" custom="readingOrder {index:58;}">
                <Coords points="2193,3172 3057,3175 3057,3136 2875,3126 2694,3149 2193,3133"/>
                <Baseline points="2212,3164 2254,3167 2297,3164 2340,3167 2382,3167 2425,3167 2468,3167 2510,3169 2553,3168 2596,3167 2639,3169 2681,3170 2724,3170 2767,3170 2809,3170 2852,3170 2895,3170 2937,3170 2980,3170 3023,3173 3066,3173"/>
                <Word id="tr_2_tl_59_w1" custom="readingOrder {index:0;}">
                    <Coords points="2198,3126 2198,3186 2285,3186 2285,3126"/>
                    <TextEquiv>
                        <Unicode>war,</Unicode>
                    </TextEquiv>
                </Word>
                <Word id="tr_2_tl_59_w2" custom="readingOrder {index:1;}">
                    <Coords points="2306,3127 2306,3187 2450,3187 2450,3127"/>
                    <TextEquiv>
                        <Unicode>Abschied</Unicode>
                    </TextEquiv>
                </Word>
                <Word id="tr_2_tl_59_w3" custom="readingOrder {index:2;}">
                    <Coords points="2482,3129 2482,3189 2538,3189 2538,3129"/>
                    <TextEquiv>
                        <Unicode>von</Unicode>
                    </TextEquiv>
                </Word>
                <Word id="tr_2_tl_59_w4" custom="readingOrder {index:3;}">
                    <Coords points="2580,3127 2580,3187 2632,3187 2632,3127"/>
                    <TextEquiv>
                        <Unicode>dem</Unicode>
                    </TextEquiv>
                </Word>
                <Word id="tr_2_tl_59_w5" custom="readingOrder {index:4;}">
                    <Coords points="2679,3130 2679,3190 2957,3190 2957,3130"/>
                    <TextEquiv>
                        <Unicode>„Zwischenspiel“</Unicode>
                    </TextEquiv>
                </Word>
                <Word id="tr_2_tl_59_w6" custom="readingOrder {index:5;}">
                    <Coords points="2999,3133 2999,3193 3050,3193 3050,3133"/>
                    <TextEquiv>
                        <Unicode>der</Unicode>
                    </TextEquiv>
                </Word>
                <TextEquiv>
                    <Unicode>war, Abschied von dem „Zwischenspiel“ der</Unicode>
                </TextEquiv>
            </TextLine>
            <TextLine id="tr_2_tl_60" custom="readingOrder {index:59;}">
                <Coords points="1309,3199 2163,3195 2163,3136 1309,3143"/>
                <Baseline points="1328,3194 1370,3191 1412,3188 1454,3188 1497,3188 1539,3188 1581,3188 1623,3188 1666,3188 1708,3186 1750,3185 1792,3185 1835,3185 1877,3185 1919,3185 1961,3185 2004,3184 2046,3182 2088,3182 2130,3182 2173,3179"/>
                <Word id="tr_2_tl_60_w1" custom="readingOrder {index:0;}">
                    <Coords points="1311,3153 1311,3213 1362,3213 1362,3153"/>
                    <TextEquiv>
                        <Unicode>an</Unicode>
                    </TextEquiv>
                </Word>
                <Word id="tr_2_tl_60_w2" custom="readingOrder {index:1;}">
                    <Coords points="1407,3148 1407,3208 1464,3208 1464,3148"/>
                    <TextEquiv>
                        <Unicode>die</Unicode>
                    </TextEquiv>
                </Word>
                <Word id="tr_2_tl_60_w3" custom="readingOrder {index:2;}">
                    <Coords points="1504,3148 1504,3208 1644,3208 1644,3148"/>
                    <TextEquiv>
                        <Unicode>Bahre</Unicode>
                    </TextEquiv>
                </Word>
                <Word id="tr_2_tl_60_w4" custom="readingOrder {index:3;}">
                    <Coords points="1678,3145 1678,3205 1805,3205 1805,3145"/>
                    <TextEquiv>
                        <Unicode>seines</Unicode>
                    </TextEquiv>
                </Word>
                <Word id="tr_2_tl_60_w5" custom="readingOrder {index:4;}">
                    <Coords points="1857,3145 1857,3205 2011,3205 2011,3145"/>
                    <TextEquiv>
                        <Unicode>Vaters</Unicode>
                    </TextEquiv>
                </Word>
                <Word id="tr_2_tl_60_w6" custom="readingOrder {index:5;}">
                    <Coords points="2057,3142 2057,3202 2145,3202 2145,3142"/>
                    <TextEquiv>
                        <Unicode>beru</Unicode>
                    </TextEquiv>
                </Word>
                <TextEquiv>
                    <Unicode>an die Bahre seines Vaters beru</Unicode>
                </TextEquiv>
            </TextLine>
            <TextLine id="tr_2_tl_61" custom="readingOrder {index:60;}">
                <Coords points="415,3212 1286,3212 1286,3146 415,3139"/>
                <Baseline points="432,3197 475,3195 518,3196 561,3197 604,3197 647,3197 690,3197 733,3197 776,3197 819,3197 862,3197 905,3197 948,3197 991,3197 1034,3196 1077,3194 1120,3194 1163,3197 1206,3197 1249,3197 1292,3194"/>
                <Word id="tr_2_tl_61_w1" custom="readingOrder {index:0;}">
                    <Coords points="425,3155 425,3215 542,3215 542,3155"/>
                    <TextEquiv>
                        <Unicode>einen</Unicode>
                    </TextEquiv>
                </Word>
                <Word id="tr_2_tl_61_w2" custom="readingOrder {index:1;}">
                    <Coords points="577,3157 577,3217 645,3217 645,3157"/>
                    <TextEquiv>
                        <Unicode>der</Unicode>
                    </TextEquiv>
                </Word>
                <Word id="tr_2_tl_61_w3" custom="readingOrder {index:2;}">
                    <Coords points="673,3157 673,3217 797,3217 797,3157"/>
                    <TextEquiv>
                        <Unicode>besten</Unicode>
                    </TextEquiv>
                </Word>
                <Word id="tr_2_tl_61_w4" custom="readingOrder {index:3;}">
                    <Coords points="839,3157 839,3217 901,3217 901,3157"/>
                    <TextEquiv>
                        <Unicode>der</Unicode>
                    </TextEquiv>
                </Word>
                <Word id="tr_2_tl_61_w5" custom="readingOrder {index:4;}">
                    <Coords points="936,3155 936,3215 1135,3215 1135,3155"/>
                    <TextEquiv>
                        <Unicode>deutschen</Unicode>
                    </TextEquiv>
                </Word>
                <Word id="tr_2_tl_61_w6" custom="readingOrder {index:5;}">
                    <Coords points="1171,3157 1171,3217 1287,3217 1287,3157"/>
                    <TextEquiv>
                        <Unicode>Dich¬</Unicode>
                    </TextEquiv>
                </Word>
                <TextEquiv>
                    <Unicode>einen der besten der deutschen Dich¬</Unicode>
                </TextEquiv>
            </TextLine>
            <TextLine id="tr_2_tl_62" custom="readingOrder {index:61;}">
                <Coords points="2196,3215 3053,3222 3053,3175 2196,3172"/>
                <Baseline points="2215,3203 2257,3209 2299,3212 2342,3209 2384,3211 2427,3210 2469,3211 2511,3212 2554,3210 2596,3211 2639,3212 2681,3212 2723,3212 2766,3212 2808,3213 2851,3215 2893,3215 2935,3215 2978,3212 3020,3212 3063,3209"/>
                <Word id="tr_2_tl_62_w1" custom="readingOrder {index:0;}">
                    <Coords points="2201,3169 2201,3229 2324,3229 2324,3169"/>
                    <TextEquiv>
                        <Unicode>Sinne,</Unicode>
                    </TextEquiv>
                </Word>
                <Word id="tr_2_tl_62_w2" custom="readingOrder {index:1;}">
                    <Coords points="2361,3170 2361,3230 2417,3230 2417,3170"/>
                    <TextEquiv>
                        <Unicode>von</Unicode>
                    </TextEquiv>
                </Word>
                <Word id="tr_2_tl_62_w3" custom="readingOrder {index:2;}">
                    <Coords points="2448,3171 2448,3231 2499,3231 2499,3171"/>
                    <TextEquiv>
                        <Unicode>dem</Unicode>
                    </TextEquiv>
                </Word>
                <Word id="tr_2_tl_62_w4" custom="readingOrder {index:3;}">
                    <Coords points="2552,3171 2552,3231 2675,3231 2675,3171"/>
                    <TextEquiv>
                        <Unicode>„weiten</Unicode>
                    </TextEquiv>
                </Word>
                <Word id="tr_2_tl_62_w5" custom="readingOrder {index:4;}">
                    <Coords points="2711,3172 2711,3232 2814,3232 2814,3172"/>
                    <TextEquiv>
                        <Unicode>Land"</Unicode>
                    </TextEquiv>
                </Word>
                <Word id="tr_2_tl_62_w6" custom="readingOrder {index:5;}">
                    <Coords points="2845,3174 2845,3234 3051,3234 3051,3174"/>
                    <TextEquiv>
                        <Unicode>stimmungs¬</Unicode>
                    </TextEquiv>
                </Word>
                <TextEquiv>
                    <Unicode>Sinne, von dem „weiten Land" stimmungs¬</Unicode>
                </TextEquiv>
            </TextLine>
            <TextLine id="tr_2_tl_63" custom="readingOrder {index:62;}">
                <Coords points="1312,3265 3057,3268 3057,3225 2836,3212 1312,3202"/>
                <Baseline points="1331,3251 1417,3248 1504,3248 1591,3248 1678,3245 1764,3245 1851,3242 1938,3242 2025,3242 2111,3242 2198,3245 2285,3253 2372,3254 2458,3254 2545,3255 2632,3255 2719,3257 2805,3260 2892,3257 2979,3257 3066,3257"/>
                <Word id="tr_2_tl_63_w1" custom="readingOrder {index:0;}">
                    <Coords points="1316,3210 1316,3270 1378,3270 1378,3210"/>
                    <TextEquiv>
                        <Unicode>fen</Unicode>
                    </TextEquiv>
                </Word>
                <Word id="tr_2_tl_63_w2" custom="readingOrder {index:1;}">
                    <Coords points="1414,3208 1414,3268 1582,3268 1582,3208"/>
                    <TextEquiv>
                        <Unicode>wurde.</Unicode>
                    </TextEquiv>
                </Word>
                <Word id="tr_2_tl_63_w3" custom="readingOrder {index:2;}">
                    <Coords points="1604,3206 1604,3266 1659,3266 1659,3206"/>
                    <TextEquiv>
                        <Unicode>An</Unicode>
                    </TextEquiv>
                </Word>
                <Word id="tr_2_tl_63_w4" custom="readingOrder {index:3;}">
                    <Coords points="1702,3205 1702,3265 1764,3265 1764,3205"/>
                    <TextEquiv>
                        <Unicode>dem</Unicode>
                    </TextEquiv>
                </Word>
                <Word id="tr_2_tl_63_w5" custom="readingOrder {index:4;}">
                    <Coords points="1822,3202 1822,3262 2067,3262 2067,3202"/>
                    <TextEquiv>
                        <Unicode>Sterbebett</Unicode>
                    </TextEquiv>
                </Word>
                <Word id="tr_2_tl_63_w6" custom="readingOrder {index:5;}">
                    <Coords points="2096,3202 2096,3262 2165,3262 2165,3202"/>
                    <TextEquiv>
                        <Unicode>des</Unicode>
                    </TextEquiv>
                </Word>
                <Word id="tr_2_tl_63_w7" custom="readingOrder {index:6;}">
                    <Coords points="2201,3210 2201,3270 2305,3270 2305,3210"/>
                    <TextEquiv>
                        <Unicode>hafter</Unicode>
                    </TextEquiv>
                </Word>
                <Word id="tr_2_tl_63_w8" custom="readingOrder {index:7;}">
                    <Coords points="2335,3214 2335,3274 2608,3274 2608,3214"/>
                    <TextEquiv>
                        <Unicode>Dämmerseelen,</Unicode>
                    </TextEquiv>
                </Word>
                <Word id="tr_2_tl_63_w9" custom="readingOrder {index:8;}">
                    <Coords points="2630,3215 2630,3275 2685,3275 2685,3215"/>
                    <TextEquiv>
                        <Unicode>von</Unicode>
                    </TextEquiv>
                </Word>
                <Word id="tr_2_tl_63_w10" custom="readingOrder {index:9;}">
                    <Coords points="2721,3217 2721,3277 2770,3277 2770,3217"/>
                    <TextEquiv>
                        <Unicode>der</Unicode>
                    </TextEquiv>
                </Word>
                <Word id="tr_2_tl_63_w11" custom="readingOrder {index:10;}">
                    <Coords points="2805,3217 2805,3277 2974,3277 2974,3217"/>
                    <TextEquiv>
                        <Unicode>„Komödie</Unicode>
                    </TextEquiv>
                </Word>
                <Word id="tr_2_tl_63_w12" custom="readingOrder {index:11;}">
                    <Coords points="3003,3217 3003,3277 3051,3277 3051,3217"/>
                    <TextEquiv>
                        <Unicode>der</Unicode>
                    </TextEquiv>
                </Word>
                <TextEquiv>
                    <Unicode>fen wurde. An dem Sterbebett des hafter Dämmerseelen, von der „Komödie der</Unicode>
                </TextEquiv>
            </TextLine>
            <TextLine id="tr_2_tl_64" custom="readingOrder {index:63;}">
                <Coords points="415,3268 1286,3265 1286,3218 1210,3202 415,3215"/>
                <Baseline points="435,3257 477,3255 520,3254 563,3254 606,3254 649,3254 692,3254 734,3254 777,3254 820,3254 863,3254 906,3254 949,3254 992,3254 1034,3254 1077,3254 1120,3254 1163,3254 1206,3254 1249,3254 1292,3254"/>
                <Word id="tr_2_tl_64_w1" custom="readingOrder {index:0;}">
                    <Coords points="423,3216 423,3276 488,3276 488,3216"/>
                    <TextEquiv>
                        <Unicode>ter</Unicode>
                    </TextEquiv>
                </Word>
                <Word id="tr_2_tl_64_w2" custom="readingOrder {index:1;}">
                    <Coords points="532,3214 532,3274 609,3274 609,3214"/>
                    <TextEquiv>
                        <Unicode>aus</Unicode>
                    </TextEquiv>
                </Word>
                <Word id="tr_2_tl_64_w3" custom="readingOrder {index:2;}">
                    <Coords points="659,3214 659,3274 719,3274 719,3214"/>
                    <TextEquiv>
                        <Unicode>den</Unicode>
                    </TextEquiv>
                </Word>
                <Word id="tr_2_tl_64_w4" custom="readingOrder {index:3;}">
                    <Coords points="762,3214 762,3274 913,3274 913,3214"/>
                    <TextEquiv>
                        <Unicode>Reihen</Unicode>
                    </TextEquiv>
                </Word>
                <Word id="tr_2_tl_64_w5" custom="readingOrder {index:4;}">
                    <Coords points="962,3214 962,3274 1027,3274 1027,3214"/>
                    <TextEquiv>
                        <Unicode>der</Unicode>
                    </TextEquiv>
                </Word>
                <Word id="tr_2_tl_64_w6" custom="readingOrder {index:5;}">
                    <Coords points="1071,3214 1071,3274 1276,3274 1276,3214"/>
                    <TextEquiv>
                        <Unicode>Lebenden</Unicode>
                    </TextEquiv>
                </Word>
                <TextEquiv>
                    <Unicode>ter aus den Reihen der Lebenden</Unicode>
                </TextEquiv>
            </TextLine>
            <TextLine id="tr_2_tl_65" custom="readingOrder {index:64;}">
                <Coords points="2199,3301 2407,3327 2447,3301 3053,3311 3050,3268 2196,3265"/>
                <Baseline points="2218,3295 2260,3295 2302,3295 2344,3297 2387,3298 2429,3300 2471,3299 2513,3298 2556,3298 2598,3298 2640,3298 2682,3298 2725,3299 2767,3301 2809,3301 2851,3301 2894,3301 2936,3301 2978,3301 3020,3301 3063,3301"/>
                <Word id="tr_2_tl_65_w1" custom="readingOrder {index:0;}">
                    <Coords points="2196,3255 2196,3315 2424,3315 2424,3255"/>
                    <TextEquiv>
                        <Unicode>Verführung“</Unicode>
                    </TextEquiv>
                </Word>
                <Word id="tr_2_tl_65_w2" custom="readingOrder {index:1;}">
                    <Coords points="2478,3258 2478,3318 2567,3318 2567,3258"/>
                    <TextEquiv>
                        <Unicode>durch</Unicode>
                    </TextEquiv>
                </Word>
                <Word id="tr_2_tl_65_w3" custom="readingOrder {index:2;}">
                    <Coords points="2610,3258 2610,3318 2668,3318 2668,3258"/>
                    <TextEquiv>
                        <Unicode>das</Unicode>
                    </TextEquiv>
                </Word>
                <Word id="tr_2_tl_65_w4" custom="readingOrder {index:3;}">
                    <Coords points="2711,3261 2711,3321 2849,3321 2849,3261"/>
                    <TextEquiv>
                        <Unicode>Theater</Unicode>
                    </TextEquiv>
                </Word>
                <Word id="tr_2_tl_65_w5" custom="readingOrder {index:4;}">
                    <Coords points="2892,3261 2892,3321 2950,3321 2950,3261"/>
                    <TextEquiv>
                        <Unicode>und</Unicode>
                    </TextEquiv>
                </Word>
                <Word id="tr_2_tl_65_w6" custom="readingOrder {index:5;}">
                    <Coords points="2998,3261 2998,3321 3051,3321 3051,3261"/>
                    <TextEquiv>
                        <Unicode>das</Unicode>
                    </TextEquiv>
                </Word>
                <TextEquiv>
                    <Unicode>Verführung“ durch das Theater und das</Unicode>
                </TextEquiv>
            </TextLine>
            <TextLine id="tr_2_tl_66" custom="readingOrder {index:65;}">
                <Coords points="1306,3314 2170,3317 2170,3255 2081,3248 1306,3261"/>
                <Baseline points="1325,3307 1367,3307 1410,3305 1453,3304 1495,3304 1538,3304 1581,3304 1623,3304 1666,3302 1709,3301 1752,3301 1794,3301 1837,3301 1880,3300 1922,3299 1965,3301 2008,3301 2050,3301 2093,3298 2136,3298 2179,3295"/>
                <Word id="tr_2_tl_66_w1" custom="readingOrder {index:0;}">
                    <Coords points="1314,3265 1314,3325 1506,3325 1506,3265"/>
                    <TextEquiv>
                        <Unicode>Dichters</Unicode>
                    </TextEquiv>
                </Word>
                <Word id="tr_2_tl_66_w2" custom="readingOrder {index:1;}">
                    <Coords points="1550,3263 1550,3323 1712,3323 1712,3263"/>
                    <TextEquiv>
                        <Unicode>weilten</Unicode>
                    </TextEquiv>
                </Word>
                <Word id="tr_2_tl_66_w3" custom="readingOrder {index:2;}">
                    <Coords points="1755,3261 1755,3321 1833,3321 1833,3261"/>
                    <TextEquiv>
                        <Unicode>sein</Unicode>
                    </TextEquiv>
                </Word>
                <Word id="tr_2_tl_66_w4" custom="readingOrder {index:3;}">
                    <Coords points="1876,3261 1876,3321 2070,3321 2070,3261"/>
                    <TextEquiv>
                        <Unicode>Bruder,</Unicode>
                    </TextEquiv>
                </Word>
                <Word id="tr_2_tl_66_w5" custom="readingOrder {index:4;}">
                    <Coords points="2101,3258 2101,3318 2166,3318 2166,3258"/>
                    <TextEquiv>
                        <Unicode>der</Unicode>
                    </TextEquiv>
                </Word>
                <TextEquiv>
                    <Unicode>Dichters weilten sein Bruder, der</Unicode>
                </TextEquiv>
            </TextLine>
            <TextLine id="tr_2_tl_67" custom="readingOrder {index:66;}">
                <Coords points="412,3317 1276,3324 1276,3261 412,3265"/>
                <Baseline points="429,3310 471,3310 514,3310 557,3310 600,3310 643,3312 686,3313 728,3313 771,3311 814,3310 857,3312 900,3311 943,3310 986,3310 1028,3310 1071,3310 1114,3310 1157,3311 1200,3313 1243,3313 1286,3313"/>
                <Word id="tr_2_tl_67_w1" custom="readingOrder {index:0;}">
                    <Coords points="422,3270 422,3330 682,3330 682,3270"/>
                    <TextEquiv>
                        <Unicode>abberufen.</Unicode>
                    </TextEquiv>
                </Word>
                <Word id="tr_2_tl_67_w2" custom="readingOrder {index:1;}">
                    <Coords points="729,3270 729,3330 876,3330 876,3270"/>
                    <TextEquiv>
                        <Unicode>Artur</Unicode>
                    </TextEquiv>
                </Word>
                <Word id="tr_2_tl_67_w3" custom="readingOrder {index:2;}">
                    <Coords points="924,3270 924,3330 1264,3330 1264,3270"/>
                    <TextEquiv>
                        <Unicode>Schnitzler</Unicode>
                    </TextEquiv>
                </Word>
                <TextEquiv>
                    <Unicode>abberufen. Artur Schnitzler</Unicode>
                </TextEquiv>
            </TextLine>
            <TextLine id="tr_2_tl_68" custom="readingOrder {index:67;}">
                <Coords points="2190,3350 3047,3354 3047,3311 2981,3304 2509,3321 2190,3298"/>
                <Baseline points="2209,3337 2251,3340 2293,3340 2335,3342 2378,3341 2420,3340 2462,3342 2504,3341 2547,3342 2589,3343 2631,3343 2673,3343 2716,3343 2758,3343 2800,3343 2842,3343 2885,3346 2927,3343 2969,3343 3011,3343 3054,3340"/>
                <Word id="tr_2_tl_68_w1" custom="readingOrder {index:0;}">
                    <Coords points="2195,3300 2195,3360 2396,3360 2396,3300"/>
                    <TextEquiv>
                        <Unicode>Abenteuer,</Unicode>
                    </TextEquiv>
                </Word>
                <Word id="tr_2_tl_68_w2" custom="readingOrder {index:1;}">
                    <Coords points="2428,3301 2428,3361 2485,3361 2485,3301"/>
                    <TextEquiv>
                        <Unicode>von</Unicode>
                    </TextEquiv>
                </Word>
                <Word id="tr_2_tl_68_w3" custom="readingOrder {index:2;}">
                    <Coords points="2532,3302 2532,3362 2583,3362 2583,3302"/>
                    <TextEquiv>
                        <Unicode>der</Unicode>
                    </TextEquiv>
                </Word>
                <Word id="tr_2_tl_68_w4" custom="readingOrder {index:3;}">
                    <Coords points="2620,3303 2620,3363 2796,3363 2796,3303"/>
                    <TextEquiv>
                        <Unicode>„Komödie</Unicode>
                    </TextEquiv>
                </Word>
                <Word id="tr_2_tl_68_w5" custom="readingOrder {index:4;}">
                    <Coords points="2833,3304 2833,3364 2884,3364 2884,3304"/>
                    <TextEquiv>
                        <Unicode>der</Unicode>
                    </TextEquiv>
                </Word>
                <Word id="tr_2_tl_68_w6" custom="readingOrder {index:5;}">
                    <Coords points="2926,3303 2926,3363 3050,3363 3050,3303"/>
                    <TextEquiv>
                        <Unicode>Worte“</Unicode>
                    </TextEquiv>
                </Word>
                <TextEquiv>
                    <Unicode>Abenteuer, von der „Komödie der Worte“</Unicode>
                </TextEquiv>
            </TextLine>
            <TextLine id="tr_2_tl_69" custom="readingOrder {index:68;}">
                <Coords points="415,3383 1734,3363 1903,3396 2163,3363 2127,3307 415,3321"/>
                <Baseline points="432,3367 519,3370 606,3370 693,3370 780,3370 867,3370 954,3370 1041,3370 1128,3370 1215,3370 1302,3367 1389,3364 1476,3363 1563,3360 1650,3359 1737,3359 1824,3361 1911,3358 1998,3358 2085,3358 2173,3355"/>
                <Word id="tr_2_tl_69_w1" custom="readingOrder {index:0;}">
                    <Coords points="424,3327 424,3387 493,3387 493,3327"/>
                    <TextEquiv>
                        <Unicode>der</Unicode>
                    </TextEquiv>
                </Word>
                <Word id="tr_2_tl_69_w2" custom="readingOrder {index:1;}">
                    <Coords points="526,3330 526,3390 775,3390 775,3330"/>
                    <TextEquiv>
                        <Unicode>feinfühlige</Unicode>
                    </TextEquiv>
                </Word>
                <Word id="tr_2_tl_69_w3" custom="readingOrder {index:2;}">
                    <Coords points="814,3330 814,3390 935,3390 935,3330"/>
                    <TextEquiv>
                        <Unicode>Poet,</Unicode>
                    </TextEquiv>
                </Word>
                <Word id="tr_2_tl_69_w4" custom="readingOrder {index:3;}">
                    <Coords points="962,3330 962,3390 1082,3390 1082,3330"/>
                    <TextEquiv>
                        <Unicode>dessen</Unicode>
                    </TextEquiv>
                </Word>
                <Word id="tr_2_tl_69_w5" custom="readingOrder {index:4;}">
                    <Coords points="1121,3330 1121,3390 1274,3390 1274,3330"/>
                    <TextEquiv>
                        <Unicode>Namen</Unicode>
                    </TextEquiv>
                </Word>
                <Word id="tr_2_tl_69_w6" custom="readingOrder {index:5;}">
                    <Coords points="1314,3323 1314,3383 1518,3383 1518,3323"/>
                    <TextEquiv>
                        <Unicode>bekannte</Unicode>
                    </TextEquiv>
                </Word>
                <Word id="tr_2_tl_69_w7" custom="readingOrder {index:6;}">
                    <Coords points="1544,3319 1544,3379 1703,3379 1703,3319"/>
                    <TextEquiv>
                        <Unicode>Wiener</Unicode>
                    </TextEquiv>
                </Word>
                <Word id="tr_2_tl_69_w8" custom="readingOrder {index:7;}">
                    <Coords points="1737,3320 1737,3380 1915,3380 1915,3320"/>
                    <TextEquiv>
                        <Unicode>Chirurg</Unicode>
                    </TextEquiv>
                </Word>
                <Word id="tr_2_tl_69_w9" custom="readingOrder {index:8;}">
                    <Coords points="1948,3318 1948,3378 2165,3378 2165,3318"/>
                    <TextEquiv>
                        <Unicode>Professor</Unicode>
                    </TextEquiv>
                </Word>
                <TextEquiv>
                    <Unicode>der feinfühlige Poet, dessen Namen bekannte Wiener Chirurg Professor</Unicode>
                </TextEquiv>
            </TextLine>
            <TextLine id="tr_2_tl_70" custom="readingOrder {index:69;}">
                <Coords points="2199,3403 3057,3400 3057,3354 2199,3350"/>
                <Baseline points="2218,3385 2260,3385 2302,3385 2345,3385 2387,3385 2430,3385 2472,3385 2514,3385 2557,3385 2599,3387 2642,3387 2684,3385 2726,3386 2769,3388 2811,3388 2854,3388 2896,3388 2938,3388 2981,3388 3023,3388 3066,3388"/>
                <Word id="tr_2_tl_70_w1" custom="readingOrder {index:0;}">
                    <Coords points="2194,3345 2194,3405 2329,3405 2329,3345"/>
                    <TextEquiv>
                        <Unicode>zwischen</Unicode>
                    </TextEquiv>
                </Word>
                <Word id="tr_2_tl_70_w2" custom="readingOrder {index:1;}">
                    <Coords points="2360,3345 2360,3405 2413,3405 2413,3345"/>
                    <TextEquiv>
                        <Unicode>den</Unicode>
                    </TextEquiv>
                </Word>
                <Word id="tr_2_tl_70_w3" custom="readingOrder {index:2;}">
                    <Coords points="2450,3345 2450,3405 2632,3405 2632,3345"/>
                    <TextEquiv>
                        <Unicode>Menschen,</Unicode>
                    </TextEquiv>
                </Word>
                <Word id="tr_2_tl_70_w4" custom="readingOrder {index:3;}">
                    <Coords points="2654,3345 2654,3405 2700,3405 2700,3345"/>
                    <TextEquiv>
                        <Unicode>die</Unicode>
                    </TextEquiv>
                </Word>
                <Word id="tr_2_tl_70_w5" custom="readingOrder {index:4;}">
                    <Coords points="2727,3348 2727,3408 2878,3408 2878,3348"/>
                    <TextEquiv>
                        <Unicode>einander</Unicode>
                    </TextEquiv>
                </Word>
                <Word id="tr_2_tl_70_w6" custom="readingOrder {index:5;}">
                    <Coords points="2910,3348 2910,3408 2956,3408 2956,3348"/>
                    <TextEquiv>
                        <Unicode>nie</Unicode>
                    </TextEquiv>
                </Word>
                <Word id="tr_2_tl_70_w7" custom="readingOrder {index:6;}">
                    <Coords points="2982,3348 2982,3408 3055,3408 3055,3348"/>
                    <TextEquiv>
                        <Unicode>ver¬</Unicode>
                    </TextEquiv>
                </Word>
                <TextEquiv>
                    <Unicode>zwischen den Menschen, die einander nie ver¬</Unicode>
                </TextEquiv>
            </TextLine>
            <TextLine id="tr_2_tl_71" custom="readingOrder {index:70;}">
                <Coords points="415,3439 3060,3446 3060,3396 2150,3367 415,3377"/>
                <Baseline points="432,3430 563,3430 695,3429 827,3428 959,3429 1091,3427 1223,3427 1354,3424 1486,3421 1618,3419 1750,3421 1882,3421 2014,3421 2146,3415 2277,3428 2409,3430 2541,3432 2673,3431 2805,3433 2937,3433 3069,3436"/>
                <Word id="tr_2_tl_71_w1" custom="readingOrder {index:0;}">
                    <Coords points="425,3390 425,3450 505,3450 505,3390"/>
                    <TextEquiv>
                        <Unicode>und</Unicode>
                    </TextEquiv>
                </Word>
                <Word id="tr_2_tl_71_w2" custom="readingOrder {index:1;}">
                    <Coords points="553,3389 553,3449 681,3449 681,3389"/>
                    <TextEquiv>
                        <Unicode>Werk</Unicode>
                    </TextEquiv>
                </Word>
                <Word id="tr_2_tl_71_w3" custom="readingOrder {index:2;}">
                    <Coords points="756,3388 756,3448 830,3448 830,3388"/>
                    <TextEquiv>
                        <Unicode>dem</Unicode>
                    </TextEquiv>
                </Word>
                <Word id="tr_2_tl_71_w4" custom="readingOrder {index:3;}">
                    <Coords points="927,3387 927,3447 1271,3447 1271,3387"/>
                    <TextEquiv>
                        <Unicode>österreichischen</Unicode>
                    </TextEquiv>
                </Word>
                <Word id="tr_2_tl_71_w5" custom="readingOrder {index:4;}">
                    <Coords points="1313,3383 1313,3443 1400,3443 1400,3383"/>
                    <TextEquiv>
                        <Unicode>Dr.</Unicode>
                    </TextEquiv>
                </Word>
                <Word id="tr_2_tl_71_w6" custom="readingOrder {index:5;}">
                    <Coords points="1428,3380 1428,3440 1583,3440 1583,3380"/>
                    <TextEquiv>
                        <Unicode>Julius</Unicode>
                    </TextEquiv>
                </Word>
                <Word id="tr_2_tl_71_w7" custom="readingOrder {index:6;}">
                    <Coords points="1631,3381 1631,3441 1882,3441 1882,3381"/>
                    <TextEquiv>
                        <Unicode>Schnitzler,</Unicode>
                    </TextEquiv>
                </Word>
                <Word id="tr_2_tl_71_w8" custom="readingOrder {index:7;}">
                    <Coords points="1916,3381 1916,3441 1997,3441 1997,3381"/>
                    <TextEquiv>
                        <Unicode>und</Unicode>
                    </TextEquiv>
                </Word>
                <Word id="tr_2_tl_71_w9" custom="readingOrder {index:8;}">
                    <Coords points="2038,3377 2038,3437 2159,3437 2159,3377"/>
                    <TextEquiv>
                        <Unicode>dessen</Unicode>
                    </TextEquiv>
                </Word>
                <Word id="tr_2_tl_71_w10" custom="readingOrder {index:9;}">
                    <Coords points="2208,3385 2208,3445 2302,3445 2302,3385"/>
                    <TextEquiv>
                        <Unicode>stehen</Unicode>
                    </TextEquiv>
                </Word>
                <Word id="tr_2_tl_71_w11" custom="readingOrder {index:10;}">
                    <Coords points="2337,3389 2337,3449 2471,3449 2471,3389"/>
                    <TextEquiv>
                        <Unicode>können,</Unicode>
                    </TextEquiv>
                </Word>
                <Word id="tr_2_tl_71_w12" custom="readingOrder {index:11;}">
                    <Coords points="2506,3391 2506,3451 2580,3451 2580,3391"/>
                    <TextEquiv>
                        <Unicode>auch</Unicode>
                    </TextEquiv>
                </Word>
                <Word id="tr_2_tl_71_w13" custom="readingOrder {index:12;}">
                    <Coords points="2621,3391 2621,3451 2648,3451 2648,3391"/>
                    <TextEquiv>
                        <Unicode>in</Unicode>
                    </TextEquiv>
                </Word>
                <Word id="tr_2_tl_71_w14" custom="readingOrder {index:13;}">
                    <Coords points="2690,3391 2690,3451 2743,3451 2743,3391"/>
                    <TextEquiv>
                        <Unicode>der</Unicode>
                    </TextEquiv>
                </Word>
                <Word id="tr_2_tl_71_w15" custom="readingOrder {index:14;}">
                    <Coords points="2784,3393 2784,3453 2919,3453 2919,3393"/>
                    <TextEquiv>
                        <Unicode>nächsten</Unicode>
                    </TextEquiv>
                </Word>
                <Word id="tr_2_tl_71_w16" custom="readingOrder {index:15;}">
                    <Coords points="2960,3394 2960,3454 3054,3454 3054,3394"/>
                    <TextEquiv>
                        <Unicode>Nähe</Unicode>
                    </TextEquiv>
                </Word>
                <TextEquiv>
                    <Unicode>und Werk dem österreichischen Dr. Julius Schnitzler, und dessen stehen können, auch in der nächsten Nähe</Unicode>
                </TextEquiv>
            </TextLine>
            <TextLine id="tr_2_tl_72" custom="readingOrder {index:71;}">
                <Coords points="2186,3476 3057,3489 3057,3446 3004,3439 2186,3443"/>
                <Baseline points="2206,3472 2249,3472 2292,3472 2335,3472 2378,3475 2421,3475 2464,3475 2507,3475 2550,3475 2593,3473 2636,3474 2679,3475 2722,3477 2765,3477 2808,3476 2851,3478 2894,3478 2937,3478 2980,3477 3023,3476 3066,3475"/>
                <Word id="tr_2_tl_72_w1" custom="readingOrder {index:0;}">
                    <Coords points="2191,3432 2191,3492 2297,3492 2297,3432"/>
                    <TextEquiv>
                        <Unicode>nicht,</Unicode>
                    </TextEquiv>
                </Word>
                <Word id="tr_2_tl_72_w2" custom="readingOrder {index:1;}">
                    <Coords points="2324,3433 2324,3493 2381,3493 2381,3433"/>
                    <TextEquiv>
                        <Unicode>vom</Unicode>
                    </TextEquiv>
                </Word>
                <Word id="tr_2_tl_72_w3" custom="readingOrder {index:2;}">
                    <Coords points="2430,3435 2430,3495 2604,3495 2604,3435"/>
                    <TextEquiv>
                        <Unicode>„Leutnant</Unicode>
                    </TextEquiv>
                </Word>
                <Word id="tr_2_tl_72_w4" custom="readingOrder {index:3;}">
                    <Coords points="2631,3435 2631,3495 2763,3495 2763,3435"/>
                    <TextEquiv>
                        <Unicode>Gustl",</Unicode>
                    </TextEquiv>
                </Word>
                <Word id="tr_2_tl_72_w5" custom="readingOrder {index:4;}">
                    <Coords points="2791,3436 2791,3496 2864,3496 2864,3436"/>
                    <TextEquiv>
                        <Unicode>ewig</Unicode>
                    </TextEquiv>
                </Word>
                <Word id="tr_2_tl_72_w6" custom="readingOrder {index:5;}">
                    <Coords points="2907,3437 2907,3497 3044,3497 3044,3437"/>
                    <TextEquiv>
                        <Unicode>zwischen</Unicode>
                    </TextEquiv>
                </Word>
                <TextEquiv>
                    <Unicode>nicht, vom „Leutnant Gustl", ewig zwischen</Unicode>
                </TextEquiv>
            </TextLine>
            <TextLine id="tr_2_tl_73" custom="readingOrder {index:72;}">
                <Coords points="1309,3499 1345,3509 1385,3489 1401,3495 1415,3489 1431,3505 1457,3509 1481,3492 1504,3495 1504,3443 1467,3439 1461,3446 1441,3446 1418,3429 1401,3443 1392,3436 1378,3439 1368,3429 1352,3436 1309,3433"/>
                <Baseline points="1328,3484 1353,3481 1379,3478 1404,3478 1430,3479 1455,3481 1481,3480 1507,3478"/>
                <Word id="tr_2_tl_73_w1" custom="readingOrder {index:0;}">
                    <Coords points="1318,3438 1318,3498 1499,3498 1499,3438"/>
                    <TextEquiv>
                        <Unicode>Kinder.</Unicode>
                    </TextEquiv>
                </Word>
                <TextEquiv>
                    <Unicode>Kinder.</Unicode>
                </TextEquiv>
            </TextLine>
            <TextLine id="tr_2_tl_74" custom="readingOrder {index:73;}">
                <Coords points="415,3499 1279,3502 1279,3449 1250,3439 847,3436 791,3462 716,3433 415,3436"/>
                <Baseline points="432,3490 474,3487 517,3487 560,3487 603,3489 646,3488 689,3487 731,3487 774,3487 817,3488 860,3489 903,3487 946,3486 989,3485 1031,3486 1074,3485 1117,3487 1160,3484 1203,3487 1246,3487 1289,3487"/>
                <Word id="tr_2_tl_74_w1" custom="readingOrder {index:0;}">
                    <Coords points="423,3447 423,3507 656,3507 656,3447"/>
                    <TextEquiv>
                        <Unicode>Schrifttum</Unicode>
                    </TextEquiv>
                </Word>
                <Word id="tr_2_tl_74_w2" custom="readingOrder {index:1;}">
                    <Coords points="720,3447 720,3507 750,3507 750,3447"/>
                    <TextEquiv>
                        <Unicode>in</Unicode>
                    </TextEquiv>
                </Word>
                <Word id="tr_2_tl_74_w3" custom="readingOrder {index:2;}">
                    <Coords points="795,3448 795,3508 896,3508 896,3448"/>
                    <TextEquiv>
                        <Unicode>aller</Unicode>
                    </TextEquiv>
                </Word>
                <Word id="tr_2_tl_74_w4" custom="readingOrder {index:3;}">
                    <Coords points="935,3445 935,3505 1054,3505 1054,3445"/>
                    <TextEquiv>
                        <Unicode>Welt</Unicode>
                    </TextEquiv>
                </Word>
                <Word id="tr_2_tl_74_w5" custom="readingOrder {index:4;}">
                    <Coords points="1086,3445 1086,3505 1274,3505 1274,3445"/>
                    <TextEquiv>
                        <Unicode>Geltung</Unicode>
                    </TextEquiv>
                </Word>
                <TextEquiv>
                    <Unicode>Schrifttum in aller Welt Geltung</Unicode>
                </TextEquiv>
            </TextLine>
            <TextLine id="tr_2_tl_75" custom="readingOrder {index:74;}">
                <Coords points="2199,3522 3053,3528 3053,3485 2199,3476"/>
                <Baseline points="2218,3516 2260,3513 2302,3516 2344,3516 2387,3516 2429,3518 2471,3519 2513,3517 2556,3516 2598,3517 2640,3518 2682,3517 2725,3519 2767,3519 2809,3519 2851,3519 2894,3519 2936,3519 2978,3519 3020,3522 3063,3522"/>
                <Word id="tr_2_tl_75_w1" custom="readingOrder {index:0;}">
                    <Coords points="2199,3474 2199,3534 2292,3534 2292,3474"/>
                    <TextEquiv>
                        <Unicode>Duell</Unicode>
                    </TextEquiv>
                </Word>
                <Word id="tr_2_tl_75_w2" custom="readingOrder {index:1;}">
                    <Coords points="2313,3476 2313,3536 2370,3536 2370,3476"/>
                    <TextEquiv>
                        <Unicode>und</Unicode>
                    </TextEquiv>
                </Word>
                <Word id="tr_2_tl_75_w3" custom="readingOrder {index:2;}">
                    <Coords points="2396,3478 2396,3538 2552,3538 2552,3478"/>
                    <TextEquiv>
                        <Unicode>Triumph</Unicode>
                    </TextEquiv>
                </Word>
                <Word id="tr_2_tl_75_w4" custom="readingOrder {index:3;}">
                    <Coords points="2578,3477 2578,3537 2625,3537 2625,3477"/>
                    <TextEquiv>
                        <Unicode>der</Unicode>
                    </TextEquiv>
                </Word>
                <Word id="tr_2_tl_75_w5" custom="readingOrder {index:4;}">
                    <Coords points="2651,3479 2651,3539 2807,3539 2807,3479"/>
                    <TextEquiv>
                        <Unicode>Amouren</Unicode>
                    </TextEquiv>
                </Word>
                <Word id="tr_2_tl_75_w6" custom="readingOrder {index:5;}">
                    <Coords points="2839,3479 2839,3539 2973,3539 2973,3479"/>
                    <TextEquiv>
                        <Unicode>stehend,</Unicode>
                    </TextEquiv>
                </Word>
                <Word id="tr_2_tl_75_w7" custom="readingOrder {index:6;}">
                    <Coords points="2989,3481 2989,3541 3046,3541 3046,3481"/>
                    <TextEquiv>
                        <Unicode>von</Unicode>
                    </TextEquiv>
                </Word>
                <TextEquiv>
                    <Unicode>Duell und Triumph der Amouren stehend, von</Unicode>
                </TextEquiv>
            </TextLine>
            <TextLine id="tr_2_tl_76" custom="readingOrder {index:75;}">
                <Coords points="1349,3555 2173,3545 2173,3492 2097,3469 1965,3499 1649,3456 1457,3505 1349,3492"/>
                <Baseline points="1367,3537 1407,3537 1448,3537 1489,3537 1530,3537 1570,3537 1611,3537 1652,3537 1693,3534 1733,3534 1774,3537 1815,3535 1856,3536 1896,3535 1937,3534 1978,3534 2019,3534 2059,3534 2100,3534 2141,3534 2182,3534"/>
                <Word id="tr_2_tl_76_w1" custom="readingOrder {index:0;}">
                    <Coords points="1357,3497 1357,3557 1432,3557 1432,3497"/>
                    <TextEquiv>
                        <Unicode>Die</Unicode>
                    </TextEquiv>
                </Word>
                <Word id="tr_2_tl_76_w2" custom="readingOrder {index:1;}">
                    <Coords points="1465,3497 1465,3557 1680,3557 1680,3497"/>
                    <TextEquiv>
                        <Unicode>Nachricht</Unicode>
                    </TextEquiv>
                </Word>
                <Word id="tr_2_tl_76_w3" custom="readingOrder {index:2;}">
                    <Coords points="1706,3494 1706,3554 1775,3554 1775,3494"/>
                    <TextEquiv>
                        <Unicode>vom</Unicode>
                    </TextEquiv>
                </Word>
                <Word id="tr_2_tl_76_w4" custom="readingOrder {index:3;}">
                    <Coords points="1827,3495 1827,3555 1940,3555 1940,3495"/>
                    <TextEquiv>
                        <Unicode>jähen</Unicode>
                    </TextEquiv>
                </Word>
                <Word id="tr_2_tl_76_w5" custom="readingOrder {index:4;}">
                    <Coords points="1979,3494 1979,3554 2162,3554 2162,3494"/>
                    <TextEquiv>
                        <Unicode>Ableben</Unicode>
                    </TextEquiv>
                </Word>
                <TextEquiv>
                    <Unicode>Die Nachricht vom jähen Ableben</Unicode>
                </TextEquiv>
            </TextLine>
            <TextLine id="tr_2_tl_77" custom="readingOrder {index:76;}">
                <Coords points="412,3571 1253,3568 1283,3565 1286,3509 415,3502"/>
                <Baseline points="429,3546 472,3546 515,3544 558,3545 601,3546 644,3546 687,3546 730,3548 773,3549 816,3548 859,3546 902,3546 945,3545 988,3543 1031,3543 1074,3543 1117,3543 1160,3543 1203,3543 1246,3543 1289,3543"/>
                <Word id="tr_2_tl_77_w1" custom="readingOrder {index:0;}">
                    <Coords points="421,3504 421,3564 640,3564 640,3504"/>
                    <TextEquiv>
                        <Unicode>verschafft</Unicode>
                    </TextEquiv>
                </Word>
                <Word id="tr_2_tl_77_w2" custom="readingOrder {index:1;}">
                    <Coords points="667,3507 667,3567 750,3567 750,3507"/>
                    <TextEquiv>
                        <Unicode>hat,</Unicode>
                    </TextEquiv>
                </Word>
                <Word id="tr_2_tl_77_w3" custom="readingOrder {index:2;}">
                    <Coords points="770,3508 770,3568 821,3568 821,3508"/>
                    <TextEquiv>
                        <Unicode>ist</Unicode>
                    </TextEquiv>
                </Word>
                <Word id="tr_2_tl_77_w4" custom="readingOrder {index:3;}">
                    <Coords points="841,3505 841,3565 990,3565 990,3505"/>
                    <TextEquiv>
                        <Unicode>gestern</Unicode>
                    </TextEquiv>
                </Word>
                <Word id="tr_2_tl_77_w5" custom="readingOrder {index:4;}">
                    <Coords points="1029,3503 1029,3563 1074,3563 1074,3503"/>
                    <TextEquiv>
                        <Unicode>um</Unicode>
                    </TextEquiv>
                </Word>
                <Word id="tr_2_tl_77_w6" custom="readingOrder {index:5;}">
                    <Coords points="1120,3503 1120,3563 1171,3563 1171,3503"/>
                    <TextEquiv>
                        <Unicode>½7</Unicode>
                    </TextEquiv>
                </Word>
                <Word id="tr_2_tl_77_w7" custom="readingOrder {index:6;}">
                    <Coords points="1204,3503 1204,3563 1281,3563 1281,3503"/>
                    <TextEquiv>
                        <Unicode>Uhr</Unicode>
                    </TextEquiv>
                </Word>
                <TextEquiv>
                    <Unicode>verschafft hat, ist gestern um ½7 Uhr</Unicode>
                </TextEquiv>
            </TextLine>
            <TextLine id="tr_2_tl_78" custom="readingOrder {index:77;}">
                <Coords points="2199,3568 3053,3574 3053,3528 2199,3522"/>
                <Baseline points="2218,3558 2260,3561 2302,3561 2344,3561 2387,3561 2429,3561 2471,3561 2513,3561 2556,3561 2598,3561 2640,3561 2682,3562 2725,3564 2767,3564 2809,3564 2851,3564 2894,3564 2936,3564 2978,3564 3020,3564 3063,3564"/>
                <Word id="tr_2_tl_78_w1" custom="readingOrder {index:0;}">
                    <Coords points="2199,3518 2199,3578 2243,3578 2243,3518"/>
                    <TextEquiv>
                        <Unicode>dem</Unicode>
                    </TextEquiv>
                </Word>
                <Word id="tr_2_tl_78_w2" custom="readingOrder {index:1;}">
                    <Coords points="2290,3521 2290,3581 2462,3581 2462,3521"/>
                    <TextEquiv>
                        <Unicode>„einsamen</Unicode>
                    </TextEquiv>
                </Word>
                <Word id="tr_2_tl_78_w3" custom="readingOrder {index:2;}">
                    <Coords points="2493,3521 2493,3581 2589,3581 2589,3521"/>
                    <TextEquiv>
                        <Unicode>Weg“</Unicode>
                    </TextEquiv>
                </Word>
                <Word id="tr_2_tl_78_w4" custom="readingOrder {index:3;}">
                    <Coords points="2620,3521 2620,3581 2670,3581 2670,3521"/>
                    <TextEquiv>
                        <Unicode>der</Unicode>
                    </TextEquiv>
                </Word>
                <Word id="tr_2_tl_78_w5" custom="readingOrder {index:4;}">
                    <Coords points="2697,3524 2697,3584 2970,3584 2970,3524"/>
                    <TextEquiv>
                        <Unicode>altgewordenen,</Unicode>
                    </TextEquiv>
                </Word>
                <Word id="tr_2_tl_78_w6" custom="readingOrder {index:5;}">
                    <Coords points="2991,3524 2991,3584 3056,3584 3056,3524"/>
                    <TextEquiv>
                        <Unicode>ent¬</Unicode>
                    </TextEquiv>
                </Word>
                <TextEquiv>
                    <Unicode>dem „einsamen Weg“ der altgewordenen, ent¬</Unicode>
                </TextEquiv>
            </TextLine>
            <TextLine id="tr_2_tl_79" custom="readingOrder {index:78;}">
                <Coords points="415,3617 2163,3614 2163,3545 2124,3542 415,3565"/>
                <Baseline points="432,3606 519,3604 606,3604 693,3607 780,3603 867,3603 954,3603 1041,3603 1128,3602 1215,3603 1302,3599 1389,3595 1476,3594 1563,3596 1650,3596 1737,3594 1824,3594 1911,3594 1998,3594 2085,3594 2173,3594"/>
                <Word id="tr_2_tl_79_w1" custom="readingOrder {index:0;}">
                    <Coords points="417,3564 417,3624 573,3624 573,3564"/>
                    <TextEquiv>
                        <Unicode>abends</Unicode>
                    </TextEquiv>
                </Word>
                <Word id="tr_2_tl_79_w2" custom="readingOrder {index:1;}">
                    <Coords points="616,3564 616,3624 651,3624 651,3564"/>
                    <TextEquiv>
                        <Unicode>in</Unicode>
                    </TextEquiv>
                </Word>
                <Word id="tr_2_tl_79_w3" custom="readingOrder {index:2;}">
                    <Coords points="694,3563 694,3623 826,3623 826,3563"/>
                    <TextEquiv>
                        <Unicode>seiner</Unicode>
                    </TextEquiv>
                </Word>
                <Word id="tr_2_tl_79_w4" custom="readingOrder {index:3;}">
                    <Coords points="863,3563 863,3623 1109,3623 1109,3563"/>
                    <TextEquiv>
                        <Unicode>Wohnung,</Unicode>
                    </TextEquiv>
                </Word>
                <Word id="tr_2_tl_79_w5" custom="readingOrder {index:4;}">
                    <Coords points="1134,3562 1134,3622 1284,3622 1284,3562"/>
                    <TextEquiv>
                        <Unicode>Wien,</Unicode>
                    </TextEquiv>
                </Word>
                <Word id="tr_2_tl_79_w6" custom="readingOrder {index:5;}">
                    <Coords points="1303,3555 1303,3615 1447,3615 1447,3555"/>
                    <TextEquiv>
                        <Unicode>Artur</Unicode>
                    </TextEquiv>
                </Word>
                <Word id="tr_2_tl_79_w7" custom="readingOrder {index:6;}">
                    <Coords points="1496,3556 1496,3616 1743,3616 1743,3556"/>
                    <TextEquiv>
                        <Unicode>Schnitzlers</Unicode>
                    </TextEquiv>
                </Word>
                <Word id="tr_2_tl_79_w8" custom="readingOrder {index:7;}">
                    <Coords points="1792,3554 1792,3614 2050,3614 2050,3554"/>
                    <TextEquiv>
                        <Unicode>verbreitete</Unicode>
                    </TextEquiv>
                </Word>
                <Word id="tr_2_tl_79_w9" custom="readingOrder {index:8;}">
                    <Coords points="2093,3554 2093,3614 2159,3614 2159,3554"/>
                    <TextEquiv>
                        <Unicode>sich</Unicode>
                    </TextEquiv>
                </Word>
                <TextEquiv>
                    <Unicode>abends in seiner Wohnung, Wien, Artur Schnitzlers verbreitete sich</Unicode>
                </TextEquiv>
            </TextLine>
            <TextLine id="tr_2_tl_80" custom="readingOrder {index:79;}">
                <Coords points="2193,3607 3057,3621 3057,3574 2193,3565"/>
                <Baseline points="2212,3600 2254,3603 2297,3603 2340,3606 2382,3606 2425,3606 2468,3606 2510,3606 2553,3606 2596,3604 2639,3605 2681,3607 2724,3609 2767,3609 2809,3608 2852,3607 2895,3609 2937,3609 2980,3609 3023,3609 3066,3606"/>
                <Word id="tr_2_tl_80_w1" custom="readingOrder {index:0;}">
                    <Coords points="2198,3563 2198,3623 2347,3623 2347,3563"/>
                    <TextEquiv>
                        <Unicode>läuschten</Unicode>
                    </TextEquiv>
                </Word>
                <Word id="tr_2_tl_80_w2" custom="readingOrder {index:1;}">
                    <Coords points="2384,3566 2384,3626 2632,3626 2632,3566"/>
                    <TextEquiv>
                        <Unicode>Puppenspieler</Unicode>
                    </TextEquiv>
                </Word>
                <Word id="tr_2_tl_80_w3" custom="readingOrder {index:2;}">
                    <Coords points="2658,3567 2658,3627 2719,3627 2719,3567"/>
                    <TextEquiv>
                        <Unicode>mit</Unicode>
                    </TextEquiv>
                </Word>
                <Word id="tr_2_tl_80_w4" custom="readingOrder {index:3;}">
                    <Coords points="2746,3568 2746,3628 2792,3628 2792,3568"/>
                    <TextEquiv>
                        <Unicode>dem</Unicode>
                    </TextEquiv>
                </Word>
                <Word id="tr_2_tl_80_w5" custom="readingOrder {index:4;}">
                    <Coords points="2834,3569 2834,3629 2967,3629 2967,3569"/>
                    <TextEquiv>
                        <Unicode>Dasein,</Unicode>
                    </TextEquiv>
                </Word>
                <Word id="tr_2_tl_80_w6" custom="readingOrder {index:5;}">
                    <Coords points="2988,3569 2988,3629 3045,3629 3045,3569"/>
                    <TextEquiv>
                        <Unicode>von</Unicode>
                    </TextEquiv>
                </Word>
                <TextEquiv>
                    <Unicode>läuschten Puppenspieler mit dem Dasein, von</Unicode>
                </TextEquiv>
            </TextLine>
            <TextLine id="tr_2_tl_81" custom="readingOrder {index:80;}">
                <Coords points="2193,3660 3057,3660 3057,3617 2902,3604 2875,3627 2193,3611"/>
                <Baseline points="2212,3642 2254,3648 2297,3648 2340,3651 2382,3649 2425,3650 2468,3651 2510,3651 2553,3649 2596,3648 2639,3650 2681,3651 2724,3651 2767,3651 2809,3651 2852,3651 2895,3651 2937,3651 2980,3651 3023,3651 3066,3654"/>
                <Word id="tr_2_tl_81_w1" custom="readingOrder {index:0;}">
                    <Coords points="2199,3603 2199,3663 2252,3663 2252,3603"/>
                    <TextEquiv>
                        <Unicode>dem</Unicode>
                    </TextEquiv>
                </Word>
                <Word id="tr_2_tl_81_w2" custom="readingOrder {index:1;}">
                    <Coords points="2307,3610 2307,3670 2393,3670 2393,3610"/>
                    <TextEquiv>
                        <Unicode>„Ruf</Unicode>
                    </TextEquiv>
                </Word>
                <Word id="tr_2_tl_81_w3" custom="readingOrder {index:2;}">
                    <Coords points="2421,3610 2421,3670 2474,3670 2474,3610"/>
                    <TextEquiv>
                        <Unicode>des</Unicode>
                    </TextEquiv>
                </Word>
                <Word id="tr_2_tl_81_w4" custom="readingOrder {index:3;}">
                    <Coords points="2502,3608 2502,3668 2664,3668 2664,3608"/>
                    <TextEquiv>
                        <Unicode>Lebens",</Unicode>
                    </TextEquiv>
                </Word>
                <Word id="tr_2_tl_81_w5" custom="readingOrder {index:4;}">
                    <Coords points="2692,3611 2692,3671 2745,3671 2745,3611"/>
                    <TextEquiv>
                        <Unicode>der</Unicode>
                    </TextEquiv>
                </Word>
                <Word id="tr_2_tl_81_w6" custom="readingOrder {index:5;}">
                    <Coords points="2774,3611 2774,3671 2849,3671 2849,3611"/>
                    <TextEquiv>
                        <Unicode>alles</Unicode>
                    </TextEquiv>
                </Word>
                <Word id="tr_2_tl_81_w7" custom="readingOrder {index:6;}">
                    <Coords points="2882,3611 2882,3671 3049,3671 3049,3611"/>
                    <TextEquiv>
                        <Unicode>Sinnende</Unicode>
                    </TextEquiv>
                </Word>
                <TextEquiv>
                    <Unicode>dem „Ruf des Lebens", der alles Sinnende</Unicode>
                </TextEquiv>
            </TextLine>
            <TextLine id="tr_2_tl_82" custom="readingOrder {index:81;}">
                <Coords points="1306,3670 2163,3660 2163,3614 2084,3598 1306,3611"/>
                <Baseline points="1325,3657 1367,3657 1409,3657 1452,3654 1494,3654 1537,3654 1579,3654 1621,3654 1664,3654 1706,3652 1749,3653 1791,3654 1833,3654 1876,3654 1918,3653 1961,3651 2003,3651 2045,3651 2088,3651 2130,3651 2173,3651"/>
                <Word id="tr_2_tl_82_w1" custom="readingOrder {index:0;}">
                    <Coords points="1308,3617 1308,3677 1349,3677 1349,3617"/>
                    <TextEquiv>
                        <Unicode>in</Unicode>
                    </TextEquiv>
                </Word>
                <Word id="tr_2_tl_82_w2" custom="readingOrder {index:1;}">
                    <Coords points="1398,3614 1398,3674 1500,3674 1500,3614"/>
                    <TextEquiv>
                        <Unicode>allen</Unicode>
                    </TextEquiv>
                </Word>
                <Word id="tr_2_tl_82_w3" custom="readingOrder {index:2;}">
                    <Coords points="1561,3613 1561,3673 1797,3673 1797,3613"/>
                    <TextEquiv>
                        <Unicode>literarisch</Unicode>
                    </TextEquiv>
                </Word>
                <Word id="tr_2_tl_82_w4" custom="readingOrder {index:3;}">
                    <Coords points="1858,3611 1858,3671 2159,3671 2159,3611"/>
                    <TextEquiv>
                        <Unicode>interessierten</Unicode>
                    </TextEquiv>
                </Word>
                <TextEquiv>
                    <Unicode>in allen literarisch interessierten</Unicode>
                </TextEquiv>
            </TextLine>
            <TextLine id="tr_2_tl_83" custom="readingOrder {index:82;}">
                <Coords points="412,3680 1276,3690 1276,3614 725,3637 696,3611 547,3614 514,3640 412,3617"/>
                <Baseline points="429,3663 471,3663 514,3661 557,3662 599,3663 642,3661 685,3662 727,3661 770,3662 813,3662 856,3660 898,3660 941,3660 984,3660 1026,3660 1069,3661 1112,3662 1154,3660 1197,3660 1240,3660 1283,3660"/>
                <Word id="tr_2_tl_83_w1" custom="readingOrder {index:0;}">
                    <Coords points="414,3623 414,3683 488,3683 488,3623"/>
                    <TextEquiv>
                        <Unicode>18.</Unicode>
                    </TextEquiv>
                </Word>
                <Word id="tr_2_tl_83_w2" custom="readingOrder {index:1;}">
                    <Coords points="526,3622 526,3682 705,3682 705,3622"/>
                    <TextEquiv>
                        <Unicode>Bezirk,</Unicode>
                    </TextEquiv>
                </Word>
                <Word id="tr_2_tl_83_w3" custom="readingOrder {index:2;}">
                    <Coords points="744,3620 744,3680 1160,3680 1160,3620"/>
                    <TextEquiv>
                        <Unicode>Sternwartestraße</Unicode>
                    </TextEquiv>
                </Word>
                <Word id="tr_2_tl_83_w4" custom="readingOrder {index:3;}">
                    <Coords points="1210,3620 1210,3680 1259,3680 1259,3620"/>
                    <TextEquiv>
                        <Unicode>17</Unicode>
                    </TextEquiv>
                </Word>
                <TextEquiv>
                    <Unicode>18. Bezirk, Sternwartestraße 17</Unicode>
                </TextEquiv>
            </TextLine>
            <TextLine id="tr_2_tl_84" custom="readingOrder {index:83;}">
                <Coords points="2196,3696 3057,3706 3037,3660 2196,3660"/>
                <Baseline points="2215,3693 2257,3690 2300,3693 2342,3693 2385,3693 2427,3691 2470,3692 2512,3693 2555,3693 2597,3693 2640,3693 2683,3694 2725,3696 2768,3696 2810,3696 2853,3696 2895,3696 2938,3696 2980,3696 3023,3696 3066,3699"/>
                <Word id="tr_2_tl_84_w1" custom="readingOrder {index:0;}">
                    <Coords points="2201,3652 2201,3712 2257,3712 2257,3652"/>
                    <TextEquiv>
                        <Unicode>und</Unicode>
                    </TextEquiv>
                </Word>
                <Word id="tr_2_tl_84_w2" custom="readingOrder {index:1;}">
                    <Coords points="2289,3653 2289,3713 2397,3713 2397,3653"/>
                    <TextEquiv>
                        <Unicode>Selige</Unicode>
                    </TextEquiv>
                </Word>
                <Word id="tr_2_tl_84_w3" custom="readingOrder {index:2;}">
                    <Coords points="2429,3653 2429,3713 2620,3713 2620,3653"/>
                    <TextEquiv>
                        <Unicode>überbraust</Unicode>
                    </TextEquiv>
                </Word>
                <Word id="tr_2_tl_84_w4" custom="readingOrder {index:3;}">
                    <Coords points="2647,3653 2647,3713 2708,3713 2708,3653"/>
                    <TextEquiv>
                        <Unicode>mit</Unicode>
                    </TextEquiv>
                </Word>
                <Word id="tr_2_tl_84_w5" custom="readingOrder {index:4;}">
                    <Coords points="2734,3656 2734,3716 2832,3716 2832,3656"/>
                    <TextEquiv>
                        <Unicode>seiner</Unicode>
                    </TextEquiv>
                </Word>
                <Word id="tr_2_tl_84_w6" custom="readingOrder {index:5;}">
                    <Coords points="2864,3656 2864,3716 3045,3716 3045,3656"/>
                    <TextEquiv>
                        <Unicode>grausamen</Unicode>
                    </TextEquiv>
                </Word>
                <TextEquiv>
                    <Unicode>und Selige überbraust mit seiner grausamen</Unicode>
                </TextEquiv>
            </TextLine>
            <TextLine id="tr_2_tl_85" custom="readingOrder {index:84;}">
                <Coords points="1303,3729 2163,3723 2163,3667 2137,3664 1303,3670"/>
                <Baseline points="1322,3716 1364,3713 1407,3713 1449,3710 1492,3710 1534,3710 1577,3710 1619,3710 1662,3710 1704,3710 1747,3710 1790,3710 1832,3710 1875,3710 1917,3710 1960,3710 2002,3710 2045,3710 2087,3710 2130,3707 2173,3707"/>
                <Word id="tr_2_tl_85_w1" custom="readingOrder {index:0;}">
                    <Coords points="1311,3673 1311,3733 1478,3733 1478,3673"/>
                    <TextEquiv>
                        <Unicode>Kreisen</Unicode>
                    </TextEquiv>
                </Word>
                <Word id="tr_2_tl_85_w2" custom="readingOrder {index:1;}">
                    <Coords points="1521,3670 1521,3730 1671,3730 1671,3670"/>
                    <TextEquiv>
                        <Unicode>Wiens</Unicode>
                    </TextEquiv>
                </Word>
                <Word id="tr_2_tl_85_w3" custom="readingOrder {index:2;}">
                    <Coords points="1714,3670 1714,3730 1792,3730 1792,3670"/>
                    <TextEquiv>
                        <Unicode>wie</Unicode>
                    </TextEquiv>
                </Word>
                <Word id="tr_2_tl_85_w4" custom="readingOrder {index:3;}">
                    <Coords points="1835,3670 1835,3730 1894,3730 1894,3670"/>
                    <TextEquiv>
                        <Unicode>ein</Unicode>
                    </TextEquiv>
                </Word>
                <Word id="tr_2_tl_85_w5" custom="readingOrder {index:4;}">
                    <Coords points="1937,3670 1937,3730 2159,3730 2159,3670"/>
                    <TextEquiv>
                        <Unicode>Lauffeuer</Unicode>
                    </TextEquiv>
                </Word>
                <TextEquiv>
                    <Unicode>Kreisen Wiens wie ein Lauffeuer</Unicode>
                </TextEquiv>
            </TextLine>
            <TextLine id="tr_2_tl_86" custom="readingOrder {index:85;}">
                <Coords points="412,3729 1105,3743 1108,3673 412,3683"/>
                <Baseline points="429,3719 463,3719 497,3719 532,3720 566,3722 600,3722 635,3722 669,3722 703,3722 738,3719 772,3719 806,3719 841,3719 875,3719 909,3719 944,3720 978,3721 1012,3719 1047,3719 1081,3719 1116,3719"/>
                <Word id="tr_2_tl_86_w1" custom="readingOrder {index:0;}">
                    <Coords points="419,3679 419,3739 529,3739 529,3679"/>
                    <TextEquiv>
                        <Unicode>einem</Unicode>
                    </TextEquiv>
                </Word>
                <Word id="tr_2_tl_86_w2" custom="readingOrder {index:1;}">
                    <Coords points="589,3679 589,3739 888,3739 888,3679"/>
                    <TextEquiv>
                        <Unicode>Schlaganfall</Unicode>
                    </TextEquiv>
                </Word>
                <Word id="tr_2_tl_86_w3" custom="readingOrder {index:2;}">
                    <Coords points="912,3679 912,3739 1104,3739 1104,3679"/>
                    <TextEquiv>
                        <Unicode>erlegen.</Unicode>
                    </TextEquiv>
                </Word>
                <TextEquiv>
                    <Unicode>einem Schlaganfall erlegen.</Unicode>
                </TextEquiv>
            </TextLine>
            <TextLine id="tr_2_tl_87" custom="readingOrder {index:86;}">
                <Coords points="2196,3743 3053,3746 3053,3703 2196,3696"/>
                <Baseline points="2215,3731 2257,3734 2299,3734 2342,3734 2384,3734 2427,3734 2469,3736 2511,3737 2554,3737 2596,3737 2639,3737 2681,3737 2723,3738 2766,3739 2808,3738 2851,3739 2893,3737 2935,3740 2978,3740 3020,3740 3063,3740"/>
                <Word id="tr_2_tl_87_w1" custom="readingOrder {index:0;}">
                    <Coords points="2196,3693 2196,3753 2293,3753 2293,3693"/>
                    <TextEquiv>
                        <Unicode>Gier,</Unicode>
                    </TextEquiv>
                </Word>
                <Word id="tr_2_tl_87_w2" custom="readingOrder {index:1;}">
                    <Coords points="2321,3694 2321,3754 2374,3754 2374,3694"/>
                    <TextEquiv>
                        <Unicode>das</Unicode>
                    </TextEquiv>
                </Word>
                <Word id="tr_2_tl_87_w3" custom="readingOrder {index:2;}">
                    <Coords points="2407,3696 2407,3756 2564,3756 2564,3696"/>
                    <TextEquiv>
                        <Unicode>fliehende</Unicode>
                    </TextEquiv>
                </Word>
                <Word id="tr_2_tl_87_w4" custom="readingOrder {index:3;}">
                    <Coords points="2597,3697 2597,3757 2693,3757 2693,3697"/>
                    <TextEquiv>
                        <Unicode>Leben</Unicode>
                    </TextEquiv>
                </Word>
                <Word id="tr_2_tl_87_w5" custom="readingOrder {index:4;}">
                    <Coords points="2732,3698 2732,3758 2758,3758 2758,3698"/>
                    <TextEquiv>
                        <Unicode>in</Unicode>
                    </TextEquiv>
                </Word>
                <Word id="tr_2_tl_87_w6" custom="readingOrder {index:5;}">
                    <Coords points="2803,3698 2803,3758 2883,3758 2883,3698"/>
                    <TextEquiv>
                        <Unicode>jeder</Unicode>
                    </TextEquiv>
                </Word>
                <Word id="tr_2_tl_87_w7" custom="readingOrder {index:6;}">
                    <Coords points="2916,3700 2916,3760 3050,3760 3050,3700"/>
                    <TextEquiv>
                        <Unicode>Minute</Unicode>
                    </TextEquiv>
                </Word>
                <TextEquiv>
                    <Unicode>Gier, das fliehende Leben in jeder Minute</Unicode>
                </TextEquiv>
            </TextLine>
            <TextLine id="tr_2_tl_88" custom="readingOrder {index:87;}">
                <Coords points="1309,3789 2163,3789 2163,3720 1309,3726"/>
                <Baseline points="1328,3773 1370,3773 1412,3770 1454,3770 1497,3770 1539,3770 1581,3770 1623,3770 1666,3770 1708,3768 1750,3769 1792,3770 1835,3769 1877,3768 1919,3769 1961,3767 2004,3768 2046,3770 2088,3767 2130,3767 2173,3770"/>
                <Word id="tr_2_tl_88_w1" custom="readingOrder {index:0;}">
                    <Coords points="1316,3733 1316,3793 1392,3793 1392,3733"/>
                    <TextEquiv>
                        <Unicode>und</Unicode>
                    </TextEquiv>
                </Word>
                <Word id="tr_2_tl_88_w2" custom="readingOrder {index:1;}">
                    <Coords points="1423,3730 1423,3790 1504,3790 1504,3730"/>
                    <TextEquiv>
                        <Unicode>rief</Unicode>
                    </TextEquiv>
                </Word>
                <Word id="tr_2_tl_88_w3" custom="readingOrder {index:2;}">
                    <Coords points="1535,3730 1535,3790 1693,3790 1693,3730"/>
                    <TextEquiv>
                        <Unicode>überall</Unicode>
                    </TextEquiv>
                </Word>
                <Word id="tr_2_tl_88_w4" custom="readingOrder {index:3;}">
                    <Coords points="1718,3729 1718,3789 1835,3789 1835,3729"/>
                    <TextEquiv>
                        <Unicode>tiefen</Unicode>
                    </TextEquiv>
                </Word>
                <Word id="tr_2_tl_88_w5" custom="readingOrder {index:4;}">
                    <Coords points="1871,3727 1871,3787 2060,3787 2060,3727"/>
                    <TextEquiv>
                        <Unicode>Schmerz</Unicode>
                    </TextEquiv>
                </Word>
                <Word id="tr_2_tl_88_w6" custom="readingOrder {index:5;}">
                    <Coords points="2084,3727 2084,3787 2160,3787 2160,3727"/>
                    <TextEquiv>
                        <Unicode>und</Unicode>
                    </TextEquiv>
                </Word>
                <TextEquiv>
                    <Unicode>und rief überall tiefen Schmerz und</Unicode>
                </TextEquiv>
            </TextLine>
            <TextLine id="tr_2_tl_89" custom="readingOrder {index:88;}">
                <Coords points="455,3789 798,3812 1276,3789 1276,3736 1227,3720 1085,3743 455,3736"/>
                <Baseline points="474,3779 514,3776 555,3776 595,3776 636,3777 677,3778 717,3776 758,3776 798,3776 839,3776 880,3776 920,3776 961,3778 1001,3777 1042,3778 1083,3779 1123,3779 1164,3778 1204,3776 1245,3776 1286,3776"/>
                <Word id="tr_2_tl_89_w1" custom="readingOrder {index:0;}">
                    <Coords points="463,3736 463,3796 603,3796 603,3736"/>
                    <TextEquiv>
                        <Unicode>Artur</Unicode>
                    </TextEquiv>
                </Word>
                <Word id="tr_2_tl_89_w2" custom="readingOrder {index:1;}">
                    <Coords points="628,3736 628,3796 855,3796 855,3736"/>
                    <TextEquiv>
                        <Unicode>Schnitzler</Unicode>
                    </TextEquiv>
                </Word>
                <Word id="tr_2_tl_89_w3" custom="readingOrder {index:2;}">
                    <Coords points="880,3737 880,3797 1008,3797 1008,3737"/>
                    <TextEquiv>
                        <Unicode>hatte,</Unicode>
                    </TextEquiv>
                </Word>
                <Word id="tr_2_tl_89_w4" custom="readingOrder {index:3;}">
                    <Coords points="1027,3738 1027,3798 1247,3798 1247,3738"/>
                    <TextEquiv>
                        <Unicode>wenigsten</Unicode>
                    </TextEquiv>
                </Word>
                <TextEquiv>
                    <Unicode>Artur Schnitzler hatte, wenigsten</Unicode>
                </TextEquiv>
            </TextLine>
            <TextLine id="tr_2_tl_90" custom="readingOrder {index:89;}">
                <Coords points="2193,3792 3057,3809 3037,3743 2193,3743"/>
                <Baseline points="2212,3782 2254,3779 2297,3779 2340,3779 2382,3779 2425,3779 2468,3781 2510,3780 2553,3781 2596,3780 2639,3779 2681,3780 2724,3782 2767,3782 2809,3782 2852,3782 2895,3782 2937,3783 2980,3785 3023,3785 3066,3788"/>
                <Word id="tr_2_tl_90_w1" custom="readingOrder {index:0;}">
                    <Coords points="2198,3740 2198,3800 2277,3800 2277,3740"/>
                    <TextEquiv>
                        <Unicode>ganz</Unicode>
                    </TextEquiv>
                </Word>
                <Word id="tr_2_tl_90_w2" custom="readingOrder {index:1;}">
                    <Coords points="2304,3739 2304,3799 2330,3799 2330,3739"/>
                    <TextEquiv>
                        <Unicode>zu</Unicode>
                    </TextEquiv>
                </Word>
                <Word id="tr_2_tl_90_w3" custom="readingOrder {index:2;}">
                    <Coords points="2362,3739 2362,3799 2504,3799 2504,3739"/>
                    <TextEquiv>
                        <Unicode>besitzen,</Unicode>
                    </TextEquiv>
                </Word>
                <Word id="tr_2_tl_90_w4" custom="readingOrder {index:3;}">
                    <Coords points="2526,3740 2526,3800 2584,3800 2584,3740"/>
                    <TextEquiv>
                        <Unicode>mit</Unicode>
                    </TextEquiv>
                </Word>
                <Word id="tr_2_tl_90_w5" custom="readingOrder {index:4;}">
                    <Coords points="2611,3739 2611,3799 2706,3799 2706,3739"/>
                    <TextEquiv>
                        <Unicode>seiner</Unicode>
                    </TextEquiv>
                </Word>
                <Word id="tr_2_tl_90_w6" custom="readingOrder {index:5;}">
                    <Coords points="2733,3742 2733,3802 2912,3802 2912,3742"/>
                    <TextEquiv>
                        <Unicode>fiebernden</Unicode>
                    </TextEquiv>
                </Word>
                <Word id="tr_2_tl_90_w7" custom="readingOrder {index:6;}">
                    <Coords points="2944,3745 2944,3805 3055,3805 3055,3745"/>
                    <TextEquiv>
                        <Unicode>Angst,</Unicode>
                    </TextEquiv>
                </Word>
                <TextEquiv>
                    <Unicode>ganz zu besitzen, mit seiner fiebernden Angst,</Unicode>
                </TextEquiv>
            </TextLine>
            <TextLine id="tr_2_tl_91" custom="readingOrder {index:90;}">
                <Coords points="2190,3848 2255,3828 2417,3855 2476,3835 2585,3832 2618,3855 2819,3838 2819,3792 2190,3792"/>
                <Baseline points="2209,3827 2239,3825 2270,3824 2301,3824 2332,3824 2363,3824 2394,3824 2425,3824 2456,3826 2487,3826 2518,3824 2548,3826 2579,3826 2610,3824 2641,3824 2672,3825 2703,3827 2734,3825 2765,3825 2796,3827 2827,3827"/>
                <Word id="tr_2_tl_91_w1" custom="readingOrder {index:0;}">
                    <Coords points="2195,3786 2195,3846 2226,3846 2226,3786"/>
                    <TextEquiv>
                        <Unicode>zu</Unicode>
                    </TextEquiv>
                </Word>
                <Word id="tr_2_tl_91_w2" custom="readingOrder {index:1;}">
                    <Coords points="2259,3784 2259,3844 2328,3844 2328,3784"/>
                    <TextEquiv>
                        <Unicode>kurz</Unicode>
                    </TextEquiv>
                </Word>
                <Word id="tr_2_tl_91_w3" custom="readingOrder {index:2;}">
                    <Coords points="2355,3784 2355,3844 2423,3844 2423,3784"/>
                    <TextEquiv>
                        <Unicode>oder</Unicode>
                    </TextEquiv>
                </Word>
                <Word id="tr_2_tl_91_w4" custom="readingOrder {index:3;}">
                    <Coords points="2450,3786 2450,3846 2476,3846 2476,3786"/>
                    <TextEquiv>
                        <Unicode>zu</Unicode>
                    </TextEquiv>
                </Word>
                <Word id="tr_2_tl_91_w5" custom="readingOrder {index:4;}">
                    <Coords points="2509,3785 2509,3845 2577,3845 2577,3785"/>
                    <TextEquiv>
                        <Unicode>spät</Unicode>
                    </TextEquiv>
                </Word>
                <Word id="tr_2_tl_91_w6" custom="readingOrder {index:5;}">
                    <Coords points="2599,3784 2599,3844 2631,3844 2631,3784"/>
                    <TextEquiv>
                        <Unicode>zu</Unicode>
                    </TextEquiv>
                </Word>
                <Word id="tr_2_tl_91_w7" custom="readingOrder {index:6;}">
                    <Coords points="2663,3785 2663,3845 2817,3845 2817,3785"/>
                    <TextEquiv>
                        <Unicode>kommen.</Unicode>
                    </TextEquiv>
                </Word>
                <TextEquiv>
                    <Unicode>zu kurz oder zu spät zu kommen.</Unicode>
                </TextEquiv>
            </TextLine>
            <TextLine id="tr_2_tl_92" custom="readingOrder {index:91;}">
                <Coords points="1306,3842 2163,3838 2163,3789 2097,3776 1306,3795"/>
                <Baseline points="1325,3833 1367,3830 1409,3827 1452,3827 1494,3827 1537,3827 1579,3827 1621,3827 1664,3827 1706,3827 1749,3827 1791,3827 1833,3827 1876,3827 1918,3827 1961,3826 2003,3824 2045,3824 2088,3824 2130,3824 2173,3827"/>
                <Word id="tr_2_tl_92_w1" custom="readingOrder {index:0;}">
                    <Coords points="1308,3787 1308,3847 1560,3847 1560,3787"/>
                    <TextEquiv>
                        <Unicode>aufrichtige</Unicode>
                    </TextEquiv>
                </Word>
                <Word id="tr_2_tl_92_w2" custom="readingOrder {index:1;}">
                    <Coords points="1615,3787 1615,3847 1941,3847 1941,3787"/>
                    <TextEquiv>
                        <Unicode>Erschütterung</Unicode>
                    </TextEquiv>
                </Word>
                <Word id="tr_2_tl_92_w3" custom="readingOrder {index:2;}">
                    <Coords points="2003,3784 2003,3844 2147,3844 2147,3784"/>
                    <TextEquiv>
                        <Unicode>hervor</Unicode>
                    </TextEquiv>
                </Word>
                <TextEquiv>
                    <Unicode>aufrichtige Erschütterung hervor</Unicode>
                </TextEquiv>
            </TextLine>
            <TextLine id="tr_2_tl_93" custom="readingOrder {index:92;}">
                <Coords points="415,3851 1279,3851 1260,3789 798,3812 415,3772"/>
                <Baseline points="432,3836 474,3836 517,3838 560,3839 603,3839 646,3837 689,3836 731,3836 774,3836 817,3836 860,3836 903,3836 946,3836 989,3836 1031,3836 1074,3836 1117,3836 1160,3836 1203,3836 1246,3836 1289,3833"/>
                <Word id="tr_2_tl_93_w1" custom="readingOrder {index:0;}">
                    <Coords points="416,3796 416,3856 511,3856 511,3796"/>
                    <TextEquiv>
                        <Unicode>nach</Unicode>
                    </TextEquiv>
                </Word>
                <Word id="tr_2_tl_93_w2" custom="readingOrder {index:1;}">
                    <Coords points="560,3796 560,3856 798,3856 798,3796"/>
                    <TextEquiv>
                        <Unicode>außenhin,</Unicode>
                    </TextEquiv>
                </Word>
                <Word id="tr_2_tl_93_w3" custom="readingOrder {index:2;}">
                    <Coords points="834,3796 834,3856 941,3856 941,3796"/>
                    <TextEquiv>
                        <Unicode>nicht</Unicode>
                    </TextEquiv>
                </Word>
                <Word id="tr_2_tl_93_w4" custom="readingOrder {index:3;}">
                    <Coords points="983,3796 983,3856 1138,3856 1138,3796"/>
                    <TextEquiv>
                        <Unicode>gezeigt</Unicode>
                    </TextEquiv>
                </Word>
                <Word id="tr_2_tl_93_w5" custom="readingOrder {index:4;}">
                    <Coords points="1181,3796 1181,3856 1275,3856 1275,3796"/>
                    <TextEquiv>
                        <Unicode>oder</Unicode>
                    </TextEquiv>
                </Word>
                <TextEquiv>
                    <Unicode>nach außenhin, nicht gezeigt oder</Unicode>
                </TextEquiv>
            </TextLine>
            <TextLine id="tr_2_tl_94" custom="readingOrder {index:93;}">
                <Coords points="2239,3898 3050,3901 3047,3842 2994,3825 2648,3861 2559,3835 2417,3855 2236,3835"/>
                <Baseline points="2257,3884 2297,3884 2337,3882 2377,3883 2417,3884 2457,3884 2497,3885 2538,3887 2578,3886 2618,3884 2658,3887 2698,3887 2738,3887 2778,3887 2819,3889 2859,3890 2899,3890 2939,3889 2979,3887 3019,3887 3060,3887"/>
                <Word id="tr_2_tl_94_w1" custom="readingOrder {index:0;}">
                    <Coords points="2236,3843 2236,3903 2393,3903 2393,3843"/>
                    <TextEquiv>
                        <Unicode>Zwischen</Unicode>
                    </TextEquiv>
                </Word>
                <Word id="tr_2_tl_94_w2" custom="readingOrder {index:1;}">
                    <Coords points="2426,3845 2426,3905 2604,3905 2604,3845"/>
                    <TextEquiv>
                        <Unicode>Sehnsucht</Unicode>
                    </TextEquiv>
                </Word>
                <Word id="tr_2_tl_94_w3" custom="readingOrder {index:2;}">
                    <Coords points="2653,3847 2653,3907 2712,3907 2712,3847"/>
                    <TextEquiv>
                        <Unicode>und</Unicode>
                    </TextEquiv>
                </Word>
                <Word id="tr_2_tl_94_w4" custom="readingOrder {index:3;}">
                    <Coords points="2745,3848 2745,3908 2853,3908 2853,3848"/>
                    <TextEquiv>
                        <Unicode>Traum</Unicode>
                    </TextEquiv>
                </Word>
                <Word id="tr_2_tl_94_w5" custom="readingOrder {index:4;}">
                    <Coords points="2913,3847 2913,3907 3037,3907 3037,3847"/>
                    <TextEquiv>
                        <Unicode>standen</Unicode>
                    </TextEquiv>
                </Word>
                <TextEquiv>
                    <Unicode>Zwischen Sehnsucht und Traum standen</Unicode>
                </TextEquiv>
            </TextLine>
            <TextLine id="tr_2_tl_95" custom="readingOrder {index:94;}">
                <Coords points="415,3911 2166,3894 2166,3842 2051,3832 415,3851"/>
                <Baseline points="435,3893 522,3896 609,3893 696,3895 783,3895 870,3893 957,3893 1044,3893 1131,3896 1218,3893 1305,3893 1392,3889 1479,3887 1566,3884 1653,3887 1740,3887 1827,3884 1914,3884 2001,3884 2088,3881 2176,3881"/>
                <Word id="tr_2_tl_95_w1" custom="readingOrder {index:0;}">
                    <Coords points="423,3856 423,3916 621,3916 621,3856"/>
                    <TextEquiv>
                        <Unicode>vielleicht</Unicode>
                    </TextEquiv>
                </Word>
                <Word id="tr_2_tl_95_w2" custom="readingOrder {index:1;}">
                    <Coords points="652,3855 652,3915 742,3915 742,3855"/>
                    <TextEquiv>
                        <Unicode>auch</Unicode>
                    </TextEquiv>
                </Word>
                <Word id="tr_2_tl_95_w3" custom="readingOrder {index:2;}">
                    <Coords points="779,3853 779,3913 881,3913 881,3853"/>
                    <TextEquiv>
                        <Unicode>nicht</Unicode>
                    </TextEquiv>
                </Word>
                <Word id="tr_2_tl_95_w4" custom="readingOrder {index:3;}">
                    <Coords points="912,3853 912,3913 1098,3913 1098,3853"/>
                    <TextEquiv>
                        <Unicode>gewußt,</Unicode>
                    </TextEquiv>
                </Word>
                <Word id="tr_2_tl_95_w5" custom="readingOrder {index:4;}">
                    <Coords points="1124,3855 1124,3915 1195,3915 1195,3855"/>
                    <TextEquiv>
                        <Unicode>daß</Unicode>
                    </TextEquiv>
                </Word>
                <Word id="tr_2_tl_95_w6" custom="readingOrder {index:5;}">
                    <Coords points="1232,3853 1232,3913 1274,3913 1274,3853"/>
                    <TextEquiv>
                        <Unicode>er</Unicode>
                    </TextEquiv>
                </Word>
                <Word id="tr_2_tl_95_w7" custom="readingOrder {index:6;}">
                    <Coords points="1305,3851 1305,3911 1364,3911 1364,3851"/>
                    <TextEquiv>
                        <Unicode>In</Unicode>
                    </TextEquiv>
                </Word>
                <Word id="tr_2_tl_95_w8" custom="readingOrder {index:7;}">
                    <Coords points="1425,3847 1425,3907 1492,3907 1492,3847"/>
                    <TextEquiv>
                        <Unicode>dem</Unicode>
                    </TextEquiv>
                </Word>
                <Word id="tr_2_tl_95_w9" custom="readingOrder {index:8;}">
                    <Coords points="1547,3847 1547,3907 1817,3907 1817,3847"/>
                    <TextEquiv>
                        <Unicode>Augenblick,</Unicode>
                    </TextEquiv>
                </Word>
                <Word id="tr_2_tl_95_w10" custom="readingOrder {index:9;}">
                    <Coords points="1861,3844 1861,3904 1903,3904 1903,3844"/>
                    <TextEquiv>
                        <Unicode>da</Unicode>
                    </TextEquiv>
                </Word>
                <Word id="tr_2_tl_95_w11" custom="readingOrder {index:10;}">
                    <Coords points="1958,3843 1958,3903 2047,3903 2047,3843"/>
                    <TextEquiv>
                        <Unicode>man</Unicode>
                    </TextEquiv>
                </Word>
                <Word id="tr_2_tl_95_w12" custom="readingOrder {index:11;}">
                    <Coords points="2102,3841 2102,3901 2162,3901 2162,3841"/>
                    <TextEquiv>
                        <Unicode>die</Unicode>
                    </TextEquiv>
                </Word>
                <TextEquiv>
                    <Unicode>vielleicht auch nicht gewußt, daß er In dem Augenblick, da man die</Unicode>
                </TextEquiv>
            </TextLine>
            <TextLine id="tr_2_tl_96" custom="readingOrder {index:95;}">
                <Coords points="2199,3927 2908,3954 3053,3941 3053,3898 2674,3908 2618,3881 2490,3908 2196,3878"/>
                <Baseline points="2218,3925 2262,3925 2306,3925 2350,3925 2394,3928 2438,3928 2482,3931 2527,3928 2571,3928 2615,3931 2659,3931 2703,3931 2747,3929 2792,3930 2836,3931 2880,3933 2924,3934 2968,3934 3012,3932 3057,3931"/>
                <Word id="tr_2_tl_96_w1" custom="readingOrder {index:0;}">
                    <Coords points="2201,3885 2201,3945 2275,3945 2275,3885"/>
                    <TextEquiv>
                        <Unicode>seine</Unicode>
                    </TextEquiv>
                </Word>
                <Word id="tr_2_tl_96_w2" custom="readingOrder {index:1;}">
                    <Coords points="2302,3887 2302,3947 2461,3947 2461,3887"/>
                    <TextEquiv>
                        <Unicode>Menschen</Unicode>
                    </TextEquiv>
                </Word>
                <Word id="tr_2_tl_96_w3" custom="readingOrder {index:2;}">
                    <Coords points="2493,3889 2493,3949 2519,3949 2519,3889"/>
                    <TextEquiv>
                        <Unicode>in</Unicode>
                    </TextEquiv>
                </Word>
                <Word id="tr_2_tl_96_w4" custom="readingOrder {index:3;}">
                    <Coords points="2552,3889 2552,3949 2636,3949 2636,3889"/>
                    <TextEquiv>
                        <Unicode>einer</Unicode>
                    </TextEquiv>
                </Word>
                <Word id="tr_2_tl_96_w5" custom="readingOrder {index:4;}">
                    <Coords points="2663,3889 2663,3949 2817,3949 2817,3889"/>
                    <TextEquiv>
                        <Unicode>„ringsum</Unicode>
                    </TextEquiv>
                </Word>
                <Word id="tr_2_tl_96_w6" custom="readingOrder {index:5;}">
                    <Coords points="2860,3894 2860,3954 3040,3954 3040,3894"/>
                    <TextEquiv>
                        <Unicode>aufgetanen</Unicode>
                    </TextEquiv>
                </Word>
                <TextEquiv>
                    <Unicode>seine Menschen in einer „ringsum aufgetanen</Unicode>
                </TextEquiv>
            </TextLine>
            <TextLine id="tr_2_tl_97" custom="readingOrder {index:96;}">
                <Coords points="1306,3957 2163,3960 2163,3894 2084,3881 1678,3917 1543,3888 1484,3917 1306,3901"/>
                <Baseline points="1325,3946 1367,3943 1409,3940 1451,3940 1494,3943 1536,3946 1578,3944 1620,3943 1663,3943 1705,3943 1747,3943 1789,3943 1832,3942 1874,3940 1916,3940 1958,3939 2001,3938 2043,3940 2085,3937 2127,3937 2170,3940"/>
                <Word id="tr_2_tl_97_w1" custom="readingOrder {index:0;}">
                    <Coords points="1315,3901 1315,3961 1458,3961 1458,3901"/>
                    <TextEquiv>
                        <Unicode>Worte</Unicode>
                    </TextEquiv>
                </Word>
                <Word id="tr_2_tl_97_w2" custom="readingOrder {index:1;}">
                    <Coords points="1498,3904 1498,3964 1634,3964 1634,3904"/>
                    <TextEquiv>
                        <Unicode>hörte:</Unicode>
                    </TextEquiv>
                </Word>
                <Word id="tr_2_tl_97_w3" custom="readingOrder {index:2;}">
                    <Coords points="1668,3903 1668,3963 1831,3963 1831,3903"/>
                    <TextEquiv>
                        <Unicode>„Artur</Unicode>
                    </TextEquiv>
                </Word>
                <Word id="tr_2_tl_97_w4" custom="readingOrder {index:3;}">
                    <Coords points="1871,3898 1871,3958 2093,3958 2093,3898"/>
                    <TextEquiv>
                        <Unicode>Schnitzler</Unicode>
                    </TextEquiv>
                </Word>
                <Word id="tr_2_tl_97_w5" custom="readingOrder {index:4;}">
                    <Coords points="2120,3898 2120,3958 2164,3958 2164,3898"/>
                    <TextEquiv>
                        <Unicode>ist</Unicode>
                    </TextEquiv>
                </Word>
                <TextEquiv>
                    <Unicode>Worte hörte: „Artur Schnitzler ist</Unicode>
                </TextEquiv>
            </TextLine>
            <TextLine id="tr_2_tl_98" custom="readingOrder {index:97;}">
                <Coords points="415,3967 1279,3967 1279,3908 1253,3904 415,3911"/>
                <Baseline points="432,3955 474,3954 517,3953 560,3952 603,3952 646,3952 689,3952 731,3950 774,3950 817,3952 860,3952 903,3952 946,3952 989,3952 1031,3951 1074,3949 1117,3949 1160,3949 1203,3949 1246,3952 1289,3949"/>
                <Word id="tr_2_tl_98_w1" custom="readingOrder {index:0;}">
                    <Coords points="422,3914 422,3974 487,3974 487,3914"/>
                    <TextEquiv>
                        <Unicode>dem</Unicode>
                    </TextEquiv>
                </Word>
                <Word id="tr_2_tl_98_w2" custom="readingOrder {index:1;}">
                    <Coords points="547,3912 547,3972 629,3972 629,3912"/>
                    <TextEquiv>
                        <Unicode>Tod</Unicode>
                    </TextEquiv>
                </Word>
                <Word id="tr_2_tl_98_w3" custom="readingOrder {index:2;}">
                    <Coords points="671,3912 671,3972 706,3972 706,3912"/>
                    <TextEquiv>
                        <Unicode>so</Unicode>
                    </TextEquiv>
                </Word>
                <Word id="tr_2_tl_98_w4" custom="readingOrder {index:3;}">
                    <Coords points="760,3911 760,3971 867,3971 867,3911"/>
                    <TextEquiv>
                        <Unicode>nahe</Unicode>
                    </TextEquiv>
                </Word>
                <Word id="tr_2_tl_98_w5" custom="readingOrder {index:4;}">
                    <Coords points="915,3912 915,3972 1027,3972 1027,3912"/>
                    <TextEquiv>
                        <Unicode>war.</Unicode>
                    </TextEquiv>
                </Word>
                <Word id="tr_2_tl_98_w6" custom="readingOrder {index:5;}">
                    <Coords points="1069,3909 1069,3969 1169,3969 1169,3909"/>
                    <TextEquiv>
                        <Unicode>Noch</Unicode>
                    </TextEquiv>
                </Word>
                <Word id="tr_2_tl_98_w7" custom="readingOrder {index:6;}">
                    <Coords points="1223,3911 1223,3971 1270,3971 1270,3911"/>
                    <TextEquiv>
                        <Unicode>an</Unicode>
                    </TextEquiv>
                </Word>
                <TextEquiv>
                    <Unicode>dem Tod so nahe war. Noch an</Unicode>
                </TextEquiv>
            </TextLine>
            <TextLine id="tr_2_tl_99" custom="readingOrder {index:98;}">
                <Coords points="2193,3980 3053,3987 3053,3944 3007,3937 2193,3927"/>
                <Baseline points="2212,3970 2254,3970 2297,3970 2339,3970 2382,3972 2424,3973 2467,3973 2509,3973 2552,3973 2594,3971 2637,3971 2680,3973 2722,3973 2765,3973 2807,3974 2850,3976 2892,3976 2935,3976 2977,3976 3020,3976 3063,3976"/>
                <Word id="tr_2_tl_99_w1" custom="readingOrder {index:0;}">
                    <Coords points="2200,3930 2200,3990 2286,3990 2286,3930"/>
                    <TextEquiv>
                        <Unicode>Welt</Unicode>
                    </TextEquiv>
                </Word>
                <Word id="tr_2_tl_99_w2" custom="readingOrder {index:1;}">
                    <Coords points="2304,3930 2304,3990 2355,3990 2355,3930"/>
                    <TextEquiv>
                        <Unicode>der</Unicode>
                    </TextEquiv>
                </Word>
                <Word id="tr_2_tl_99_w3" custom="readingOrder {index:2;}">
                    <Coords points="2379,3933 2379,3993 2488,3993 2488,3933"/>
                    <TextEquiv>
                        <Unicode>Rätsel</Unicode>
                    </TextEquiv>
                </Word>
                <Word id="tr_2_tl_99_w4" custom="readingOrder {index:3;}">
                    <Coords points="2512,3933 2512,3993 2575,3993 2575,3933"/>
                    <TextEquiv>
                        <Unicode>und</Unicode>
                    </TextEquiv>
                </Word>
                <Word id="tr_2_tl_99_w5" custom="readingOrder {index:4;}">
                    <Coords points="2604,3933 2604,3993 2882,3993 2882,3933"/>
                    <TextEquiv>
                        <Unicode>Versuchungen".</Unicode>
                    </TextEquiv>
                </Word>
                <Word id="tr_2_tl_99_w6" custom="readingOrder {index:5;}">
                    <Coords points="2900,3936 2900,3996 3044,3996 3044,3936"/>
                    <TextEquiv>
                        <Unicode>Vorüber</Unicode>
                    </TextEquiv>
                </Word>
                <TextEquiv>
                    <Unicode>Welt der Rätsel und Versuchungen". Vorüber</Unicode>
                </TextEquiv>
            </TextLine>
            <TextLine id="tr_2_tl_100" custom="readingOrder {index:99;}">
                <Coords points="1309,4020 2166,4020 2166,3957 2074,3950 1929,3977 1843,3950 1309,3957"/>
                <Baseline points="1328,4012 1370,4006 1412,4003 1455,4003 1497,4003 1540,4003 1582,4001 1624,4000 1667,4002 1709,4003 1752,4001 1794,4000 1836,4000 1879,4000 1921,3999 1964,3998 2006,3999 2048,3997 2091,3997 2133,4000 2176,4000"/>
                <Word id="tr_2_tl_100_w1" custom="readingOrder {index:0;}">
                    <Coords points="1311,3963 1311,4023 1573,4023 1573,3963"/>
                    <TextEquiv>
                        <Unicode>gestorben",</Unicode>
                    </TextEquiv>
                </Word>
                <Word id="tr_2_tl_100_w2" custom="readingOrder {index:1;}">
                    <Coords points="1605,3962 1605,4022 1746,4022 1746,3962"/>
                    <TextEquiv>
                        <Unicode>wurde</Unicode>
                    </TextEquiv>
                </Word>
                <Word id="tr_2_tl_100_w3" custom="readingOrder {index:2;}">
                    <Coords points="1785,3960 1785,4020 1892,4020 1892,3960"/>
                    <TextEquiv>
                        <Unicode>jedem</Unicode>
                    </TextEquiv>
                </Word>
                <Word id="tr_2_tl_100_w4" custom="readingOrder {index:3;}">
                    <Coords points="1951,3957 1951,4017 2155,4017 2155,3957"/>
                    <TextEquiv>
                        <Unicode>einzelnen</Unicode>
                    </TextEquiv>
                </Word>
                <TextEquiv>
                    <Unicode>gestorben", wurde jedem einzelnen</Unicode>
                </TextEquiv>
            </TextLine>
            <TextLine id="tr_2_tl_101" custom="readingOrder {index:100;}">
                <Coords points="415,4030 1279,4026 1283,3960 419,3967"/>
                <Baseline points="435,4015 477,4012 520,4012 563,4010 605,4011 648,4010 691,4009 733,4009 776,4009 819,4009 862,4009 904,4009 947,4009 990,4009 1032,4009 1075,4009 1118,4009 1160,4009 1203,4009 1246,4006 1289,4003"/>
                <Word id="tr_2_tl_101_w1" custom="readingOrder {index:0;}">
                    <Coords points="424,3972 424,4032 545,4032 545,3972"/>
                    <TextEquiv>
                        <Unicode>seinem</Unicode>
                    </TextEquiv>
                </Word>
                <Word id="tr_2_tl_101_w2" custom="readingOrder {index:1;}">
                    <Coords points="604,3969 604,4029 809,4029 809,3969"/>
                    <TextEquiv>
                        <Unicode>Todestag</Unicode>
                    </TextEquiv>
                </Word>
                <Word id="tr_2_tl_101_w3" custom="readingOrder {index:2;}">
                    <Coords points="842,3969 842,4029 951,4029 951,3969"/>
                    <TextEquiv>
                        <Unicode>hatte</Unicode>
                    </TextEquiv>
                </Word>
                <Word id="tr_2_tl_101_w4" custom="readingOrder {index:3;}">
                    <Coords points="977,3969 977,4029 1015,4029 1015,3969"/>
                    <TextEquiv>
                        <Unicode>er</Unicode>
                    </TextEquiv>
                </Word>
                <Word id="tr_2_tl_101_w5" custom="readingOrder {index:4;}">
                    <Coords points="1048,3969 1048,4029 1092,4029 1092,3969"/>
                    <TextEquiv>
                        <Unicode>um</Unicode>
                    </TextEquiv>
                </Word>
                <Word id="tr_2_tl_101_w6" custom="readingOrder {index:5;}">
                    <Coords points="1145,3969 1145,4029 1157,4029 1157,3969"/>
                    <TextEquiv>
                        <Unicode>9</Unicode>
                    </TextEquiv>
                </Word>
                <Word id="tr_2_tl_101_w7" custom="readingOrder {index:6;}">
                    <Coords points="1190,3967 1190,4027 1272,4027 1272,3967"/>
                    <TextEquiv>
                        <Unicode>Uhr</Unicode>
                    </TextEquiv>
                </Word>
                <TextEquiv>
                    <Unicode>seinem Todestag hatte er um 9 Uhr</Unicode>
                </TextEquiv>
            </TextLine>
            <TextLine id="tr_2_tl_102" custom="readingOrder {index:101;}">
                <Coords points="2190,4016 2711,4023 2740,4049 2783,4020 2905,4020 2945,4049 3053,4026 3034,3983 2190,3973"/>
                <Baseline points="2209,4009 2251,4012 2294,4012 2337,4012 2379,4012 2422,4014 2465,4015 2507,4015 2550,4015 2593,4017 2636,4018 2678,4018 2721,4018 2764,4018 2806,4018 2849,4018 2892,4018 2934,4019 2977,4021 3020,4021 3063,4018"/>
                <Word id="tr_2_tl_102_w1" custom="readingOrder {index:0;}">
                    <Coords points="2196,3970 2196,4030 2269,4030 2269,3970"/>
                    <TextEquiv>
                        <Unicode>auch</Unicode>
                    </TextEquiv>
                </Word>
                <Word id="tr_2_tl_102_w2" custom="readingOrder {index:1;}">
                    <Coords points="2298,3972 2298,4032 2354,4032 2354,3972"/>
                    <TextEquiv>
                        <Unicode>sie!</Unicode>
                    </TextEquiv>
                </Word>
                <Word id="tr_2_tl_102_w3" custom="readingOrder {index:2;}">
                    <Coords points="2377,3974 2377,4034 2529,4034 2529,3974"/>
                    <TextEquiv>
                        <Unicode>Vorüber</Unicode>
                    </TextEquiv>
                </Word>
                <Word id="tr_2_tl_102_w4" custom="readingOrder {index:3;}">
                    <Coords points="2558,3977 2558,4037 2637,4037 2637,3977"/>
                    <TextEquiv>
                        <Unicode>diese</Unicode>
                    </TextEquiv>
                </Word>
                <Word id="tr_2_tl_102_w5" custom="readingOrder {index:4;}">
                    <Coords points="2666,3978 2666,4038 2886,4038 2886,3978"/>
                    <TextEquiv>
                        <Unicode>narzissenhaft</Unicode>
                    </TextEquiv>
                </Word>
                <Word id="tr_2_tl_102_w6" custom="readingOrder {index:5;}">
                    <Coords points="2915,3979 2915,4039 2965,4039 2965,3979"/>
                    <TextEquiv>
                        <Unicode>sich</Unicode>
                    </TextEquiv>
                </Word>
                <Word id="tr_2_tl_102_w7" custom="readingOrder {index:6;}">
                    <Coords points="2994,3980 2994,4040 3050,4040 3050,3980"/>
                    <TextEquiv>
                        <Unicode>be¬</Unicode>
                    </TextEquiv>
                </Word>
                <TextEquiv>
                    <Unicode>auch sie! Vorüber diese narzissenhaft sich be¬</Unicode>
                </TextEquiv>
            </TextLine>
            <TextLine id="tr_2_tl_103" custom="readingOrder {index:102;}">
                <Coords points="2199,4066 3053,4069 3053,4026 2941,4043 2902,4016 2747,4043 2552,4013 2199,4020"/>
                <Baseline points="2218,4057 2260,4057 2302,4057 2344,4059 2386,4058 2428,4059 2470,4060 2512,4060 2554,4060 2596,4060 2639,4060 2681,4061 2723,4063 2765,4063 2807,4063 2849,4060 2891,4063 2933,4063 2975,4063 3017,4063 3060,4060"/>
                <Word id="tr_2_tl_103_w1" custom="readingOrder {index:0;}">
                    <Coords points="2199,4017 2199,4077 2367,4077 2367,4017"/>
                    <TextEquiv>
                        <Unicode>spiegelnde</Unicode>
                    </TextEquiv>
                </Word>
                <Word id="tr_2_tl_103_w2" custom="readingOrder {index:1;}">
                    <Coords points="2395,4020 2395,4080 2600,4080 2600,4020"/>
                    <TextEquiv>
                        <Unicode>Schwermut</Unicode>
                    </TextEquiv>
                </Word>
                <Word id="tr_2_tl_103_w3" custom="readingOrder {index:2;}">
                    <Coords points="2655,4021 2655,4081 2714,4081 2714,4021"/>
                    <TextEquiv>
                        <Unicode>und</Unicode>
                    </TextEquiv>
                </Word>
                <Word id="tr_2_tl_103_w4" custom="readingOrder {index:3;}">
                    <Coords points="2764,4020 2764,4080 2931,4080 2931,4020"/>
                    <TextEquiv>
                        <Unicode>Klugheit,</Unicode>
                    </TextEquiv>
                </Word>
                <Word id="tr_2_tl_103_w5" custom="readingOrder {index:4;}">
                    <Coords points="2975,4023 2975,4083 3050,4083 3050,4023"/>
                    <TextEquiv>
                        <Unicode>vor¬</Unicode>
                    </TextEquiv>
                </Word>
                <TextEquiv>
                    <Unicode>spiegelnde Schwermut und Klugheit, vor¬</Unicode>
                </TextEquiv>
            </TextLine>
            <TextLine id="tr_2_tl_104" custom="readingOrder {index:103;}">
                <Coords points="419,4086 2163,4076 2163,4020 1939,4000 419,4026"/>
                <Baseline points="438,4075 524,4072 610,4072 697,4069 783,4070 870,4069 956,4066 1043,4067 1129,4068 1216,4066 1302,4065 1388,4063 1475,4061 1561,4061 1648,4060 1734,4060 1821,4062 1907,4059 1994,4057 2080,4060 2167,4060"/>
                <Word id="tr_2_tl_104_w1" custom="readingOrder {index:0;}">
                    <Coords points="422,4033 422,4093 512,4093 512,4033"/>
                    <TextEquiv>
                        <Unicode>früh</Unicode>
                    </TextEquiv>
                </Word>
                <Word id="tr_2_tl_104_w2" custom="readingOrder {index:1;}">
                    <Coords points="572,4030 572,4090 708,4090 708,4030"/>
                    <TextEquiv>
                        <Unicode>seinen</Unicode>
                    </TextEquiv>
                </Word>
                <Word id="tr_2_tl_104_w3" custom="readingOrder {index:2;}">
                    <Coords points="767,4028 767,4088 1008,4088 1008,4028"/>
                    <TextEquiv>
                        <Unicode>gewohnten</Unicode>
                    </TextEquiv>
                </Word>
                <Word id="tr_2_tl_104_w4" custom="readingOrder {index:3;}">
                    <Coords points="1074,4026 1074,4086 1282,4086 1282,4026"/>
                    <TextEquiv>
                        <Unicode>Morgen=</Unicode>
                    </TextEquiv>
                </Word>
                <Word id="tr_2_tl_104_w5" custom="readingOrder {index:4;}">
                    <Coords points="1310,4022 1310,4082 1505,4082 1505,4022"/>
                    <TextEquiv>
                        <Unicode>bewußt,</Unicode>
                    </TextEquiv>
                </Word>
                <Word id="tr_2_tl_104_w6" custom="readingOrder {index:5;}">
                    <Coords points="1525,4020 1525,4080 1603,4080 1603,4020"/>
                    <TextEquiv>
                        <Unicode>wie</Unicode>
                    </TextEquiv>
                </Word>
                <Word id="tr_2_tl_104_w7" custom="readingOrder {index:6;}">
                    <Coords points="1630,4020 1630,4080 1714,4080 1714,4020"/>
                    <TextEquiv>
                        <Unicode>viel</Unicode>
                    </TextEquiv>
                </Word>
                <Word id="tr_2_tl_104_w8" custom="readingOrder {index:7;}">
                    <Coords points="1748,4021 1748,4081 1819,4081 1819,4021"/>
                    <TextEquiv>
                        <Unicode>mit</Unicode>
                    </TextEquiv>
                </Word>
                <Word id="tr_2_tl_104_w9" custom="readingOrder {index:8;}">
                    <Coords points="1852,4018 1852,4078 1975,4078 1975,4018"/>
                    <TextEquiv>
                        <Unicode>diesem</Unicode>
                    </TextEquiv>
                </Word>
                <Word id="tr_2_tl_104_w10" custom="readingOrder {index:9;}">
                    <Coords points="2028,4020 2028,4080 2151,4080 2151,4020"/>
                    <TextEquiv>
                        <Unicode>Mann</Unicode>
                    </TextEquiv>
                </Word>
                <TextEquiv>
                    <Unicode>früh seinen gewohnten Morgen= bewußt, wie viel mit diesem Mann</Unicode>
                </TextEquiv>
            </TextLine>
            <TextLine id="tr_2_tl_105" custom="readingOrder {index:104;}">
                <Coords points="2180,4105 3053,4119 3053,4072 3024,4069 2180,4066"/>
                <Baseline points="2197,4099 2240,4099 2283,4099 2326,4102 2370,4102 2413,4102 2456,4102 2500,4104 2543,4105 2586,4103 2630,4104 2673,4103 2716,4104 2759,4105 2803,4103 2846,4103 2889,4104 2933,4103 2976,4105 3019,4105 3063,4108"/>
                <Word id="tr_2_tl_105_w1" custom="readingOrder {index:0;}">
                    <Coords points="2186,4059 2186,4119 2265,4119 2265,4059"/>
                    <TextEquiv>
                        <Unicode>über</Unicode>
                    </TextEquiv>
                </Word>
                <Word id="tr_2_tl_105_w2" custom="readingOrder {index:1;}">
                    <Coords points="2305,4062 2305,4122 2402,4122 2402,4062"/>
                    <TextEquiv>
                        <Unicode>dieses</Unicode>
                    </TextEquiv>
                </Word>
                <Word id="tr_2_tl_105_w3" custom="readingOrder {index:2;}">
                    <Coords points="2453,4064 2453,4124 2549,4124 2549,4064"/>
                    <TextEquiv>
                        <Unicode>Spiel</Unicode>
                    </TextEquiv>
                </Word>
                <Word id="tr_2_tl_105_w4" custom="readingOrder {index:3;}">
                    <Coords points="2590,4063 2590,4123 2658,4123 2658,4063"/>
                    <TextEquiv>
                        <Unicode>mit</Unicode>
                    </TextEquiv>
                </Word>
                <Word id="tr_2_tl_105_w5" custom="readingOrder {index:4;}">
                    <Coords points="2692,4064 2692,4124 2772,4124 2772,4064"/>
                    <TextEquiv>
                        <Unicode>Sein</Unicode>
                    </TextEquiv>
                </Word>
                <Word id="tr_2_tl_105_w6" custom="readingOrder {index:5;}">
                    <Coords points="2829,4063 2829,4123 2885,4123 2885,4063"/>
                    <TextEquiv>
                        <Unicode>und</Unicode>
                    </TextEquiv>
                </Word>
                <Word id="tr_2_tl_105_w7" custom="readingOrder {index:6;}">
                    <Coords points="2932,4065 2932,4125 3044,4125 3044,4065"/>
                    <TextEquiv>
                        <Unicode>Schein</Unicode>
                    </TextEquiv>
                </Word>
                <TextEquiv>
                    <Unicode>über dieses Spiel mit Sein und Schein</Unicode>
                </TextEquiv>
            </TextLine>
            <TextLine id="tr_2_tl_106" custom="readingOrder {index:105;}">
                <Coords points="415,4152 1754,4125 1725,4066 415,4082"/>
                <Baseline points="435,4134 501,4130 567,4130 633,4129 700,4129 766,4128 832,4126 899,4125 965,4125 1031,4125 1098,4122 1164,4122 1230,4122 1296,4119 1363,4122 1429,4122 1495,4122 1562,4120 1628,4119 1694,4118 1761,4119"/>
                <Word id="tr_2_tl_106_w1" custom="readingOrder {index:0;}">
                    <Coords points="423,4090 423,4150 682,4150 682,4090"/>
                    <TextEquiv>
                        <Unicode>spaziergang</Unicode>
                    </TextEquiv>
                </Word>
                <Word id="tr_2_tl_106_w2" custom="readingOrder {index:1;}">
                    <Coords points="720,4085 720,4145 1067,4145 1067,4085"/>
                    <TextEquiv>
                        <Unicode>unternommen,</Unicode>
                    </TextEquiv>
                </Word>
                <Word id="tr_2_tl_106_w3" custom="readingOrder {index:2;}">
                    <Coords points="1093,4082 1093,4142 1156,4142 1156,4082"/>
                    <TextEquiv>
                        <Unicode>von</Unicode>
                    </TextEquiv>
                </Word>
                <Word id="tr_2_tl_106_w4" custom="readingOrder {index:3;}">
                    <Coords points="1194,4082 1194,4142 1256,4142 1256,4082"/>
                    <TextEquiv>
                        <Unicode>dem</Unicode>
                    </TextEquiv>
                </Word>
                <Word id="tr_2_tl_106_w5" custom="readingOrder {index:4;}">
                    <Coords points="1315,4082 1315,4142 1655,4142 1655,4082"/>
                    <TextEquiv>
                        <Unicode>dahingegangen</Unicode>
                    </TextEquiv>
                </Word>
                <Word id="tr_2_tl_106_w6" custom="readingOrder {index:5;}">
                    <Coords points="1687,4078 1687,4138 1756,4138 1756,4078"/>
                    <TextEquiv>
                        <Unicode>ist.</Unicode>
                    </TextEquiv>
                </Word>
                <TextEquiv>
                    <Unicode>spaziergang unternommen, von dem dahingegangen ist.</Unicode>
                </TextEquiv>
            </TextLine>
            <TextLine id="tr_2_tl_107" custom="readingOrder {index:106;}">
                <Coords points="2196,4152 3050,4158 3050,4119 3001,4109 2196,4109"/>
                <Baseline points="2215,4146 2257,4146 2299,4146 2341,4144 2384,4143 2426,4145 2468,4146 2510,4148 2553,4149 2595,4148 2637,4147 2679,4149 2722,4150 2764,4151 2806,4150 2848,4154 2891,4149 2933,4149 2975,4149 3017,4149 3060,4149"/>
                <Word id="tr_2_tl_107_w1" custom="readingOrder {index:0;}">
                    <Coords points="2209,4106 2209,4166 2312,4166 2312,4106"/>
                    <TextEquiv>
                        <Unicode>(„Was</Unicode>
                    </TextEquiv>
                </Word>
                <Word id="tr_2_tl_107_w2" custom="readingOrder {index:1;}">
                    <Coords points="2341,4103 2341,4163 2410,4163 2410,4103"/>
                    <TextEquiv>
                        <Unicode>fass'</Unicode>
                    </TextEquiv>
                </Word>
                <Word id="tr_2_tl_107_w3" custom="readingOrder {index:2;}">
                    <Coords points="2440,4106 2440,4166 2497,4166 2497,4106"/>
                    <TextEquiv>
                        <Unicode>ich,</Unicode>
                    </TextEquiv>
                </Word>
                <Word id="tr_2_tl_107_w4" custom="readingOrder {index:3;}">
                    <Coords points="2521,4108 2521,4168 2607,4168 2607,4108"/>
                    <TextEquiv>
                        <Unicode>wenn</Unicode>
                    </TextEquiv>
                </Word>
                <Word id="tr_2_tl_107_w5" custom="readingOrder {index:4;}">
                    <Coords points="2642,4108 2642,4168 2682,4168 2682,4108"/>
                    <TextEquiv>
                        <Unicode>ich</Unicode>
                    </TextEquiv>
                </Word>
                <Word id="tr_2_tl_107_w6" custom="readingOrder {index:5;}">
                    <Coords points="2717,4110 2717,4170 2862,4170 2862,4110"/>
                    <TextEquiv>
                        <Unicode>fasse?"),</Unicode>
                    </TextEquiv>
                </Word>
                <Word id="tr_2_tl_107_w7" custom="readingOrder {index:6;}">
                    <Coords points="2909,4109 2909,4169 3047,4169 3047,4109"/>
                    <TextEquiv>
                        <Unicode>vorüber</Unicode>
                    </TextEquiv>
                </Word>
                <TextEquiv>
                    <Unicode>(„Was fass' ich, wenn ich fasse?"), vorüber</Unicode>
                </TextEquiv>
            </TextLine>
            <TextLine id="tr_2_tl_108" custom="readingOrder {index:107;}">
                <Coords points="1342,4198 1817,4178 1860,4201 2107,4198 2107,4128 1978,4099 1876,4095 1715,4142 1342,4132"/>
                <Baseline points="1361,4176 1398,4173 1436,4173 1474,4175 1512,4174 1549,4173 1587,4173 1625,4173 1663,4173 1700,4171 1738,4170 1776,4170 1814,4171 1851,4173 1889,4170 1927,4168 1965,4167 2002,4168 2040,4170 2078,4170 2116,4173"/>
                <Word id="tr_2_tl_108_w1" custom="readingOrder {index:0;}">
                    <Coords points="1356,4133 1356,4193 1494,4193 1494,4133"/>
                    <TextEquiv>
                        <Unicode>(Weitere</Unicode>
                    </TextEquiv>
                </Word>
                <Word id="tr_2_tl_108_w2" custom="readingOrder {index:1;}">
                    <Coords points="1519,4133 1519,4193 1638,4193 1638,4133"/>
                    <TextEquiv>
                        <Unicode>Details</Unicode>
                    </TextEquiv>
                </Word>
                <Word id="tr_2_tl_108_w3" custom="readingOrder {index:2;}">
                    <Coords points="1664,4132 1664,4192 1687,4192 1687,4132"/>
                    <TextEquiv>
                        <Unicode>im</Unicode>
                    </TextEquiv>
                </Word>
                <Word id="tr_2_tl_108_w4" custom="readingOrder {index:3;}">
                    <Coords points="1724,4130 1724,4190 1850,4190 1850,4130"/>
                    <TextEquiv>
                        <Unicode>Innern</Unicode>
                    </TextEquiv>
                </Word>
                <Word id="tr_2_tl_108_w5" custom="readingOrder {index:4;}">
                    <Coords points="1881,4129 1881,4189 1922,4189 1922,4129"/>
                    <TextEquiv>
                        <Unicode>des</Unicode>
                    </TextEquiv>
                </Word>
                <Word id="tr_2_tl_108_w6" custom="readingOrder {index:5;}">
                    <Coords points="1947,4129 1947,4189 2097,4189 2097,4129"/>
                    <TextEquiv>
                        <Unicode>Blattes.)</Unicode>
                    </TextEquiv>
                </Word>
                <TextEquiv>
                    <Unicode>(Weitere Details im Innern des Blattes.)</Unicode>
                </TextEquiv>
            </TextLine>
            <TextLine id="tr_2_tl_109" custom="readingOrder {index:108;}">
                <Coords points="415,4201 1303,4191 1299,4148 1217,4128 415,4152"/>
                <Baseline points="432,4188 475,4191 519,4190 563,4188 607,4188 651,4188 695,4187 739,4185 783,4185 827,4185 871,4184 914,4182 958,4182 1002,4182 1046,4185 1090,4185 1134,4182 1178,4185 1222,4182 1266,4182 1310,4185"/>
                <Word id="tr_2_tl_109_w1" custom="readingOrder {index:0;}">
                    <Coords points="417,4148 417,4208 458,4208 458,4148"/>
                    <TextEquiv>
                        <Unicode>er</Unicode>
                    </TextEquiv>
                </Word>
                <Word id="tr_2_tl_109_w2" custom="readingOrder {index:1;}">
                    <Coords points="495,4148 495,4208 617,4208 617,4148"/>
                    <TextEquiv>
                        <Unicode>gegen</Unicode>
                    </TextEquiv>
                </Word>
                <Word id="tr_2_tl_109_w3" custom="readingOrder {index:2;}">
                    <Coords points="660,4147 660,4207 708,4207 708,4147"/>
                    <TextEquiv>
                        <Unicode>11</Unicode>
                    </TextEquiv>
                </Word>
                <Word id="tr_2_tl_109_w4" custom="readingOrder {index:3;}">
                    <Coords points="745,4145 745,4205 824,4205 824,4145"/>
                    <TextEquiv>
                        <Unicode>Uhr</Unicode>
                    </TextEquiv>
                </Word>
                <Word id="tr_2_tl_109_w5" custom="readingOrder {index:4;}">
                    <Coords points="867,4142 867,4202 1122,4202 1122,4142"/>
                    <TextEquiv>
                        <Unicode>vormittags</Unicode>
                    </TextEquiv>
                </Word>
                <Word id="tr_2_tl_109_w6" custom="readingOrder {index:5;}">
                    <Coords points="1160,4142 1160,4202 1287,4202 1287,4142"/>
                    <TextEquiv>
                        <Unicode>heim¬</Unicode>
                    </TextEquiv>
                </Word>
                <TextEquiv>
                    <Unicode>er gegen 11 Uhr vormittags heim¬</Unicode>
                </TextEquiv>
            </TextLine>
            <TextLine id="tr_2_tl_110" custom="readingOrder {index:109;}">
                <Coords points="2190,4198 3050,4201 3050,4158 2905,4148 2763,4171 2190,4142"/>
                <Baseline points="2209,4188 2251,4188 2294,4188 2336,4191 2379,4191 2421,4191 2464,4191 2506,4191 2549,4191 2591,4191 2634,4191 2677,4192 2719,4194 2762,4194 2804,4193 2847,4191 2889,4192 2932,4194 2974,4194 3017,4194 3060,4197"/>
                <Word id="tr_2_tl_110_w1" custom="readingOrder {index:0;}">
                    <Coords points="2196,4148 2196,4208 2289,4208 2289,4148"/>
                    <TextEquiv>
                        <Unicode>dieses</Unicode>
                    </TextEquiv>
                </Word>
                <Word id="tr_2_tl_110_w2" custom="readingOrder {index:1;}">
                    <Coords points="2323,4151 2323,4211 2505,4211 2505,4151"/>
                    <TextEquiv>
                        <Unicode>resignierte</Unicode>
                    </TextEquiv>
                </Word>
                <Word id="tr_2_tl_110_w3" custom="readingOrder {index:2;}">
                    <Coords points="2533,4151 2533,4211 2743,4211 2743,4151"/>
                    <TextEquiv>
                        <Unicode>Beiseitestehn</Unicode>
                    </TextEquiv>
                </Word>
                <Word id="tr_2_tl_110_w4" custom="readingOrder {index:3;}">
                    <Coords points="2783,4152 2783,4212 2832,4212 2832,4152"/>
                    <TextEquiv>
                        <Unicode>des</Unicode>
                    </TextEquiv>
                </Word>
                <Word id="tr_2_tl_110_w5" custom="readingOrder {index:4;}">
                    <Coords points="2860,4154 2860,4214 3053,4214 3053,4154"/>
                    <TextEquiv>
                        <Unicode>Wissenden,</Unicode>
                    </TextEquiv>
                </Word>
                <TextEquiv>
                    <Unicode>dieses resignierte Beiseitestehn des Wissenden,</Unicode>
                </TextEquiv>
            </TextLine>
            <TextLine id="tr_2_tl_111" custom="readingOrder {index:110;}">
                <Coords points="2809,4247 2836,4244 2852,4257 2915,4234 2951,4267 2971,4250 3037,4264 3037,4204 2974,4198 2895,4208 2885,4198 2849,4194 2839,4204 2809,4204"/>
                <Baseline points="2827,4230 2854,4232 2881,4233 2908,4233 2936,4234 2963,4236 2990,4236 3017,4237 3045,4239"/>
                <TextEquiv>
                    <Unicode></Unicode>
                </TextEquiv>
            </TextLine>
            <TextLine id="tr_2_tl_112" custom="readingOrder {index:111;}">
                <Coords points="2351,4274 2536,4247 2559,4254 2572,4241 2615,4270 2645,4260 2645,4191 2612,4201 2602,4191 2562,4201 2519,4191 2506,4204 2401,4194 2381,4211 2351,4211"/>
                <Baseline points="2370,4239 2395,4237 2421,4236 2446,4238 2472,4239 2497,4239 2523,4239 2548,4239 2574,4237 2599,4237 2625,4240 2651,4242"/>
                <TextEquiv>
                    <Unicode></Unicode>
                </TextEquiv>
            </TextLine>
            <TextEquiv>
                <Unicode></Unicode>
            </TextEquiv>
        </TextRegion>
    </Page>
</PcGts>
