3436 4352
230 281 353 341 12.
416 289 912 349 Schnitzler

895 286 1300 346 sDeath

409 1524 467 1584 und
492 1523 678 1583 bewegendes
708 1521 859 1581 Denkmal
879 1521 903 1581 im
947 1521 1025 1581 Reich
1055 1521 1103 1581 des
1129 1524 1368 1584 Metaphysischen
1403 1520 1583 1580 gegenüber¬

403 1566 519 1626 stellen.
557 1562 616 1622 Auf
640 1564 691 1624 der
715 1562 821 1622 Bühne
850 1562 942 1622 waren
975 1563 998 1623 in
1026 1562 1077 1622 den
1105 1562 1198 1622 letzten
1231 1563 1337 1623 Jahren
1366 1562 1426 1622 nur
1449 1562 1509 1622 noch
1538 1562 1574 1622 ein

404 1610 482 1670 paar
507 1607 634 1667 schwache
659 1607 839 1667 Nachzügler
865 1607 991 1667 gefolgt,
1007 1606 1065 1666 undd
1091 1606 1114 1666 in
1144 1604 1193 1664 dem
1233 1604 1438 1664 dramatischen
1468 1604 1585 1664 Gedicht

404 1653 489 1713 „Der
513 1650 603 1710 Gang
633 1651 684 1711 zum
723 1649 861 1709 Weiher“
890 1649 1004 1709 wurde,
1028 1646 1114 1706 1926,
1138 1646 1200 1706 eine
1229 1646 1314 1706 Welt
1334 1646 1476 1706 behutsam
1520 1645 1581 1705 ein¬

403 1694 536 1754 gesargt.
575 1691 632 1751 Ein
661 1691 747 1751 Werk
777 1691 838 1751 war
863 1691 939 1751 wellk
968 1691 1145 1751 geworden;
1184 1690 1251 1750 aber
1290 1689 1342 1749 sein
1385 1688 1500 1748 Gefühl
1539 1691 1586 1751 für

402 1737 497 1797 alles,
521 1735 578 1795 was
607 1735 770 1795 Geschmack
799 1734 856 1794 und
885 1733 1014 1793 Haltung
1048 1733 1143 1793 heißt,
1163 1733 1229 1793 wird
1258 1730 1387 1790 lobendig
1412 1730 1521 1790 bleiben
1555 1731 1578 1791 in

405 1779 502 1839 allen,
518 1778 564 1838 die
585 1777 636 1837 für
658 1778 729 1838 diese
755 1777 847 1837 außer
874 1777 950 1837 Kurs
977 1777 1105 1837 gesetzten
1137 1774 1234 1834 Werte
1255 1772 1424 1832 überhaupt
1451 1774 1507 1834 noch
1533 1774 1574 1834 ein

404 1824 604 1884 Verständnis
628 1822 739 1882 haben.

453 1981 711 2041 Alideutsche
745 1980 936 2040 Graphik
962 1979 995 2039 in
1037 1977 1203 2037 London
1246 1977 1320 2037 und
1355 1974 1538 2034 Bosion.

463 2043 505 2103 C.
522 2045 678 2105 Dodgson,
700 2043 742 2103 der
770 2042 866 2102 Leiter
894 2040 937 2100 der
959 2040 1142 2100 Graphischen
1170 2038 1347 2098 Sammlung
1380 2037 1423 2097 des
1445 2037 1584 2097 Briti¬

401 2092 508 2152 schen
538 2090 773 2150 Museums,
788 2088 836 2148 der
861 2088 905 2148 als
930 2088 1179 2148 hervorragender
1200 2085 1316 2145 Kenner
1331 2083 1375 2143 der
1391 2083 1576 2143 altdeutschen

406 2136 587 2196 Druckkunst
607 2135 740 2195 bekannt
765 2133 813 2193 ist,
833 2133 882 2193 hat
907 2133 975 2193 jetzt
1001 2134 1049 2194 dem
1094 2133 1245 2193 Londoner
1275 2133 1403 2193 Museum
1448 2130 1511 2190 eine
1541 2130 1584 2190 be¬

408 2180 526 2240 sondere
555 2180 727 2240 Seltenheit
742 2177 885 2237 deutscher
909 2178 1043 2238 Graphik
1062 2177 1114 2237 aus
1139 2177 1186 2237 dem
1225 2177 1334 2237 Beginn
1359 2177 1406 2237 des
1430 2177 1478 2237 16.
1492 2176 1568 2236 Jahr

405 2225 554 2285 hunderts
575 2225 734 2285 geschenkt.
760 2225 806 2285 Es
827 2223 862 2283 ist
884 2222 919 2282 ein
951 2222 1073 2282 Blatt
1095 2223 1166 2283 mit
1182 2222 1444 2282 hebräischem
1481 2220 1583 2280 Text

398 2268 463 2328 aus
505 2270 551 2330 dem
594 2267 751 2327 Hohenlied
794 2267 849 2327 und
892 2264 975 2324 einem
1027 2265 1222 2325 Holzschnitt:
1269 2263 1329 2323 eine
1376 2261 1468 2321 nackte
1502 2261 1580 2321 Frat

398 2312 480 2372 feeht
501 2313 557 2373 auf
583 2312 665 2372 einer
697 2312 805 2372 Kugel,
826 2312 862 2372 sie
888 2311 944 2371 hat
970 2309 1022 2369 wie
1048 2309 1166 2369 Dürers
1203 2309 1337 2369 „Großes
1368 2308 1471 2368 Glück“
1497 2306 1579 2366 einen

405 2359 514 2419 Becher
540 2359 564 2419 in
596 2357 640 2417 der
666 2356 766 2416 Hand,
786 2356 841 2416 und
872 2356 912 2416 die
937 2353 1113 2413 hebräischen
1143 2353 1294 2413 Initialen
1325 2353 1359 2413 A.
1380 2353 1425 2413 D.
1445 2352 1470 2412 zu
1501 2350 1580 2410 ihren

406 2404 509 2464 Füßen
544 2401 666 2461 scheinen
696 2401 754 2461 auf
775 2398 877 2458 Dürer
902 2398 951 2458 als
971 2398 1020 2458 den
1055 2398 1182 2458 Urheber
1212 2395 1255 2455 des
1285 2396 1383 2456 Bildes
1413 2397 1442 2457 zu
1472 2395 1570 2455 deuten

404 2447 498 2507 Prof.
519 2446 620 2506 Erwin
651 2445 887 2505 Panofsky,
908 2443 958 2503 der
984 2440 1175 2500 Hamburger
1205 2440 1442 2500 Kunstgelehrte,
1468 2438 1518 2498 hat
1544 2435 1588 2495 die

403 2491 598 2551 Vermutung
633 2491 878 2551 ausgesprochen,
903 2488 956 2548 daß
991 2488 1054 2548 hier
1104 2488 1172 2548 eine
1222 2485 1451 2545 Zeichnung
1506 2484 1579 2544 aus

407 2534 577 2594 Dürers
607 2532 817 2592 Frühzeit
853 2532 923 2592 von
954 2530 1139 2590 fremder
1169 2527 1284 2587 Hand
1320 2527 1354 2587 in
1390 2528 1490 2588 Holz
1516 2526 1585 2586 ge¬

404 2579 609 2639 schnitten
640 2577 753 2637 worden
785 2577 836 2637 ist.
872 2576 1006 2636 Dodgson
1042 2575 1114 2635 sieht
1140 2573 1211 2633 aber
1238 2571 1305 2631 auch
1331 2571 1484 2631 stilistische
1511 2570 1572 2630 Ver

402 2622 602 2682 wandtschaft
636 2622 695 2682 mit
729 2622 775 2682 den
822 2621 1087 2681 Frauengestalten
1130 2619 1176 2679 des
1219 2617 1334 2677 Berner
1372 2616 1586 2676 Renaissance¬

403 2667 550 2727 Meisters
580 2667 682 2727 Niklas
712 2664 844 2724 Manuel
869 2664 1010 2724 Deutsch.
1045 2664 1104 2724 Als
1134 2663 1290 2723 übersetzer
1320 2661 1368 2721 des
1398 2662 1579 2722 beigefügten

402 2712 553 2772 deutschen
589 2712 696 2772 Textes
726 2711 785 2771 aus
815 2709 863 2769 dem
908 2709 1094 2769 Hebräischen
1129 2706 1227 2766 nennt
1252 2706 1296 2766 sich
1331 2704 1384 2764 auf
1409 2703 1458 2763 dem
1503 2703 1590 2763 Blatt

404 2756 452 2816 ein
482 2757 609 2817 gewisser
634 2756 751 2816 Kaiser,
766 2753 845 2813 „Bar
870 2753 1065 2813 Ptolomaeus
1090 2752 1237 2812 Caesar“,
1252 2749 1379 2809 gebürtig
1409 2748 1462 2808 aus
1487 2747 1584 2807 Forch¬

403 2801 471 2861 heim
516 2800 559 2860 bei
584 2798 746 2858 Bamberg,
771 2799 815 2859 der
845 2798 869 2858 in
899 2798 947 2858 der
977 2797 1213 2857 humanistischen
1243 2793 1384 2853 Frühzeit
1410 2790 1585 2850 hebräischer

409 2845 535 2905 Studien
568 2843 591 2903 in
614 2843 810 2903 Deutschland
839 2843 899 2903 eine
923 2842 1100 2902 bedeutende
1123 2840 1207 2900 Rolle
1226 2838 1324 2898 spielte
1352 2838 1403 2898 und
1432 2837 1454 2897 im
1492 2837 1585 2897 Jahre

406 2888 477 2948 1515
506 2888 640 2948 Reuchlin
675 2888 698 2948 in
727 2888 885 2948 Tübingen
915 2885 1058 2945 besuchte,
1078 2886 1241 2946 empfohlen
1271 2882 1323 2942 von
1347 2882 1472 2942 Dürers
1501 2879 1587 2939 Bam¬

403 2932 512 2992 berger
541 2932 655 2992 Freund
684 2932 746 2992 Dr.
765 2932 874 2992 Lorenz
904 2929 1042 2989 Beheim,
1062 2929 1109 2989 der
1133 2929 1166 2989 am
1210 2927 1390 2987 Bischofshof
1415 2924 1457 2984 ein
1486 2924 1586 2984 Kano¬

403 2975 491 3035 nikat
524 2976 677 3036 innehatte
715 2974 774 3034 und
813 2973 901 3033 dessen
934 2971 1142 3031 Briefwechsel
1185 2971 1241 3031 mit
1283 2968 1334 3028 dem
1390 2968 1585 3028 Nürnberger

407 3022 746 3082 Humanisten=Führer
778 3019 974 3079 Pirckheimer
1005 3019 1123 3079 kürzlich
1149 3016 1366 3076 veröffentlicht
1397 3013 1510 3073 worden
1547 3013 1582 3073 ist

486 3147 550 3207 Das
581 3147 706 3207 Museum
752 3147 776 3207 in
807 3144 947 3204 Boston
978 3144 1058 3204 stellt
1078 3144 1138 3204 jetzt
1159 3144 1203 3204 die
1229 3141 1369 3201 kostbaren
1405 3140 1505 3200 Werke
1531 3138 1590 3198 alt¬

403 3195 552 3255 deutscher
575 3192 752 3252 Druckkunst
772 3192 846 3252 aus,
860 3190 901 3250 die
925 3191 957 3251 es
981 3189 1005 3249 in
1033 3189 1079 3249 den
1108 3187 1200 3247 letzten
1229 3185 1368 3245 Monaten
1402 3183 1424 3243 in
1453 3183 1573 3243 Deutsch

409 3237 481 3297 land
527 3237 676 3297 erworben
731 3234 798 3294 hat.
858 3233 898 3293 Es
930 3233 989 3293 sind
1017 3231 1102 3291 dabei
1130 3228 1324 3288 Hauptwerke
1352 3228 1474 3288 unserer
1506 3225 1583 3285 alten

410 3282 557 3342 Graphik,
582 3281 635 3341 wie
665 3280 714 3340 der
744 3279 920 3339 Kupferstich
955 3276 1004 3336 des
1039 3276 1176 3336 Meisters
1211 3273 1249 3333 E.
1275 3273 1319 3333 S.
1344 3275 1397 3335 mit
1427 3270 1583 3330 Johannes

409 3326 460 3386 dem
502 3326 618 3386 Täufer
646 3323 701 3383 und
735 3322 780 3382 den
818 3321 980 3381 Symbolen
1013 3320 1064 3380 der
1092 3319 1296 3379 Evangelisten
1329 3319 1352 3379 in
1385 3317 1463 3377 Form
1506 3315 1584 3375 einer

410 3368 524 3428 runden
553 3368 697 3428 Schüssel,
716 3366 783 3426 Veit
803 3365 898 3425 Stoß'
908 3365 1086 3425 Kupferstich
1115 3363 1157 3423 der
1182 3362 1349 3422 Erweckung
1373 3362 1421 3422 des
1451 3360 1579 3420 Lazarus

406 3413 530 3473 Dürers
554 3413 735 3473 Holzschnitt
760 3411 837 3471 „Der
861 3410 1114 3470 Triumphwagen
1143 3407 1191 3467 des
1216 3407 1335 3467 Kaisers
1364 3405 1579 3465 Maximilian“

410 3458 500 3518 Hans
529 3458 672 3518 Holbeins
701 3458 729 3518 d.
754 3457 791 3517 J.
816 3455 1035 3515 astronomische
1064 3455 1154 3515 Karte
1183 3452 1235 3512 von
1269 3452 1374 3512 Sonne
1408 3450 1464 3510 und
1494 3449 1584 3509 Moni

411 3506 440 3566 in
475 3504 666 3564 Holzschnitt.
706 3502 784 3562 Auch
819 3501 912 3561 einige
947 3500 995 3560 der
1030 3499 1207 3559 künstlerisch
1242 3495 1408 3555 wichtigsten
1443 3494 1585 3554 deutschen

406 3547 592 3607 Frühdrucke
627 3546 680 3606 mit
715 3544 1043 3604 Holzschnitt=Schmuck
1073 3543 1126 3603 hat
1152 3541 1205 3601 das
1240 3538 1367 3598 Museum
1416 3538 1440 3598 in
1480 3538 1582 3598 Boston

411 3592 546 3652 gekauft:
565 3593 593 3653 z.
608 3592 649 3652 B.
669 3590 719 3650 den
748 3589 851 3649 Ulmer
879 3589 963 3649 ersten
996 3589 1090 3649 Druck
1109 3586 1160 3646 von
1189 3584 1357 3644 Boccaccios
1390 3583 1586 3643 „Berühmten

411 3636 554 3696 Frauen“
587 3636 647 3696 aus
680 3634 731 3694 dem
773 3634 870 3694 Jahre
908 3632 991 3692 1473,
1038 3631 1084 3691 die
1136 3631 1331 3691 Nürnberger
1368 3628 1507 3688 Ausgabe
1540 3626 1586 3686 der

415 3682 587 3742 „Goldenen
620 3680 768 3740 Legende“
806 3678 861 3738 aus
890 3677 940 3737 dem
987 3677 1084 3737 Jahre
1118 3676 1201 3736 1488,
1225 3675 1354 3735 gedruckt
1383 3673 1433 3733 von
1466 3671 1587 3731 Dürers

415 3727 508 3787 Paten
546 3723 638 3783 Anton
671 3723 838 3783 Koberger,
857 3723 912 3783 und
941 3723 996 3783 aus
1029 3721 1075 3781 der
1104 3720 1224 3780 gleichen
1257 3718 1508 3778 Druckwerkstätte
1536 3714 1582 3774 der

408 3774 687 3834 Schatzbehalter“
714 3771 768 3831 aus
795 3771 843 3831 dem
887 3770 983 3830 Jahre
1011 3766 1096 3826 1491:

1517 288 1644 348 box
1724 291 1914 351 42/7

2851 1521 3079 1581 Flensburger
3104 1522 3194 1582 möge
3225 1521 3273 1581 die
3297 1521 3363 1581 Anr

2849 1565 2908 1625 und
2946 1565 2999 1625 der
3024 1565 3114 1625 Bahn
3145 1565 3332 1625 gegenüber

2032 1571 2221 1631 Weische
2258 1573 2410 1633 Nüsse.

2841 1610 3028 1670 beharren;
3059 1610 3132 1670 „und
3162 1612 3338 1672 empfehlen

2178 1637 2247 1697 Von

2846 1657 2924 1717 gern
2955 1655 3075 1715 bereit"
3100 1652 3177 1712 usw.

2932 1699 3009 1759 Das
3045 1700 3150 1760 zweite
3186 1700 3376 1760 Dokument

2099 1699 2188 1759 Karl
2212 1700 2331 1760 Lerbs.

2850 1741 3006 1801 seitigen"
3041 1744 3230 1804 Mitteilung
3272 1744 3359 1804 and

1716 1764 1795 1824 Eine
1822 1762 2314 1822 Lebensmittelgroßhandlung
2349 1762 2401 1822 hat
2428 1762 2554 1822 einmal
2575 1762 2633 1822 vor
2661 1762 2806 1822 Jahren,

2850 1789 2893 1849 der
2931 1788 3100 1848 Walnüsse
3132 1788 3181 1848 sei
3213 1786 3262 1846 vom
3320 1786 3363 1846 Er

1625 1810 1674 1870 als
1708 1810 1757 1870 die
1786 1810 1874 1870 Welt
1902 1810 1929 1870 im
1974 1810 2185 1870 allgemeinen
2224 1807 2290 1867 noch
2318 1807 2418 1867 besser
2446 1807 2512 1867 war
2540 1807 2590 1867 als
2618 1807 2728 1867 heute,
2756 1804 2800 1864 die

2850 1834 3013 1894 Sendung
3044 1831 3091 1891 set
3135 1834 3207 1894 beim
3257 1831 3347 1891 Bahn

1627 1858 1830 1918 gesetzmäßig
1870 1854 2067 1914 festgelegten
2108 1853 2402 1913 Gepflogenheiten
2442 1852 2526 1912 einer
2555 1851 2708 1911 Behörde
2748 1848 2798 1908 als

2849 1878 2998 1938 gelagert
3032 1876 3093 1936 und
3127 1876 3227 1936 werde
3262 1877 3316 1937 zur

1623 1900 1744 1960 Mittel
1784 1900 1839 1960 zur
1878 1897 2077 1957 Erreichung
2122 1897 2211 1957 eines
2256 1897 2493 1957 eigennützigen
2533 1895 2671 1955 Zweckes
2716 1894 2804 1954 miß¬

2851 1921 2895 1981 Es
2920 1924 2996 1984 seien
3028 1921 3135 1981 bisher
3161 1923 3274 1983 Kosten
3306 1921 3330 1981 in

1624 1944 1775 2004 braucht.
1819 1944 1873 2004 Da
1911 1941 1959 2001 die
1992 1942 2165 2002 Geschichte
2198 1941 2295 2001 dieses
2334 1941 2566 2001 verwerflichen
2605 1939 2799 1999 Beginnens

2850 1966 2912 2026 mit
2945 1966 2994 2026 den
3034 1965 3153 2025 Nüssen
3192 1967 3349 2027 geschehen

1639 1988 1707 2048 (wie
1743 1989 1794 2049 das
1835 1989 1932 2049 leider
1968 1989 2019 2049 bei
2049 1989 2158 2049 solchen
2199 1988 2371 2048 Verstößen
2406 1987 2504 2047 gegen
2545 1986 2590 2046 die
2626 1986 2798 2046 fiskalische

2849 2010 3019 2070 Schreiben
3060 2011 3144 2071 war,
3173 2013 3201 2073 so
3230 2010 3332 2070 fehlte

1631 2034 1868 2094 Weltordnung
1908 2033 1958 2093 des
1993 2031 2117 2091 öfteren
2157 2032 2207 2092 der
2242 2032 2320 2092 Fall
2350 2033 2406 2093 ist)
2435 2034 2479 2094 sich
2514 2032 2541 2092 in
2582 2031 2661 2091 recht
2695 2029 2807 2089 unter¬

2848 2055 3028 2115 natürlich,
3066 2058 3156 2118 dafür
3187 2058 3255 2118 war
3301 2055 3367 2115 aber

1633 2079 1796 2139 haltenden
1830 2079 1965 2139 Formen
2006 2076 2146 2136 bewegt,
2164 2079 2191 2139 so
2221 2079 2265 2139 sei
2289 2079 2327 2139 sie
2356 2076 2452 2136 unter
2475 2076 2666 2136 vorheriger
2695 2074 2802 2134 mora¬

2849 2100 3002 2160 handen.

1627 2124 1734 2184 lischer
1764 2124 2025 2184 Distanznahme
2055 2122 2245 2182 mitgeteilt.

2938 2144 3009 2204 Der
3037 2146 3126 2206 Herr
3154 2144 3216 2204 mit
3244 2144 3297 2204 dem

1717 2175 1787 2235 Der
1813 2177 1882 2237 eine
1909 2177 1960 2237 der
1986 2174 2094 2234 beiden
2126 2175 2267 2235 Herren,
2287 2177 2395 2237 welche
2422 2177 2472 2237 die
2498 2174 2658 2234 erwähnte
2684 2172 2798 2232 Firma

2849 2190 3018 2250 Schreiben
3055 2189 3241 2249 Kenntnis,
3278 2190 3362 2250 ohne

1627 2224 1812 2284 sachkundig
1847 2224 1910 2284 und
1957 2222 2228 2282 geschäftstüchtig
2275 2221 2425 2281 leiteten,
2460 2219 2570 2279 betrat
2611 2219 2646 2279 an
2698 2217 2784 2277 einem

2846 2234 2967 2294 machte
2998 2234 3043 2294 sich
3079 2234 3271 2294 unverweilt
3301 2232 3335 2292 an

1630 2269 1734 2329 nassen
1772 2267 2088 2327 Dezembermorgen
2142 2267 2199 2327 (ein
2242 2264 2495 2324 Pleonasmus;
2532 2264 2611 2324 denn
2659 2262 2690 2322 in
2743 2261 2795 2321 den

2850 2279 2995 2339 mentes.
3033 2277 3084 2337 Er
3103 2277 3191 2337 faßte
3218 2279 3305 2339 darin
3331 2276 3362 2336 se

1633 2315 1853 2375 Hansestädten
1892 2312 1952 2372 sind
1986 2312 2046 2372 alle
2074 2311 2389 2371 Dezembermorgen
2423 2311 2505 2371 naß)
2528 2309 2577 2369 die
2605 2308 2798 2368 puritanisch

2849 2324 2926 2384 über
2962 2324 2985 2384 in
3022 2324 3278 2384 einwandfreiem
3326 2324 3367 2384 e

1632 2359 1767 2419 einfache
1802 2356 2032 2416 Arbeitsstätte
2078 2356 2179 2416 seines
2214 2354 2433 2414 Teilhabers.
2473 2353 2523 2413 Er
2564 2355 2704 2415 vergrub
2755 2351 2800 2411 die

2850 2368 2906 2428 daß
2938 2368 2975 2428 er
3001 2368 3050 2428 dem
3101 2368 3314 2428 geschilderten

1627 2404 1745 2464 Fäuste
1779 2401 1807 2461 in
1841 2401 1897 2461 den
1932 2401 2129 2461 schadhaften
2169 2401 2299 2461 Taschen
2339 2398 2440 2458 seines
2469 2398 2723 2458 Kontorrockes,
2746 2398 2802 2458 der

2849 2413 3059 2473 zugewinnen
3101 2413 3270 2473 vermöge,
3300 2413 3334 2473 da

1632 2446 1730 2506 neben
1775 2449 1929 2509 sonstigen
1968 2445 2276 2505 Gebrauchsspuren
2320 2444 2369 2504 die
2403 2443 2573 2503 deutlichen
2618 2442 2799 2502 Merkmalc

2858 2455 2895 2515 (so
2927 2458 3035 2518 schrieb
3073 2458 3105 2518 er
3131 2458 3288 2518 wirklich)
3321 2459 3351 2519 zu

1631 2491 1718 2551 einer
1746 2491 2027 2551 Lagerinspektion
2056 2491 2215 2551 aufwies,
2238 2491 2298 2551 und
2332 2491 2447 2551 machte
2470 2489 2568 2549 seinem
2613 2488 2806 2548 Teilhaber,

2852 2500 2891 2560 sei
2931 2503 2990 2563 und
3030 2503 3168 2563 notfalls
3209 2503 3267 2563 auf
3301 2502 3353 2562 den

1633 2538 1742 2598 zornig
1776 2537 1864 2597 durch
1897 2535 1997 2595 seinen
2036 2535 2207 2595 eisgrauen
2241 2535 2472 2595 Schnurrbart
2495 2532 2644 2592 blasend,
2667 2531 2716 2591 die
2744 2529 2788 2589 Er

2849 2549 2925 2609 dazu
2962 2550 3151 2610 gezwungen
3193 2547 3311 2607 werden

1631 2581 1790 2641 öffnung,
1818 2581 1862 2641 die
1895 2580 1961 2640 noch
1989 2580 2027 2640 am
2072 2580 2176 2640 Lager
2205 2580 2408 2640 befindlichen
2447 2577 2502 2637 200
2536 2577 2612 2637 Sack
2635 2574 2806 2634 vorjähri¬

2850 2592 2938 2652 mals
2968 2592 3003 2652 an
3039 2591 3092 2651 den
3122 2594 3327 2654 Empfänger

1632 2629 1685 2689 ger
1718 2627 1886 2687 Walnüsse
1913 2626 1994 2686 seien
2027 2625 2113 2685 samt
2141 2625 2205 2685 und
2238 2625 2368 2685 sonders
2401 2625 2465 2685 ölig
2498 2623 2562 2683 und
2596 2621 2703 2681 damit
2731 2618 2806 2678 viel¬

2852 2637 3024 2697 Annahme
3057 2637 3242 2697 berechtigt,
3269 2637 3325 2697 daß

1633 2671 1719 2731 leicht
1742 2671 1799 2731 für
1824 2671 1875 2731 den
1916 2670 2147 2730 „menschlichen
2183 2670 2344 2730 Genuß",
2362 2670 2535 2730 jedenfalls
2565 2667 2640 2727 aber
2664 2667 2721 2727 für
2745 2664 2796 2724 den

2849 2682 3044 2742 Andienung
3086 2682 3132 2742 hin
3168 2681 3333 2741 nunmehr

1636 2718 1781 2778 Handel,
1809 2715 2036 2775 unbrauchbar
2069 2715 2258 2775 geworden.
2313 2713 2356 2773 Es
2394 2712 2437 2772 sei
2470 2712 2556 2772 ihm,
2584 2713 2610 2773 so
2643 2714 2740 2774 fügte
2773 2709 2805 2769 er

2851 2727 2974 2787 lautete
3006 2726 3062 2786 das
3100 2725 3285 2785 Dokument
3317 2725 3354 2785 3a

1632 2764 1747 2824 hinzu,
1770 2761 1930 2821 bekannt,
1964 2759 2019 2819 daß
2069 2759 2151 2819 diese
2196 2759 2434 2819 unerfreuliche
2468 2756 2705 2816 Veränderung
2756 2753 2799 2813 sich

2850 2771 3009 2831 natürlich
3040 2771 3120 2831 ganz
3146 2769 3292 2829 anders;
3318 2771 3342 2831 si

1633 2805 1726 2865 meist
1754 2807 1953 2867 einzustellen
1993 2806 2119 2866 pflege,
2142 2804 2230 2864 wenn
2269 2804 2319 2864 die
2353 2804 2513 2864 Nußsäcke
2547 2802 2574 2862 zu
2613 2801 2712 2861 lange
2746 2798 2806 2858 mit

2856 2815 3018 2875 Schreiben
3055 2814 3133 2874 setzte
3158 2813 3206 2873 der
3237 2813 3333 2873 Verfa

1636 2852 1689 2912 dem
1733 2852 1899 2912 Erdboden
1938 2849 1964 2909 in
1997 2849 2196 2909 Berührung
2229 2848 2363 2908 kämen;
2386 2847 2455 2907 doch
2483 2847 2596 2907 würde
2623 2846 2709 2906 wohl
2736 2843 2795 2903 kein

2852 2860 2972 2920 formel
2998 2861 3086 2921 „Mit
3112 2858 3328 2918 vorzüglicher

1636 2897 1757 2957 Mensch
1785 2896 1818 2956 in
1851 2897 1900 2957 der
1929 2895 2011 2955 Lage
2045 2894 2127 2954 sein,
2149 2894 2193 2954 ihm
2238 2891 2463 2951 mitzuteilen,
2481 2892 2541 2952 auf
2563 2891 2673 2951 welche
2701 2890 2800 2950 Weise

2851 2903 3000 2963 kundung
3043 2906 3135 2966 guter
3179 2903 3349 2963 staatsbür

1635 2943 1703 3003 man
1746 2941 1814 3001 beim
1862 2938 2124 2998 gegenwärtigen
2161 2938 2271 2998 Stand
2309 2938 2361 2998 der
2393 2936 2708 2996 Lagerungstechnik
2740 2932 2797 2992 200

2852 2949 2948 3009 kosten
2980 2949 3146 3009 erwachsen
3179 2947 3248 3007 sah.

1632 2984 1713 3044 Sack
1740 2986 1837 3046 Nüsse
1859 2984 2096 3044 freischwebend
2129 2983 2355 3043 aufbewahren
2388 2981 2500 3041 könne.
2539 2978 2684 3038 Hierauf
2706 2978 2786 3038 nahm

2939 2992 3098 3052 Während
3148 2992 3202 3052 die
3252 2992 3355 3052 Veröl

1630 3031 1662 3091 er
1695 3033 1797 3093 seinen
1830 3031 1927 3091 Platz
1949 3031 2008 3091 auf
2030 3028 2121 3088 jener
2154 3028 2327 3088 drehbaren
2365 3027 2641 3087 Sitzgelegenheit
2668 3024 2732 3084 ein,
2760 3021 2802 3081 die

2853 3039 2969 3099 rüstige
2996 3037 3196 3097 Fortschritte
3223 3035 3339 3095 machte

1630 3076 1689 3136 der
1722 3078 2003 3138 Sprachgebrauch
2041 3073 2106 3133 mit
2139 3073 2193 3133 der
2226 3073 2328 3133 wenig
2366 3072 2545 3132 bildhaften
2583 3069 2799 3129 Bezeichnung

2857 3082 3064 3142 schwebende"
3098 3082 3351 3142 Unterbringun

1632 3124 1745 3184 „Bock“
1778 3121 1881 3181 belegt
1908 3121 1978 3181 hat,
2000 3121 2059 3181 und
2092 3118 2238 3178 schwieg;
2266 3118 2380 3178 womit
2407 3118 2434 3178 er
2461 3117 2520 3177 aus
2553 3115 2608 3175 dem
2652 3112 2797 3172 weiteren

2851 3125 2898 3185 die
2928 3127 3004 3187 Post
3028 3125 3081 3185 der
3105 3126 3240 3186 Bremer
3264 3126 3340 3186 Firn

1636 3167 1775 3227 Verlauf
1803 3165 1856 3225 der
1889 3165 2148 3225 Angelegenheit
2175 3162 2385 3222 ausscheidet.
2429 3161 2509 3221 Sein
2547 3159 2725 3219 Teilhaber
2752 3156 2806 3216 in¬

2851 3171 2913 3231 Die
2958 3171 2989 3231 in
3027 3171 3303 3231 Mitleidenschaft

1636 3213 1754 3273 dessen,
1776 3212 1829 3272 der
1857 3210 1905 3270 die
1932 3210 2115 3270 Hiobspost
2137 3207 2196 3267 mit
2224 3207 2309 3267 edler
2337 3209 2477 3269 Fassung
2510 3204 2806 3264 entgegengenom¬

2853 3215 2924 3275 kurz
2951 3216 3016 3276 und
3043 3216 3220 3276 bestimmt,
3240 3215 3286 3275 die
3313 3213 3325 3273 A

1632 3258 1696 3318 men
1734 3258 1837 3318 hatte,
1859 3255 1918 3315 rieb
1951 3255 2000 3315 sich
2028 3255 2119 3315 ruhig
2153 3252 2211 3312 mit
2239 3252 2336 3312 kalter
2364 3252 2455 3312 Hand
2484 3252 2542 3312 das
2570 3249 2689 3309 hagere
2717 3247 2797 3307 Kinn

2850 3260 2931 3320 burg
2961 3261 3124 3321 abermals
3155 3261 3352 3321 verweigert

1635 3304 1698 3364 und
1730 3303 1877 3363 vertiefte
1909 3302 1956 3362 sich
1988 3300 2072 3360 dann
2104 3300 2204 3360 stumm
2252 3299 2277 3359 in
2315 3297 2362 3357 ein
2394 3297 2493 3357 Buch,
2520 3298 2546 3358 in
2583 3294 2709 3354 welchem
2757 3292 2799 3352 die

2850 3305 2943 3365 möge
2978 3306 3030 3366 sich
3066 3306 3240 3366 umgehend
3276 3305 3339 3365 äuf

1639 3347 1908 3407 Bestimmungen
1950 3344 2029 3404 über
2067 3344 2119 3404 den
2161 3341 2403 3401 Güterverkehr
2447 3341 2504 3401 auf
2536 3341 2588 3401 den
2637 3338 2805 3398 Königlich

2855 3349 2954 3409 bereit
2978 3350 3031 3410 sei,
3049 3350 3295 3410 widrigenfalls

1632 3392 1842 3452 Preußischen
1880 3389 2133 3449 Staatsbahnen
2177 3388 2387 3448 übersichtlich
2431 3386 2651 3446 niedergelegt
2684 3381 2808 3441 waren.

2849 3393 2899 3453 den
2933 3395 3122 3455 versteigert
3145 3395 3267 3455 werden
3301 3392 3345 3452 w.

2852 3440 3056 3500 Lagerkosten
3089 3440 3146 3500 für
3173 3440 3287 3500 selbige
3314 3440 3345 3500 zu

1712 3446 1785 3506 Der
1814 3446 1938 3506 fernere
1967 3445 2058 3505 Gang
2092 3443 2143 3503 der
2172 3443 2353 3503 Ereignisse
2382 3440 2461 3500 wird
2490 3440 2581 3500 durch
2610 3437 2677 3497 eine
2706 3435 2802 3495 Reihe

2939 3483 3003 3543 Der
3031 3485 3113 3545 Herr
3141 3485 3200 3545 mit
3228 3482 3336 3542 demk

1631 3494 1685 3554 von
1726 3491 1947 3551 Dokumenten
1983 3490 2174 3550 bezeichnet.
2220 3487 2290 3547 Das
2325 3485 2400 3545 erste
2431 3485 2496 3545 war
2527 3485 2572 3545 ein
2607 3485 2723 3545 Brief,
2743 3482 2798 3542 den

2854 3526 2895 3586 ses
2931 3529 3168 3589 Schriftstückes
3204 3529 3253 3589 die
3281 3525 3344 3585 Mi

1635 3535 1672 3595 am
1714 3537 1803 3597 Tage
1831 3535 1899 3595 nach
1931 3535 1978 3595 den
2015 3533 2232 3593 geschilderten
2264 3529 2517 3589 Begebenheiten
2555 3527 2602 3587 der
2629 3526 2655 3586 in
2693 3524 2808 3584 Flens¬

2855 3574 3033 3634 ersichtliche
3063 3572 3230 3632 Aufgehen
3265 3571 3334 3631 eine

1632 3581 1712 3641 burg
1740 3580 1897 3640 ansässige
1925 3580 2039 3640 Agent
2061 3577 2115 3637 der
2143 3577 2327 3637 erwähnten
2361 3574 2474 3634 Firma
2508 3574 2637 3634 erhielt,
2660 3573 2724 3633 und
2752 3569 2806 3629 der

2849 3619 3061 3679 Bestätigung
3095 3619 3190 3679 seiner
3218 3617 3340 3677 rechner

1634 3628 1688 3688 den
1726 3625 1887 3685 Vermerk
1920 3624 2162 3684 „Vertraulich“
2195 3622 2292 3682 trug.
2341 3619 2389 3679 Er
2422 3619 2562 3679 enthielt
2589 3619 2637 3679 die
2676 3616 2810 3676 Mittei¬

2851 3664 2900 3724 sich
2935 3664 3131 3724 unverweilt
3159 3663 3192 3723 an
3232 3660 3282 3720 die
3311 3659 3327 3719 H

1632 3673 1734 3733 lung,
1755 3671 1806 3731 daß
1838 3670 1894 3730 von
1925 3670 2012 3730 seiten
2049 3667 2100 3727 der
2127 3667 2461 3727 Großhandelsfirma
2488 3664 2523 3724 an
2554 3664 2605 3724 ihn
2642 3661 2703 3721 (der
2735 3661 2801 3721 auck

2856 3709 2911 3769 und
2945 3709 3033 3769 teilte
3067 3709 3150 3769 darin
3189 3706 3239 3766 der
3267 3706 3344 3766 Güt

1634 3717 1839 3777 gelegentlich
1876 3715 2192 3775 „Provregeschäfte“
2230 3712 2361 3772 machte)
2388 3711 2456 3771 eine
2483 3709 2703 3769 Bahnladung
2741 3706 2798 3766 von

1634 3762 1696 3822 200
1734 3762 1815 3822 Sack
1847 3759 2028 3819 Walnüssen
2073 3759 2254 3819 abgeschickt
2286 3757 2342 3817 sei,
2374 3756 2429 3816 und
2468 3756 2518 3816 die
2550 3756 2724 3816 Weisung,
2750 3752 2799 3812 der
2850 3752 2975 3812 lichkeit
3001 3754 3076 3814 mit,
3101 3756 3132 3816 sie
3164 3754 3251 3814 möge
3283 3753 3345 3813 mit
