3436 4256
258 267 384 327 12.

1022 276 1327 336 Death

510 283 865 343 chnitzle

1539 279 1665 339 box
1745 285 1933 345 42/7

644 863 912 923 OBS

1025 898 1369 958 ERVER

722 927 748 987 I.
762 931 888 991 österr.
897 941 1045 1001 behördl.
1063 956 1364 1016 konzessioniertes

684 971 918 1031 Internehmen
950 983 999 1043 für
1026 998 1407 1058 Zeitungs-Ausschnitte

719 1030 872 1090 WIEN,
900 1041 946 1101 I.,
974 1053 1262 1113 WOI.LZEILE
1309 1064 1355 1124 11

810 1091 1031 1151 TELEPHON
1069 1104 1247 1164 R-23-0-43

603 1219 840 1279 Ausschnitt
864 1232 959 1292 aus:

952 1387 1006 1447 22
1053 1392 1154 1452 OKI.
1173 1399 1228 1459 193

499 1565 793 1625 Mainzer
852 1578 1193 1638 Anzeiger,
1251 1584 1477 1644 Mainz

713 1674 1040 1734 Arthur
1072 1692 1310 1752 Schnitzler
1341 1697 1399 1757 f.

1645 1670 1770 1730 cyklus:
1801 1674 1981 1734 „Lebendige
2012 1682 2193 1742 Stunden",
2219 1688 2339 1748 woraus
2375 1694 2530 1754 besonders
2566 1701 2651 1761 „Li¬

1642 1705 1841 1765 teratur“
1882 1714 2059 1774 hervorragt
2096 1720 2209 1780 (1901),
2237 1726 2291 1786 das
2328 1730 2441 1790 Drama
2482 1735 2559 1795 „Der
2596 1738 2654 1798 ein¬

705 1736 768 1796 Der
794 1741 930 1801 bekannte
956 1750 1167 1810 österreichische
1192 1759 1378 1819 Dramatiker
1403 1764 1456 1824 und
1486 1768 1609 1828 Erzähle

1648 1742 1723 1802 same
1753 1747 1838 1807 Weg"
1874 1753 1990 1813 (1903),
2011 1757 2056 1817 die
2081 1762 2222 1822 Komödie
2253 1771 2505 1831 „Zwischenspiel"
2536 1774 2636 1834 (1901)

1647 1783 1746 1843 serner
1773 1786 1795 1846 im
1842 1791 1959 1851 gleichen
1991 1795 2087 1855 Jahre
2114 1798 2173 1858 eine
2205 1803 2277 1863 neue
2301 1810 2541 1870 Einakterreihe:
2564 1816 2649 1876 „Ma¬

626 1777 696 1837 Dr.
720 1784 1090 1844 Arthur/Schnitzler
1120 1791 1161 1851 ist
1186 1794 1220 1854 am
1268 1800 1420 1860 Mittwoch
1456 1805 1544 1865 abend
1580 1811 1603 1871 im
1651 1825 1839 1885 gionetten".
1863 1830 1956 1890 „Der
1981 1833 2109 1893 junge
2139 1843 2416 1903 Medardus",
2434 1850 2522 1910 dessen
2558 1853 2639 1913 Titel

622 1813 677 1873 69.
701 1820 883 1880 Lebensführ
917 1827 1080 1887 gestorben.
1104 1831 1150 1891 Am
1193 1837 1361 1897 Vormittag
1399 1842 1483 1902 erlitt
1511 1843 1539 1903 er
1572 1844 1604 1904 an

623 1854 702 1914 einem
755 1860 965 1920 Spaziergang
1007 1867 1068 1927 eine
1101 1874 1349 1934 Gehirnblutung
1392 1882 1447 1942 und
1486 1885 1621 1945 verschiet

1634 1859 1720 1919 rolle
1749 1863 1796 1923 dem
1845 1869 1950 1929 großen
1988 1874 2074 1934 Josef
2099 1879 2194 1939 Kainz
2228 1884 2395 1944 zugedacht,
2419 1888 2467 1948 dem
2515 1892 2644 1952 Künstler

626 1892 689 1952 nach
727 1899 961 1959 mehrstündiger
993 1910 1269 1970 Bewußtlosigkeit.

1646 1899 1718 1959 nicht
1746 1903 1822 1963 mehr
1850 1908 1877 1968 zu
1914 1908 2013 1968 spielen
2046 1917 2190 1977 vergönnt
2218 1921 2295 1981 war,
2314 1923 2350 1983 ist
2373 1925 2413 1985 ein
2445 1928 2558 1988 Drama
2590 1932 2640 1992 aus

1637 1935 1694 1995 den
1737 1943 1838 2003 Tagen
1881 1946 1934 2006 der
1968 1952 2121 2012 Besetzung
2164 1958 2265 2018 Wiens
2308 1963 2385 2023 durch
2428 1968 2634 2028 Napoleon1

1639 1978 1810 2038 (erschienen
1840 1984 1942 2044 1909).
1958 1988 2055 2048 Diesem
2095 1995 2188 2055 Werke
2208 1999 2300 2059 folgte
2326 2002 2403 2062 „Das
2428 2006 2511 2066 weite
2531 2010 2629 2070 Land"

693 1992 812 2052 Arthur
838 1999 993 2059 Schnitzler
1024 2003 1119 2063 wurde
1144 2008 1174 2068 am
1215 2010 1270 2070 15.
1291 2011 1360 2071 Mai
1381 2014 1450 2074 1862
1481 2017 1500 2077 in
1532 2018 1611 2078 Wien
1647 2016 1712 2076 eine
1747 2024 1973 2084 Tragikomödie
2009 2027 2058 2087 des
2100 2036 2239 2096 Alterns,
2275 2040 2330 2100 und
2370 2044 2441 2104 1912
2476 2050 2646 2110 „Professor

619 2030 762 2090 geboren,
786 2034 832 2094 als
865 2037 952 2097 Sohn
990 2042 1036 2102 des
1069 2046 1259 2106 ordentlichen
1297 2051 1464 2111 Professors
1492 2054 1529 2114 an
1566 2055 1612 2115 der
1641 2058 1831 2118 Berhardi",
1864 2062 1905 2122 ein
1943 2071 2118 2131 Schauspiel
2152 2074 2207 2134 aus
2250 2077 2295 2137 dem
2347 2084 2500 2144 ärztlichen
2537 2090 2634 2150 Beruf

617 2070 731 2130 Wiener
760 2074 945 2134 Universität
969 2080 1031 2140 Dr.
1050 2084 1169 2144 Johann
1198 2089 1374 2149 Schnitzler,
1398 2093 1469 2153 eines
1503 2095 1612 2155 Laryn=
1641 2096 1693 2156 bei
1717 2099 1802 2159 seiner
1832 2102 2022 2162 Aufführung
2056 2109 2103 2169 von
2132 2115 2293 2175 politischen
2327 2121 2465 2181 Gruppen
2499 2125 2555 2185 viel
2580 2127 2608 2187 um

613 2108 735 2168 gologen
772 2111 826 2171 von
863 2115 1053 2175 Bedeutung,
1081 2123 1112 2183 zu
1149 2123 1234 2183 dessen
1271 2129 1507 2189 Patientenkreis
1544 2135 1616 2195 vielt

1642 2134 1771 2194 stritten.
1795 2139 1836 2199 Im
1879 2144 1976 2204 Jahre
2005 2146 2074 2206 1915
2107 2151 2260 2211 erschienen
2293 2157 2358 2217 drei
2386 2161 2521 2221 Einakter
2554 2168 2637 2228 unter

612 2147 798 2207 prominente
828 2155 1033 2215 Schauspieler
1064 2159 1117 2219 und
1152 2163 1274 2223 Sänger
1304 2169 1460 2229 gehörten.
1486 2172 1613 2232 Schnitz=
1643 2173 1691 2233 dem
1741 2177 1839 2237 Titel:
1869 2183 2030 2243 „Komödie
2065 2187 2114 2247 der
2149 2192 2285 2252 Worte",
2315 2195 2384 2255 1917
2424 2201 2472 2261 das
2512 2204 2638 2264 schwache

614 2186 653 2246 ker
688 2187 824 2247 studierte
859 2195 1020 2255 gleichfalls
1055 2200 1181 2260 Medizin
1221 2204 1245 2264 in
1285 2206 1383 2266 Wien,
1413 2210 1608 2270 promovierte
1643 2214 1735 2274 „Fink
1770 2217 1823 2277 und
1863 2222 2098 2282 Fliederbusch",
2133 2229 2201 2289 1919
2240 2232 2319 2292 „Die
2353 2238 2529 2298 Schwestern
2569 2244 2636 2304 oder

614 2220 681 2280 1885
718 2227 772 2287 und
809 2231 890 2291 war,
918 2234 1036 2294 nachdem
1086 2238 1113 2298 er
1150 2240 1204 2300 auf
1232 2246 1441 2306 verschiedenen
1482 2251 1604 2311 Kliniker

1634 2255 1791 2315 Casanova
1830 2257 1858 2317 in
1897 2260 2002 2320 Spa",
2036 2265 2102 2325 1924
2141 2270 2303 2330 „Komödie
2337 2276 2390 2336 der
2424 2280 2609 2340 Verführung

607 2265 791 2325 praktiziert,
823 2270 874 2330 bis
916 2273 982 2333 1893
1024 2278 1162 2338 Assistent
1194 2281 1292 2341 seines
1328 2284 1441 2344 Vaters
1477 2285 1513 2345 an
1555 2288 1605 2348 der
1643 2290 1693 2350 und
1730 2291 1801 2351 1925
1838 2297 1884 2357 die
1915 2301 2106 2361 dramatische
2137 2310 2301 2370 Dichtung:
2333 2317 2415 2377 „Der
2446 2322 2533 2382 Gang
2570 2326 2620 2386 zum

609 2302 728 2362 Wiener
771 2308 966 2368 allgemeinen
1015 2315 1186 2375 Poliklinik.
1225 2320 1286 2380 Den
1339 2325 1601 2385 militärärztlichen
1640 2329 1769 2389 Weiher"

605 2340 726 2400 Dienst,
759 2344 782 2404 in
824 2347 870 2407 den
913 2352 1070 2412 Schnitzler
1104 2356 1201 2416 später
1234 2359 1312 2419 trat,
1341 2362 1443 2422 mußte
1476 2363 1503 2423 er
1541 2367 1601 2427 nadh

606 2377 653 2437 der
683 2383 869 2443 Publikation
908 2389 1000 2449 seines
1034 2395 1269 2455 „Leutnant
1299 2400 1433 2460 Gustl“
1467 2404 1601 2464 aufgeber

1707 2390 1883 2450 Schnitzlers
1916 2398 2065 2458 Eigenart
2099 2403 2153 2463 und
2193 2406 2298 2466 großes
2337 2412 2447 2472 Talent
2481 2417 2629 2477 offenbart

609 2420 668 2480 und
703 2421 766 2481 bald
801 2427 938 2487 widmete
973 2429 1002 2489 er
1032 2431 1080 2491 sich
1115 2437 1326 2497 ausschließlich
1366 2441 1409 2501 der
1449 2444 1596 2504 Literatur

1634 2428 1681 2488 sich
1715 2429 1791 2489 nicht
1820 2433 1949 2493 weniger
1983 2437 2006 2497 in
2045 2439 2136 2499 seinen
2175 2446 2361 2506 erzählenden
2400 2453 2533 2513 Werken.
2558 2458 2629 2518 1892

1633 2466 1746 2526 erschien
1778 2472 1968 2532 „Sterben“,
1991 2475 2036 2535 das
2068 2478 2113 2538 die
2141 2481 2226 2541 letzten
2263 2485 2344 2545 Tage
2372 2489 2448 2549 eines
2476 2493 2629 2553 Schwind¬

676 2468 740 2528 Die
771 2473 967 2533 Atmosphäre
1002 2478 1047 2538 der
1078 2483 1263 2543 Geistigkeit,
1289 2487 1334 2547 die
1370 2488 1394 2548 in
1430 2490 1600 2550 Schnitzlers

1629 2504 1760 2564 süchtigen
1802 2509 1856 2569 mit
1884 2514 2033 2574 scharfem,
2061 2517 2124 2577 aber
2157 2520 2220 2580 auch
2252 2525 2406 2585 peinlichem
2453 2531 2625 2591 Realismue

601 2506 773 2566 Vaterhaus
803 2513 956 2573 herrschte,
985 2516 1028 2576 die
1052 2518 1124 2578 enge
1153 2525 1330 2585 Berührung
1365 2529 1422 2589 mit
1446 2529 1494 2589 der
1528 2531 1604 2591 soge¬

1627 2544 1770 2604 schildert,
1805 2547 1878 2607 1894
1914 2553 1992 2613 „Die
2032 2557 2199 2617 Blumen“,
2234 2562 2303 2622 1895
2343 2566 2416 2626 „Ein
2461 2570 2609 2630 Abschied“

603 2544 735 2604 nannten
771 2550 857 2610 guten
899 2554 1085 2614 Gesellschaft
1117 2559 1166 2619 der
1204 2562 1271 2622 80er
1308 2565 1358 2625 und
1399 2566 1467 2626 90er
1500 2570 1594 2630 Jahre

1630 2581 1694 2641 1896
1735 2589 1811 2649 „Die
1847 2589 1927 2649 Frau
1968 2592 2013 2652 des
2055 2597 2201 2657 Weisen",
2232 2599 2302 2659 1897
2338 2606 2423 2666 „Der
2459 2610 2605 2670 Ehrentag

605 2586 683 2646 einer
710 2588 904 2648 eigenartigen
942 2597 1073 2657 spezisisch
1099 2600 1336 2660 österreichischen
1363 2607 1510 2667 Mischung
1542 2611 1594 2671 von
1631 2619 1688 2679 und
1731 2626 1804 2686 „Die
1841 2629 1935 2689 Toten
1979 2633 2167 2693 schweigen",
2205 2637 2278 2697 1900
2326 2646 2483 2706 „Andreas
2531 2649 2625 2709 Thal¬

605 2624 791 2684 heterogenen
827 2633 1017 2693 Elementen,
1045 2634 1095 2694 von
1132 2641 1313 2701 Gelehrten,
1340 2646 1585 2706 Großkaufleuten

603 2663 788 2723 Abvolaten,
811 2670 983 2730 Künstlern,
1006 2675 1146 2735 Bankiers
1178 2677 1214 2737 u.
1233 2678 1283 2738 a.,
1306 2681 1350 2741 der
1378 2683 1445 2743 enge
1478 2684 1599 2744 Kontakt

1625 2660 1760 2720 mayer",
1789 2667 1867 2727 „Der
1901 2669 1998 2729 blinde
2031 2675 2209 2735 Geronimo"
2246 2679 2297 2739 wie
2330 2682 2395 2742 auch
2429 2685 2475 2745 die
2504 2687 2624 2747 Novelle

603 2700 658 2760 mit
696 2702 742 2762 den
790 2705 905 2765 Größen
952 2711 999 2771 der
1041 2714 1143 2774 „ersten
1186 2717 1330 2777 deutschen
1372 2721 1516 2781 Bühne",
1549 2723 1581 2783 de

1627 2703 1862 2763 „Leutnant
1882 2707 2035 2767 Gustl";
2055 2714 2150 2774 ferner
2175 2718 2198 2778 im
2242 2720 2357 2780 gleichen
2386 2724 2501 2784 Jahre:
2525 2729 2616 2789 „Frau

593 2741 833 2801 Burgtheaters,
865 2746 910 2806 die
947 2747 973 2807 in
1019 2753 1105 2813 seines
1146 2756 1259 2816 Vaters
1296 2758 1390 2818 Hause
1427 2760 1499 2820 aus¬
1541 2762 1572 2822 un

1619 2738 1714 2798 Berta
1748 2743 1905 2803 Garlan",
1934 2749 2005 2809 dann
2044 2751 2072 2811 im
2115 2756 2210 2816 Laufe
2244 2758 2291 2818 der
2320 2763 2473 2823 folgenden
2511 2768 2606 2828 Jahre

598 2778 770 2838 eingingen,
803 2785 997 2845 beeinflußten
1039 2790 1216 2850 Schnitzlers
1258 2798 1475 2858 Entwicklung;
1508 2801 1580 2861 diese

1624 2781 1700 2841 „Die
1734 2783 1896 2843 griechische
1930 2788 2116 2848 Tänzerin",
2146 2798 2399 2858 „Weissagung",
2428 2804 2514 2864 „Das
2553 2804 2619 2864 neue

599 2819 822 2879 Jugendmilieu
855 2826 949 2886 drückt
977 2828 1065 2888 seinem
1113 2831 1238 2891 späteren
1277 2837 1412 2897 Schaffen
1445 2839 1519 2899 nicht
1548 2840 1584 2900 we

1615 2816 1725 2876 Lied",
1745 2823 1826 2883 „Der
1852 2825 1911 2885 Tod
1943 2826 1988 2886 des
2013 2834 2260 2894 Junggesellen",
2281 2839 2361 2899 „Der
2382 2839 2442 2899 tote
2468 2843 2608 2903 Gabriel“

590 2856 672 2916 niger
700 2857 751 2917 den
783 2862 925 2922 Stempel
953 2864 1008 2924 auf
1032 2866 1082 2926 wie
1115 2869 1165 2929 sein
1197 2872 1353 2932 ärztlicher
1382 2876 1487 2936 Beruf.

1616 2856 1706 2916 „Das
1735 2861 1883 2921 Tagebuch
1917 2865 1964 2925 der
1988 2870 2203 2930 Rebegonda",
2223 2875 2303 2935 „Der
2328 2878 2490 2938 Mörder",
2514 2884 2619 2944 „Drei¬

671 2896 731 2956 Von
765 2899 922 2959 kleineren,
946 2904 1039 2964 längst
1063 2909 1239 2969 vergessenen
1273 2914 1533 2974 Frühprodukten,
1552 2917 1579 2977 di

1621 2893 1692 2953 fache
1717 2899 1888 2959 Warnung“
1917 2902 1969 2962 unh
1999 2908 2233 2968 „Hirtenflöte",
2253 2917 2343 2977 „Frau
2373 2917 2468 2977 Beate
2497 2920 2544 2980 und
2573 2920 2616 2980 ihr

1619 2935 1747 2995 Sohn",
1767 2939 1901 2999 „Doktor
1925 2944 2073 3004 Gräslei,
2092 2950 2279 3010 Badearzt",
2303 2956 2490 3016 „Casanovas
2519 2959 2619 3019 Heim¬

593 2935 621 2995 in
650 2935 694 2995 der
718 2938 892 2998 „Deutschen
921 2944 1151 3004 Wochenschrift"
1180 2948 1275 3008 (1886)
1299 2952 1354 3012 und
1378 2952 1405 3012 in
1434 2954 1478 3014 der
1502 2958 1586 3018 lange
1615 2968 1738 3028 fahrt".
1756 2978 1930 3038 Schnitzlers
1959 2983 2065 3043 neueste
2094 2990 2263 3050 erzählende
2286 2992 2381 3052 Werke
2410 2998 2494 3058 sind:
2512 3001 2601 3061 „Frl

591 2974 665 3034 nicht
689 2976 763 3036 mehr
788 2979 970 3039 bestehenden
999 2985 1163 3045 Zeitschrift
1187 2989 1248 3049 „An
1277 2989 1323 3049 der
1347 2992 1459 3052 schönen
1488 2995 1586 3055 blauer

596 3012 719 3072 Donau"
758 3014 858 3074 (1889)
883 3019 1035 3079 erschienen
1069 3025 1145 3085 sind,
1169 3028 1202 3088 ist
1231 3028 1283 3088 sein
1317 3029 1417 3089 erstes,
1442 3033 1570 3093 aufsehen

1614 3008 1726 3068 Else“
1761 3016 1874 3076 (1924),
1899 3021 1957 3081 eine
1987 3023 2011 3083 in
2041 3025 2119 3085 ihrer
2149 3029 2324 3089 schwierigen
2354 3034 2432 3094 Form
2477 3038 2609 3098 geradezu

588 3050 761 3110 erregendes
793 3055 842 3115 und
875 3055 897 3115 in
930 3057 974 3117 der
1002 3062 1166 3122 damaligen
1198 3064 1266 3124 Zeit
1289 3066 1329 3126 als
1362 3068 1425 3128 kühn
1458 3070 1571 3130 empfun

1616 3052 1812 3112 meisterhafte
1837 3058 1968 3118 Novelle,
1988 3063 2061 3123 „Die
2086 3063 2160 3123 Frau
2190 3066 2233 3126 des
2259 3068 2410 3128 Richters"
2440 3072 2537 3132 (1925)
2557 3075 2606 3135 und

591 3087 674 3147 denes
712 3091 795 3151 Werk
824 3096 1043 3156 „Anatol",
1071 3099 1131 3159 eine
1165 3102 1257 3162 Reihe
1291 3105 1342 3165 von
1379 3109 1580 3169 dramatischen

1614 3087 1658 3147 als
1688 3091 1781 3151 letztes
1811 3099 2075 3159 „Traumnovelle"
2110 3105 2223 3165 (1926).
2243 3108 2306 3168 Alle
2336 3109 2404 3169 diese
2429 3111 2527 3171 Werke
2552 3114 2611 3174 sind

584 3127 751 3187 Dialogen,
785 3132 826 3192 die
864 3134 920 3194 mit
953 3135 1032 3195 ihren
1075 3139 1163 3199 scharf
1196 3143 1392 3203 beobachteten
1435 3148 1579 3208 Menscher

1614 3127 1776 3187 durchwegs
1820 3135 1929 3195 kürzere
1968 3138 2101 3198 Arbeiten
2145 3147 2331 3207 erzählenden
2375 3150 2523 3210 Inhalts,
2552 3152 2614 3212 No¬

1610 3167 1703 3227 vellen
1731 3170 1782 3230 und
1811 3175 2001 3235 Noveletten.
2020 3182 2187 3242 Schnitzlers
2216 3184 2341 3244 einziger
2365 3191 2471 3251 großer
2495 3192 2601 3252 Roman

579 3165 634 3225 und
671 3166 751 3226 deren
789 3170 931 3230 graziöser
969 3175 1097 3235 Sprache
1129 3178 1153 3238 in
1191 3181 1271 3241 einer
1303 3185 1357 3245 fast
1383 3186 1574 3246 spielerischen
1612 3202 1729 3262 erschien
1766 3210 1858 3270 1908:
1890 3217 1989 3277 „Der
2020 3220 2112 3280 Weg
2144 3222 2211 3282 ins
2249 3225 2415 3285 Freie",
2441 3229 2502 3289 eine
2533 3231 2601 3291 grof

586 3202 646 3262 Art
674 3207 748 3267 schon
786 3208 828 3268 die
861 3212 1005 3272 Eigenart
1039 3214 1090 3274 von
1123 3219 1300 3279 Schnitzlers
1338 3222 1445 3282 Talent
1478 3228 1567 3288 zeigen

584 3241 658 3301 Sein
696 3246 817 3306 nächstes
855 3246 910 3306 und
944 3254 1060 3314 zugleich
1098 3256 1149 3316 das
1187 3257 1252 3317 erste
1290 3262 1471 3322 aufgeführte
1505 3263 1570 3323 Wer

1612 3246 1744 3306 gesehene
1771 3250 1919 3310 Synthese
1946 3253 1993 3313 des
2020 3257 2152 3317 geistigen
2184 3259 2300 3319 Wiener
2327 3265 2438 3325 Lebens
2470 3269 2517 3329 zur
2544 3269 2607 3329 Zeit

1611 3282 1658 3342 der
1688 3285 1779 3345 letzten
1818 3295 2145 3355 Jahrhundertwende.

585 3281 650 3341 war
683 3284 767 3344 „Das
805 3288 964 3348 Märchen“
1006 3291 1118 3351 (1893).
1142 3296 1188 3356 In
1226 3297 1277 3357 der
1311 3299 1394 3359 gleich
1432 3302 1483 3362 den
1521 3301 1586 3361 vor¬

584 3320 751 3380 genannten
777 3327 983 3387 Schöpfungen
1009 3331 1056 3391 dem
1092 3335 1207 3395 Wiener
1229 3335 1332 3395 Milieu
1362 3340 1563 3400 entnommene

1684 3339 1726 3399 Es
1758 3343 1794 3403 ist
1826 3345 1869 3405 ein
1906 3353 2171 3413 charakteristisches
2203 3359 2351 3419 Merkmal
2382 3362 2431 3422 der
2469 3363 2493 3423 so
2525 3365 2604 3425 zahl¬

575 3359 822 3419 „Liebelei",
874 3367 1051 3427 Schnitzlers
1112 3373 1265 3433 seinerzeit
1327 3378 1559 3438 meistgespieltem
1606 3379 1709 3439 reichen
1742 3382 1839 3442 Werke
1868 3391 2063 3451 Schnitzlers,
2087 3395 2128 3455 die
2162 3395 2208 3455 dem
2255 3399 2371 3459 Wiener
2400 3401 2506 3461 Milieu
2540 3401 2604 3461 ent¬

583 3398 773 3458 Schauspiel,
801 3403 896 3463 klingt
924 3404 978 3464 das
1014 3410 1218 3470 Anatolmotiv
1255 3413 1359 3473 wider.
1387 3418 1491 3478 Dessen
1527 3417 1581 3477 Ur¬

1606 3419 1741 3479 stammen
1778 3424 1832 3484 und
1874 3426 1937 3486 auch
1974 3431 2092 3491 solcher,
2120 3434 2165 3494 die
2197 3435 2251 3495 erst
2279 3437 2306 3497 in
2343 3439 2393 3499 den
2434 3442 2597 3502 allerletzten

581 3438 762 3498 aufführung
797 3440 894 3500 (1895)
914 3442 948 3502 am
988 3447 1183 3507 Burgtheater
1208 3451 1266 3511 war
1296 3453 1467 3513 Schnitzlers
1492 3456 1574 3516 erster
1600 3457 1717 3517 Jahren
1767 3461 1918 3521 erschienen
1962 3468 2040 3528 sind,
2075 3471 2128 3531 daß
2173 3471 2212 3531 sie
2251 3475 2368 3535 zumeist
2408 3479 2510 3539 Bilder
2550 3480 2598 3540 der

581 3476 685 3536 großer
719 3478 957 3538 Bühnenerfolg.
982 3484 1024 3544 In
1058 3485 1134 3545 Wien
1172 3491 1258 3551 spielt
1287 3493 1348 3553 auch
1382 3493 1434 3553 das
1468 3496 1573 3556 nächste
1602 3496 1673 3556 Zeit
1707 3497 1759 3557 aus
1798 3500 1845 3560 des
1879 3505 2012 3565 Dichters
2046 3510 2183 3570 jüngeren
2222 3513 2336 3573 Jahren
2375 3517 2479 3577 geben.
2508 3520 2594 3580 Einer

584 3512 688 3572 Stück:
713 3514 865 3574 Freiwild“
903 3520 1018 3580 (1896).
1037 3524 1075 3584 In
1109 3527 1185 3587 diese
1209 3530 1309 3590 Jahre
1334 3531 1405 3591 fällt
1434 3532 1476 3592 die
1501 3532 1576 3592 Ent=
1606 3534 1668 3594 viel
1706 3540 1877 3600 sorgloseren
1926 3544 1983 3604 und
2026 3548 2308 3608 unbekümmerteren
2356 3555 2446 3615 Welt,
2485 3559 2527 3619 als
2571 3559 2594 3619 es

581 3555 696 3615 stehung
734 3554 784 3614 des
817 3559 984 3619 „Reigen“,
1012 3562 1077 3622 zehn
1114 3565 1230 3625 Szenen
1268 3567 1327 3627 mit
1356 3570 1402 3630 dem
1453 3573 1569 3633 gleichen
1606 3571 1652 3631 die
1685 3576 1801 3636 heutige
1838 3581 1889 3641 ist,
1917 3582 1995 3642 eines
2033 3585 2121 3645 satten
2168 3589 2218 3649 und
2261 3592 2343 3652 dabei
2381 3597 2589 3657 schöngeistigen

580 3592 729 3652 erotischen
761 3596 982 3656 Grundmotiv,
1005 3601 1045 3661 die
1073 3602 1140 3662 aber
1168 3604 1221 3664 erst
1245 3607 1303 3667 viel
1331 3609 1421 3669 später
1448 3610 1574 3670 gedruckt
1603 3613 1823 3673 Bürgertums,
1860 3619 1891 3679 an
1937 3621 1991 3681 das
2032 3624 2136 3684 soziale
2172 3629 2330 3689 Probleme
2367 3633 2452 3693 selten
2498 3635 2601 3695 heran¬

575 3631 633 3691 und
679 3631 765 3691 1920,
802 3634 943 3694 durchaus
990 3638 1062 3698 nicht
1099 3641 1149 3701 dem
1204 3644 1308 3704 Willen
1350 3645 1400 3705 des
1441 3649 1559 3709 Dichter

1598 3650 1710 3710 treten.
1743 3654 1849 3714 Selten
1892 3658 1985 3718 hallen
2027 3660 2101 3720 seine
2134 3664 2232 3724 Werke
2269 3667 2292 3727 in
2335 3671 2413 3731 einem
2465 3673 2590 3733 schrillen

580 3669 796 3729 entsprechend,
815 3673 896 3733 unter
923 3674 968 3734 dem
1005 3679 1194 3739 Widerspruch
1222 3685 1456 3745 rechtsstehender
1480 3687 1569 3747 Kreise
1598 3688 1665 3748 Ton
1697 3691 1769 3751 aus,
1792 3693 1832 3753 sie
1860 3697 2017 3757 verklingen
2054 3701 2103 3761 und
2136 3704 2356 3764 verdämmern.
2380 3711 2474 3771 Seine
2502 3714 2591 3774 weiche

575 3711 752 3771 aufgeführt
785 3711 921 3771 wurden.
953 3717 1126 3777 Schnitzlers
1163 3720 1263 3780 Werke
1296 3723 1391 3783 reihen
1432 3725 1477 3785 sich
1519 3724 1573 3784 nur

1601 3726 1653 3786 und
1682 3729 1768 3789 dabei
1792 3732 1835 3792 oft
1859 3735 2026 3795 spielerische
2051 3741 2247 3801 Behandlung
2276 3744 2323 3804 der
2348 3748 2505 3808 Probleme
2530 3753 2591 3813 läßt

580 3747 607 3807 in
648 3747 756 3807 rascher
793 3750 906 3810 Folge.
938 3750 978 3810 Es
1015 3756 1191 3816 erschienen:
1228 3759 1313 3819 „Das
1350 3764 1567 3824 Vermächtnis“

1596 3768 1751 3828 Schnitzler
1774 3771 1819 3831 als
1847 3772 1897 3832 den
1930 3777 2185 3837 ausgesprochenen
2217 3785 2445 3845 österreichischen
2478 3790 2591 3850 Dichter

580 3784 691 3844 (1897),
719 3788 761 3848 die
794 3789 854 3849 brei
882 3791 1039 3851 Einakter:
1068 3796 1383 3856 „Paracelsus",
1411 3798 1485 3858 „Die
1509 3804 1774 3864 Ge=erscheinen,
1797 3810 1848 3870 den
1881 3811 1997 3871 Dichter
2030 3815 2108 3875 eines
2141 3820 2340 3880 vergangenen
2373 3825 2475 3885 Wien,
2499 3828 2582 3888 dessen

581 3825 728 3885 jährtin",
748 3825 845 3885 „Der
870 3828 1002 3888 grüne
1022 3831 1203 3891 Kakadu"
1233 3836 1345 3896 (1898),
1366 3838 1414 3898 sein
1444 3842 1551 3902 Drama

1599 3843 1771 3903 Landschaft
1805 3849 1861 3909 und
1900 3852 2067 3912 Umgebung
2107 3857 2135 3917 in
2173 3857 2263 3917 seinen
2303 3862 2417 3922 Werken
2456 3866 2584 3926 lebendig

574 3868 657 3928 „Der
683 3866 815 3926 Schleier
845 3869 889 3929 der
919 3870 1071 3930 Beatrice“
1106 3874 1219 3934 (1899),
1239 3879 1313 3939 dann
1348 3881 1391 3941 der
1422 3881 1574 3941 Einakter=
1599 3883 1692 3943 wird,
