3392 4352
399 174 940 234 rerererderienees

482 259 843 319 literarischer
881 257 1140 317 Nachlass

755 324 891 384 Wien,
916 327 969 387 23.
994 324 1139 384 Oktober

413 379 527 439 Arthur
559 377 735 437 Schnitzler
766 374 823 434 hat
850 374 876 434 in
912 372 1018 432 seinem
1067 371 1181 431 Testa¬

377 428 463 488 ment
489 425 592 485 seinen
626 425 708 485 Sohn
738 425 884 485 Heinrich
919 422 970 482 zum
1018 422 1180 482 alleinigen

385 473 805 533 Testamentsvollstrecker
882 470 938 530 und
1003 468 1178 528 Verwalter

380 524 484 584 seines
522 523 740 583 literarischen
782 520 974 580 Nachlasses
1016 518 1191 578 bestimmt.

374 574 425 634 Als
458 571 593 631 Berater
626 571 701 631 wird
738 571 785 631 ihm
832 569 944 629 dabei,
972 568 1056 628 einem
1104 565 1182 625 letz¬

377 625 502 685 willigen
532 619 687 679 Wunsche
718 619 769 679 des
795 616 877 676 toten
912 616 1058 676 Dichters
1084 616 1182 676 zufol¬

368 677 422 737 ge,
450 673 583 733 Richard
621 668 897 728 Beer-Hoffmann
972 666 1031 726 zur
1101 663 1188 723 Seite

377 723 500 783 stehen.
532 721 602 781 Eine
647 718 889 778 oberflächliche
925 715 1075 775 Sichtung
1124 712 1176 772 des

378 771 594 831 vorhandenen
629 768 788 828 Materials
820 767 929 827 ergab,
947 765 1005 825 daß
1036 765 1102 825 eine
1133 762 1185 822 un¬

371 822 505 882 geheure
544 819 664 879 Anzahl
695 816 750 876 von
794 816 1070 876 Aufzeichnungen
1148 813 1169 873 im

371 870 585 930 Schreibtisch
620 870 671 930 des
702 867 852 927 Dichters
882 864 1083 924 aufbewahrt
1110 864 1191 924 war.

426 1843 462 1903 Es
491 1843 603 1903 fanden
636 1841 701 1901 sich
734 1840 963 1900 verschiedene
1029 1836 1202 1896 Novellen¬

389 1895 584 1955 fragmente,
603 1891 753 1951 darunter
780 1891 844 1951 eine
876 1888 1058 1948 halbfertige
1090 1887 1204 1947 Novel¬

392 1944 431 2004 le,
452 1944 502 2004 für
533 1941 649 2001 welche
685 1941 740 2001 der
771 1938 902 1998 Dichter
933 1938 978 1998 als
1010 1936 1095 1996 Titel
1126 1933 1201 1993 »Der

390 1992 595 2052 Sekundante
626 1989 766 2049 gewählt
797 1989 897 2049 hatte.
928 1988 1008 2048 Auch
1044 1986 1129 2046 Teile
1159 1985 1204 2045 ei¬

395 2043 444 2103 nes
477 2042 591 2102 großen
623 2040 765 2100 Romans
838 2037 898 2097 und
966 2034 1039 2094 eine
1108 2034 1204 2094 große

388 2094 569 2154 Sammlung
609 2091 666 2151 von
707 2088 914 2148 Aphorismen
950 2085 1056 2145 waren
1092 2085 1206 2145 darun¬

391 2144 458 2204 ter.
477 2143 573 2203 Unter
607 2141 660 2201 den
699 2137 1022 2197 unveröffentlichten
1060 2135 1209 2195 dramati¬

390 2193 483 2253 schen
519 2192 714 2252 Dichtungen
755 2187 861 2247 wurde
897 2188 937 2248 ein
1013 2184 1217 2244 Schauspiel,

396 2243 521 2303 betitelt
550 2240 629 2300 »Zug
662 2239 719 2299 der
747 2237 939 2297 Schatten«,
963 2234 1216 2294 sichergestellt.

397 2293 451 2353 das
483 2291 601 2351 bereits
629 2291 719 2351 fertig
752 2288 792 2348 ist
821 2286 875 2346 und
943 2286 1043 2346 sogar
1112 2284 1207 2344 schon

399 2341 540 2401 mehrere
572 2339 649 2399 Male
681 2336 917 2396 umgearbeitet
945 2333 1068 2393 wurde.
1128 2333 1209 2393 Aber

396 2392 494 2452 selbst
523 2392 546 2452 in
579 2391 630 2451 der
659 2389 771 2449 letzten
809 2384 945 2444 Fassung
978 2383 1062 2443 hatte
1091 2380 1123 2440 es
1157 2380 1208 2440 der

397 2442 529 2502 Dichter
555 2439 628 2499 noch
653 2439 741 2499 nicht
762 2436 810 2496 für
835 2434 884 2494 die
909 2434 1017 2494 Bühne
1042 2431 1219 2491 bestimmt.

403 2491 547 2551 Daneben
580 2488 647 2548 sind
680 2488 756 2548 noch
798 2485 924 2545 weitere
997 2482 1206 2542 dramatische

400 2540 586 2600 Fragmente
620 2535 821 2595 vorhanden,
846 2535 936 2595 deren
970 2532 1118 2592 Ordnung
1153 2530 1214 2590 viel

401 2591 468 2651 Zeit
496 2589 518 2649 in
551 2589 711 2649 Anspruch
743 2586 875 2646 nehmen
907 2583 1002 2643 wird.

447 2639 508 2699 Der
537 2637 678 2697 Nachlaß
712 2634 768 2694 des
797 2634 949 2694 Dichters
984 2634 1108 2694 enthält
1136 2631 1209 2691 auch

409 2691 470 2751 eine
507 2690 604 2750 große
642 2688 718 2748 Zahl
750 2685 806 2745 von
848 2682 1090 2742 Tagebüchern,
1123 2680 1209 2740 deren

403 2738 638 2798 Gesamtinhalt
673 2735 737 2795 eine
816 2734 1080 2794 Autobiographie
1159 2727 1213 2787 des

403 2789 551 2849 Dichters
585 2786 743 2846 darstellt.
766 2783 944 2843 Allerdings
977 2781 1018 2841 ist
1051 2780 1107 2840 mit
1135 2777 1219 2837 einer

425 2837 704 2897 Veröffentlichung
788 2834 891 2894 dieser
946 2831 1215 2891 Autobiographie

415 2888 563 2948 vorläufig
597 2886 683 2946 nicht
712 2885 745 2945 zu
779 2882 932 2942 rechnen,
957 2882 1038 2942 denn
1072 2879 1129 2939 das
1163 2877 1220 2937 Te¬

412 2938 545 2998 stament
577 2935 736 2995 verbietet
767 2934 811 2994 die
848 2929 1055 2989 Verwertung
1091 2927 1149 2987 des
1180 2927 1224 2987 in¬

416 2986 658 3046 teressantesten
695 2983 860 3043 Maiszials
892 2980 953 3040 vor
985 2980 1098 3040 Ablauf
1165 2977 1222 3037 der

413 3037 562 3097 nächsten
595 3037 734 3097 dreißig.
758 3037 786 3097 ja
820 3034 842 3094 in
880 3034 1001 3094 einigen
1039 3031 1136 3091 Fällen
1174 3029 1220 3089 so¬

413 3092 468 3152 gar
499 3088 615 3148 vierzig
651 3088 762 3148 Jahre.

440 3171 463 3231 Im
512 3177 642 3237 Nachlaß
676 3184 868 3244 Schnitzlers
898 3192 1003 3252 wurde
1038 3195 1110 3255 auch
1139 3201 1201 3261 fol¬

377 3222 473 3282 gende
505 3225 683 3285 letzwillige
711 3235 889 3295 Verfügung
921 3242 1094 3302 gefunden:

387 3273 669 3333 »Bestimmungen,
692 3280 735 3340 die
762 3284 806 3344 ich
837 3285 907 3345 nach
944 3289 1058 3349 meinem
1098 3297 1190 3357 Able¬

382 3318 428 3378 ben
457 3318 490 3378 zu
519 3324 641 3384 erfüllen
666 3326 759 3386 bitte:

432 3368 615 3428 Herzstich.

435 3416 525 3476 Keine
563 3422 711 3482 Kränze!

434 3464 524 3524 Keine
554 3470 668 3530 Parte!
688 3473 769 3533 Auch
798 3475 821 3535 in
851 3478 903 3538 der
927 3483 1056 3543 Zeitung
1086 3489 1186 3549 nicht!

429 3515 596 3575 Begräbnis
626 3520 736 3580 letzter
765 3525 895 3585 Klasse.
910 3529 976 3589 Das
1001 3533 1092 3593 durch
1121 3535 1178 3595 Be¬

365 3562 488 3622 folgung
523 3564 626 3624 dieser
656 3571 867 3631 Bestimmung
907 3580 1063 3640 erübrigte
1099 3586 1172 3646 Geld

367 3607 407 3667 st
430 3613 694 3673 Spitalszwecken
727 3623 954 3683 zuzuwenden.

420 3660 511 3720 Keine
542 3664 668 3724 Reden!

418 3710 618 3770 Vermeidung
651 3718 730 3778 allen
782 3720 921 3780 rituellen
992 3728 1177 3788 Beiwerks.

365 3757 599 3817 (Insbesondere
632 3765 911 3825 Leichenwächter
940 3773 996 3833 und
1029 3774 1061 3834 so
1094 3779 1173 3839 wei¬

362 3804 443 3864 ter).

411 3855 497 3915 Keine
531 3858 646 3918 Trauer
670 3864 775 3924 tragen
810 3867 881 3927 nach
910 3870 1025 3930 meinem
1074 3876 1169 3936 Tode,

349 3900 478 3960 absolut
498 3906 602 3966 keine.
623 3909 736 3969 Arthur
762 3915 960 3975 Schnitzler.

404 3947 433 4007 In
459 3953 615 4013 Erfüllung
641 3957 746 4017 dieser
772 3963 984 4023 letztwilligen
1045 3971 1161 4031 Verfü¬

349 3998 449 4058 gung,
471 4000 570 4060 wurde
598 4006 714 4066 Arthur
735 4011 909 4071 Schnitzler
936 4019 1025 4079 heute
1052 4022 1173 4082 mittags

354 4044 388 4104 in
414 4049 570 4109 sehliehter
596 4053 696 4113 Neise
722 4056 747 4116 in
778 4059 858 4119 einem
894 4063 949 4123 von
975 4067 1030 4127 der
1051 4067 1116 4127 Nie

348 4094 396 4154 ner
424 4099 644 4159 israelitischen
683 4109 952 4169 Kultusgemeinde
985 4117 1152 4177 gewidpe¬

347 4142 389 4202 ten
422 4148 595 4208 Ehrengrab
628 4150 820 4210 beigesetzt.

1862 1636 2578 1696 OBSERVER

1947 1688 1974 1748 I.
1984 1691 2106 1751 österr.
2116 1695 2266 1755 behördl.
2276 1703 2573 1763 konzessioniertes

1899 1730 2135 1790 Unternehmen
2163 1736 2212 1796 für
2240 1743 2622 1803 Zeitungs-Ausschnitte

1955 1786 2100 1846 WIEN,
2128 1794 2175 1854 I.,
2203 1801 2494 1861 WOLLZEILE
2543 1807 2583 1867 11

2048 1847 2261 1907 TELEPHON
2299 1855 2474 1915 R-23-0-43

1845 1983 2068 2043 Ausschnitt
2091 1987 2185 2047 aus:

2109 2058 2256 2118 eraues
2271 2072 2439 2132 Rorpporor
2461 2082 2509 2142 anr

2205 2174 2232 2234 2
2251 2174 2305 2234 5.
2326 2177 2445 2237 0KT.
2466 2172 2566 2232 1931

1840 2204 1953 2264 vom:

1858 2321 1918 2381 der
1949 2327 2173 2387 reichhaltige
2204 2344 2418 2404 literarische
2439 2352 2632 2412 Nachlaff—

2099 2382 2325 2442 Schnitzlers.

1823 2426 1960 2486 Mehrere
1988 2436 2198 2496 Theaterstücke
2226 2445 2281 2505 und
2313 2449 2354 2509 ein
2386 2457 2596 2517 Romantorso.

1823 2482 1884 2542 Aus
1914 2488 2024 2548 Wien
2063 2494 2134 2554 wird
2169 2502 2321 2562 gemeldet:
2351 2510 2413 2570 Wie
2447 2518 2595 2578 berichtet,
2619 2524 2667 2584 be¬

1746 2520 1841 2580 sindet
1871 2524 1913 2584 sich
1947 2528 1975 2588 im
2024 2533 2149 2593 Nachlaß
2183 2543 2298 2603 Arthur
2332 2554 2581 2614 Schnitzlers
2620 2563 2657 2623 ein

1743 2555 1827 2615 völlig
1853 2567 2084 2627 fertiggestelltes
2110 2580 2281 2640 Schauspiel
2306 2589 2406 2649 „Zug
2437 2593 2502 2653 der
2528 2601 2663 2661 Schat¬

1703 2595 1839 2655 Aten.
1865 2606 2015 2666 Außerdem
2062 2613 2177 2673 wurden
2212 2624 2429 2684 vorgefunden:
2455 2633 2497 2693 ein
2532 2639 2656 2699 Tage¬

1736 2637 1838 2697 buch,
1864 2640 1915 2700 das
1946 2654 2245 2714 antebiographisches
2280 2665 2425 2725 Material
2456 2672 2567 2732 enthält
2597 2679 2652 2739 und

1736 2676 1789 2736 auf
1815 2683 2001 2743 Jahrzehnte
2028 2694 2190 2754 zurückgeht
2217 2700 2270 2760 und
2302 2703 2367 2763 über
2399 2710 2482 2770 dessen
2513 2717 2654 2777 Publika¬

1729 2713 1791 2773 tion
1823 2723 1982 2783 Schnitzler
2014 2731 2140 2791 spezielle
2172 2744 2381 2804 Verfügungen
2417 2752 2557 2812 getroffen
2590 2760 2657 2820 hat,

1731 2754 1776 2814 des
1806 2762 1938 2822 weiteren
1974 2768 2025 2828 das
2049 2776 2239 2836 Manuskript
2263 2785 2343 2845 eines
2372 2792 2551 2852 begonnenen
2586 2800 2649 2860 Ro¬

1732 2855 1835 2915 mans.
1857 2861 1939 2921 Dann
1973 2864 2014 2924 ein
2044 2874 2376 2934 Verseinakter,
2394 2882 2443 2942 der
2473 2884 2493 2944 im
2535 2888 2651 2948 Lands¬

1747 2900 1952 2960 necht=Milieu
1994 2905 2040 2965 des
2083 2915 2339 2975 Dreißigjährigen
2386 2922 2507 2982 Krieges
2544 2929 2646 2989 spielt,

1728 2934 1827 2994 ferner
1859 2938 1900 2998 ein
1942 2944 2033 3004 Stück
2065 2947 2119 3007 aus
2156 2952 2202 3012 dem
2252 2956 2343 3016 Peter
2389 2963 2648 3023 Altenberg¬

1728 2974 1809 3034 Kreis
1844 2977 1891 3037 des
1926 2986 2128 3046 vergangenen
2159 2992 2262 3052 Wien,
2288 2995 2322 3055 an
2357 2998 2404 3058 dem
2452 3002 2498 3062 der
2529 3006 2645 3066 Dichter

1730 3016 1783 3076 mit
1805 3016 1977 3076 besonderer
2004 3028 2189 3088 Herzlichkeit
2207 3034 2291 3094 hing.
2313 3037 2383 3097 Doch
2410 3040 2511 3100 konnte
2538 3043 2569 3103 er
2596 3046 2639 3106 sich

1728 3055 1856 3115 niemals
1882 3064 2088 3124 entschließen,
2110 3069 2157 3129 das
2187 3073 2272 3133 Stück
2299 3075 2345 3135 dem
2389 3079 2479 3139 Druck
2505 3085 2530 3145 zu
2561 3085 2650 3145 über¬

1724 3094 1808 3154 geben
1843 3097 1896 3157 und
1928 3101 1962 3161 an
1994 3103 2038 3163 die
2069 3109 2193 3169 Bühnen
2229 3115 2378 3175 versenden
2414 3121 2440 3181 zu
2476 3124 2577 3184 lassen.
2604 3126 2644 3186 Er

1728 3132 1822 3192 wollte
1848 3137 1895 3197 ihm
1938 3141 2045 3201 immer
2071 3148 2174 3208 wieder
2205 3150 2264 3210 eine
2295 3156 2363 3216 neue
2389 3161 2513 3221 Fassung
2544 3165 2646 3225 geben.

1724 3174 1786 3234 Das
1813 3177 1896 3237 Stück
1918 3180 2019 3240 bringt
2038 3185 2183 3245 Gestalten
2215 3190 2267 3250 auf
2290 3192 2329 3252 die
2356 3198 2475 3258 Bühne,
2498 3201 2519 3261 in
2551 3203 2634 3263 denen

1719 3211 1787 3271 man
1822 3219 1951 3279 Figuren
1981 3223 2032 3283 aus
2062 3225 2109 3285 dem
2152 3230 2379 3290 Freundeskreis
2410 3239 2581 3299 Schnitzlers
2612 3245 2632 3305 zu

1717 3252 1857 3312 erkennen
1894 3261 2012 3321 glaubt.
2035 3264 2098 3324 Der
2126 3267 2239 3327 Dichter
2272 3274 2321 3334 gab
2353 3276 2399 3336 ihm
2440 3282 2639 3342 ursprünglich

1721 3291 1768 3351 den
1802 3292 1883 3352 Titel
1913 3300 2013 3360 „Das
2037 3306 2171 3366 Wort“

1794 3335 1906 3395 Ferner
1939 3339 2066 3399 befindet
2093 3344 2139 3404 sich
2171 3347 2198 3407 in
2230 3347 2279 3407 der
2308 3359 2639 3419 Manuskriptensamm¬

1715 3371 1785 3431 lung
1821 3374 1860 3434 ein
1897 3378 2055 3438 einaktiges
2087 3385 2175 3445 Stück
2202 3389 2334 3449 „Haus
2366 3395 2524 3455 Delorm
2591 3399 2635 3459 Es

1719 3407 1796 3467 sollte
1828 3413 1895 3473 schon
1932 3416 1986 3476 vor
2014 3419 2045 3479 26
2082 3425 2195 3485 Jahren
2232 3428 2258 3488 in
2291 3431 2422 3491 Berlin!
2449 3435 2481 3495 an
2540 3441 2617 3501 einem

1722 3449 1816 3509 Abend
1846 3452 1901 3512 mit
1932 3455 1978 3515 dem
2026 3464 2162 3524 „Grünen
2197 3469 2333 3529 Kakadu“
2364 3473 2483 3533 gespielt
2509 3479 2637 3539 werden.

1710 3488 1777 3548 Vor
1814 3491 1858 3551 der
1895 3497 2085 3557 Aufführung
2122 3504 2257 3564 entschloß
2299 3509 2344 3569 sich
2381 3517 2552 3577 Schnitzler,
2580 3518 2629 3578 das

1715 3528 1812 3588 Stück,
1830 3532 1882 3592 das
1910 3534 1935 3594 im
1976 3538 2081 3598 Milieu
2113 3543 2191 3603 einer
2218 3549 2478 3609 Theaterfamilie,
2501 3556 2544 3616 der
2572 3559 2633 3619 Fa¬

1714 3565 1793 3625 milie
1829 3574 1992 3634 Saudrock,
2019 3580 2134 3640 spielte,
2161 3587 2417 3647 zurückzuzieh:.
2444 3591 2484 3651 Er
2520 3598 2573 3658 hat
2600 3600 2630 3660 es

1710 3604 1774 3664 auch
1804 3607 1828 3667 in
1863 3610 1907 3670 all
1932 3614 1976 3674 den
2011 3620 2193 3680 kommenden
2223 3628 2336 3688 Jahren
2376 3631 2449 3691 nicht
2475 3636 2553 3696 mehr
2583 3639 2632 3699 zyr

1711 3649 1903 3709 Aufführung
1940 3660 2191 3720 herausgegeben.
