3344 4352
1467 303 1586 363 box
1669 303 1841 363 43/5

351 318 836 378 Schnitzler
905 310 932 370 s
1000 311 1237 371 Death

1452 706 1534 766 Die
1556 706 1678 766 nächste
1700 709 1874 769 Nummer
1895 709 1955 769 der
1978 712 2120 772 „Neuen
2153 712 2275 772 Freien
2296 711 2419 771 Presse

2495 724 2617 784 blauen.
2642 726 2703 786 So,
2722 724 2851 784 zwischen
2888 727 3078 787 Kahlenberg
3110 730 3164 790 und
3196 733 3330 793 Stephar

1440 759 1618 819 erscheint
1642 759 1804 819 Montag
1839 759 2105 819 nachmittags.

2493 771 2543 831 sein
2589 771 2731 831 geistiger
2765 771 2913 831 Anblick,
2948 771 3072 831 Anblick
3113 774 3169 834 und
3204 777 3333 837 Ausbli¬

2485 816 2574 876 auch,
2592 816 2699 876 zeitlich
2730 819 2901 879 umgrenzt,
2926 819 2997 879 seine
3027 822 3146 882 geistige
3171 823 3229 883 und
3254 825 3330 885 sittli

2498 861 2520 921 im
2559 864 2807 924 Abenddämmer
2830 865 2879 925 des
2902 868 3299 928 franzisco-josephinischen

1716 906 2066 966 Feuilleton.

498 909 587 969 Wo

2494 909 2526 969 ist
2549 909 2609 969 vier
2638 909 2737 969 Jahre
2765 909 2815 969 vor
2843 911 2892 971 der
2921 912 3059 972 Schlacht
3088 915 3137 975 von
3171 918 3331 978 Königgrä

2488 953 2535 1013 hat
2566 953 2612 1013 den
2649 956 2791 1016 Umsturz
2821 956 2874 1016 und
2904 956 3028 1016 Zerfall
3065 962 3111 1022 des
3142 962 3224 1022 alten
3255 962 3331 1022 Oest

2491 1001 2626 1061 Dutzend
2655 1001 2751 1061 Jahre
2774 1003 2927 1063 überlebt.
2944 1004 3080 1064 Rechnet
3097 1007 3165 1067 man
3200 1010 3340 1070 Eingang

1392 1022 1560 1082 Arthur
1588 1025 1817 1085 Schnitzler
1852 1025 1885 1085 im
1940 1025 2074 1085 Bilde
2109 1025 2244 1085 seiner
2278 1028 2393 1088 Zeit.

2492 1045 2545 1105 ab,
2576 1046 2605 1106 so
2630 1048 2727 1108 bleibt
2752 1049 2811 1109 eine
2842 1050 2975 1110 Epoche,
3012 1052 3054 1112 die
3084 1053 3133 1113 sich
3164 1055 3314 1115 ungefähr

1417 1082 1496 1142 Wer
1521 1083 1575 1143 sich
1607 1085 1809 1145 unterfängt,
1841 1085 1883 1145 ein
1920 1085 1988 1145 Bild
2026 1085 2154 1145 Arthur
2179 1091 2363 1151 Schnitzlers
2407 1094 2436 1154 zu

2494 1091 2556 1151 drei
2579 1094 2782 1154 Jahrzehnten
2816 1094 2862 1154 der
2890 1098 3144 1158 Regierungszeit
3174 1100 3218 1160 des
3253 1102 3325 1162 alten

1329 1130 1509 1190 entwerfen,
1556 1130 1606 1190 der
1641 1132 1708 1192 darf
1737 1133 1810 1193 über
1839 1134 1889 1194 dem
1935 1135 2071 1195 örtlichen
2111 1136 2172 1196 auch
2207 1136 2258 1196 den
2298 1137 2444 1197 zeitlichen

2496 1139 2540 1199 Ein
2581 1139 2648 1199 noch
2688 1142 2749 1202 halb
2784 1142 2998 1202 romantisches
3033 1145 3122 1205 Wien
3163 1147 3207 1207 der
3242 1147 3326 1207 Gasl

785 1175 1073 1235 RVER

1327 1178 1534 1238 Hintergrund
1570 1178 1650 1238 nicht
1680 1180 1956 1240 vernachlässigen.
2003 1180 2049 1240 Es
2084 1183 2147 1243 gibt
2176 1183 2291 1243 Köpfe,
2321 1183 2366 1243 die
2402 1183 2424 1243 im

366 1188 711 1248 OBSE

2485 1183 2536 1243 des
2571 1183 2684 1243 offenen
2719 1186 2908 1246 Wienbettes
2942 1189 3108 1249 bezeichnet
3137 1192 3223 1252 ihren
3257 1194 3336 1254 Anfe

1327 1222 1428 1282 Leeren
1463 1225 1639 1285 schweben;
1691 1225 1923 1285 monumentale
1952 1228 2123 1288 Gesichter,
2157 1230 2202 1290 die
2249 1231 2350 1291 zeitlos
2402 1229 2430 1289 im

2487 1228 2536 1288 der
2565 1231 2726 1291 Brotkarte
2771 1231 2833 1291 und
2861 1234 2910 1294 des
2950 1237 3072 1297 sozialen
3112 1240 3268 1300 Umbaues
3302 1240 3323 1300 ih

447 1242 473 1302 I.
488 1240 606 1300 österr.
616 1240 766 1300 behördl.
781 1235 1082 1295 konzessioniertes

1327 1270 1442 1330 Raume
1472 1270 1587 1330 stehen,
1612 1270 1704 1330 dessen
1745 1273 1977 1333 Unendlichkeit
2006 1273 2092 1333 ihnen
2128 1276 2174 1336 als
2210 1278 2325 1338 einzige
2355 1277 2441 1337 Folie

400 1282 637 1342 Unternehmen
670 1279 719 1339 für
743 1276 1131 1336 Zeitungs-Ausschnitte

2497 1277 2618 1337 zwischen
2654 1279 2804 1339 Dämmer
2833 1282 2885 1342 und
2915 1282 3018 1342 Staub
3048 1285 3140 1345 bleibt
3164 1286 3216 1346 das
3245 1285 3331 1345 Gesic

1323 1315 1419 1375 dient.
1470 1318 1543 1378 Das
1578 1318 1690 1378 Haupt
1719 1320 1837 1380 Cäsars
1883 1320 1989 1380 bedarf
2030 1321 2130 1381 keiner
2176 1324 2435 1384 landschaftlichen

2485 1322 2638 1382 dasselbe,
2673 1325 2718 1385 ein
2752 1324 2882 1384 Gesicht,
2923 1327 2962 1387 ein
2997 1330 3087 1390 Kopf
3110 1332 3167 1392 aus
3201 1333 3252 1393 den
3292 1335 3326 1395 ne

456 1340 604 1400 WIEN,
632 1342 679 1402 I.,
707 1342 991 1402 WOLLZEILE
1039 1336 1079 1396 11

1327 1362 1569 1422 Untermalung,
1603 1365 1674 1425 noch
1714 1365 1774 1425 das
1814 1368 1929 1428 Haupt
1969 1368 2123 1428 Dantes;
2174 1368 2217 1428 sie
2257 1368 2317 1428 sind
2362 1371 2444 1431 nicht

2492 1368 2537 1428 des
2571 1371 2690 1431 vorigen
2725 1372 2979 1432 Jahrhunderts.
3025 1374 3087 1434 Ein
3122 1377 3246 1437 weicher
3275 1377 3320 1437 Sp

556 1392 765 1452 TELEPHON
802 1389 974 1449 R-23-0-43

1327 1411 1470 1471 organisch
1500 1413 1557 1473 aus
1581 1410 1661 1470 ihrer
1684 1413 1753 1473 Zeit
1777 1411 1834 1471 und
1863 1413 2036 1473 Umgebung
2065 1416 2197 1476 erblüht,
2221 1416 2284 1476 eher
2308 1416 2440 1476 kristall¬

2491 1416 2635 1476 Daudets
2670 1419 2797 1479 lockigen
2838 1419 2895 1479 und
2930 1421 3092 1481 launigen,
3122 1424 3179 1484 nur
3208 1426 3317 1486 freilich

1327 1458 1405 1518 artig
1457 1458 1518 1518 aus
1570 1458 1654 1518 ihren
1712 1461 1841 1521 Kräften
1899 1461 2255 1521 zusammengeschossen.
2323 1463 2447 1523 Arthur

2487 1464 2707 1524 Erzählerbart
2731 1465 2897 1525 erinnerte,
2922 1467 2979 1527 und
3009 1467 3072 1527 eine
3095 1470 3223 1530 unruhig
3258 1476 3332 1536 gezir

1324 1504 1503 1564 Schnitzlers
1539 1506 1706 1566 menschlich
1742 1507 1817 1567 nahe
1852 1509 1910 1569 und
1946 1509 2067 1569 geliebte
2096 1512 2183 1572 Züge
2212 1511 2351 1571 bedürfen
2392 1512 2444 1572 der

2493 1512 2832 1572 Lavallière=Krawatte
2860 1513 2981 1573 waren,
3008 1515 3087 1575 wenn
3125 1517 3194 1577 auch
3227 1519 3326 1579 entfär

358 1538 574 1598 Ausschnitt
601 1534 690 1594 aus:

1324 1552 1508 1612 Anlehnung
1543 1553 1571 1613 an
1612 1553 1652 1613 die
1681 1553 1878 1613 Landschaft,
1901 1553 1981 1613 deren
2017 1555 2155 1615 Farben,
2179 1558 2201 1618 ja
2237 1556 2322 1616 sogar
2352 1558 2432 1618 deren

2490 1556 2653 1616 geknüpft,
2673 1559 2716 1619 bis
2742 1559 2842 1619 zuletzt
2868 1560 2886 1620 im
2931 1559 3037 1619 Bilde.
3051 1562 3182 1622 Geistig,
3203 1565 3321 1625 richtige

1327 1598 1425 1658 Linien
1460 1600 1512 1660 mit
1541 1598 1587 1658 den
1622 1601 1830 1661 Jahreszeiten
1865 1601 2015 1661 wechseln.
2039 1603 2148 1663 Rüstig
2178 1602 2334 1662 schreitend
2369 1604 2443 1664 sieht

2489 1602 2606 1662 Arthur
2631 1604 2789 1664 Schnitzler
2819 1606 2895 1666 seine
2920 1607 2990 1667 Zeit
3015 1608 3238 1668 überwachsen,
3262 1612 3285 1672 im

573 1604 653 1664 Neue
683 1608 783 1668 Freie
802 1614 938 1674 Presse,
957 1617 1039 1677 Wien

1323 1644 1387 1704 man
1426 1646 1474 1706 ihn
1512 1646 1538 1706 in
1572 1646 1739 1706 Gedanken
1788 1646 1836 1706 den
1875 1649 2085 1709 Wienerwald
2129 1649 2323 1709 durchqueren
2372 1649 2442 1709 oder

2491 1649 2514 1709 in
2550 1649 2597 1709 den
2634 1652 2776 1712 Bildern,
2800 1652 2847 1712 die
2872 1652 2901 1712 er
2931 1653 2984 1713 von
3014 1655 3061 1715 ihr
3091 1655 3257 1715 bewahrte,
3276 1660 3310 1720 ist

1318 1691 1355 1751 am
1400 1692 1538 1752 offenen,
1566 1694 1886 1754 sonnenbeschienenen
1920 1696 2046 1756 Fenster
2075 1697 2168 1757 seines
2202 1697 2433 1757 hochgelegenen

2484 1697 2597 1757 blieben
2634 1697 2675 1757 bis
2706 1700 2753 1760 zum
2796 1697 2892 1757 letzten
2929 1702 3090 1762 Atemzug.
3121 1703 3199 1763 Noch
3229 1705 3253 1765 in
3290 1705 3331 1765 sei

1324 1739 1588 1799 Arbeitszimmers
1624 1741 1669 1801 die
1694 1741 1774 1801 schon
1803 1741 1993 1801 angejahrten
2028 1743 2144 1803 Gärten
2173 1743 2224 1803 der
2248 1744 2432 1804 Umgebung

2488 1741 2559 1801 velle
2590 1744 2722 1804 „Flucht
2747 1744 2770 1804 in
2807 1744 2855 1804 die
2879 1744 3096 1804 Finsternis",
3133 1748 3216 1808 deren
3253 1750 3325 1810 Erso

367 1764 471 1824 vom:

1324 1785 1414 1845 seiner
1443 1786 1527 1846 Villa
1562 1787 1726 1847 überragen
1766 1788 1823 1848 und
1852 1788 1902 1848 die
1931 1789 1953 1849 im
1999 1789 2106 1849 Dunst
2135 1791 2299 1851 aufgelöste
2334 1791 2446 1851 Stadt,

2491 1788 2577 1848 seinem
2619 1792 2844 1852 Entschwinden
2874 1792 2995 1852 kreuzt,
3013 1795 3187 1855 verörtlicht
3211 1795 3268 1855 und
3292 1795 3325 1855 ve

632 1795 649 1855 7
677 1796 732 1856 5.
752 1801 881 1861 OKT.
900 1798 1001 1858 1931

1318 1833 1406 1893 deren
1442 1834 1660 1894 Straßenzüge
1691 1837 1749 1897 und
1785 1839 2062 1899 Kirchturmspitzen
2099 1837 2127 1897 in
2164 1837 2210 1897 der
2240 1837 2340 1897 Ferne
2371 1837 2440 1897 ver¬

2484 1837 2634 1897 spannend
2666 1840 2866 1900 entwickelten
2903 1843 3139 1903 pathologischen
3177 1847 3322 1907 Vorgang

1285 2004 1369 2064 tre
1430 2007 2209 2067 Damen-Jonfcktion

2383 2007 2935 2067 Gesellschafts-.
2956 2013 3287 2073 Abendfl

1287 2068 1483 2128 itzückende
1516 2070 1700 2130 Neuheiten
1745 2070 1795 2130 für
1828 2070 1884 2130 die
1923 2073 2247 2133 Wintersaison:

2379 2071 2436 2131 aus
2483 2071 2605 2131 Crêpe
2657 2072 2891 2132 Georgette,
2937 2074 3130 2134 Mongol,
3170 2078 3299 2138 Crêpe

2377 2120 2441 2180 und
2477 2121 2600 2181 Crêpe
2642 2120 2689 2180 de
2725 2119 2872 2179 Chine,
2908 2122 3137 2182 allerneueste
3173 2124 3331 2184 Modelle

1529 2147 1830 2207 Mäntel

2371 2168 2652 2228 schmackvoller
2687 2165 2980 2225 Linienlührung,
3015 2168 3043 2228 in
3084 2169 3233 2229 schönen
3280 2173 3336 2233 M.

1109 2205 1168 2265 aus
1199 2204 1303 2264 seinem
1348 2204 1430 2264 Tuch
1461 2207 1527 2267 und
1558 2207 1744 2267 englischen
1782 2208 2006 2268 Modestosfen
2037 2207 2103 2267 mit
2126 2207 2245 2267 Edel¬

2652 2216 2712 2276 und
2749 2216 3027 2276 rzichhaltigster
3051 2219 3250 2279 Auswahl.

1103 2257 1541 2317 fellverbrämungen,
1584 2255 1649 2315 wie
1698 2258 1950 2318 Persianer,
1998 2256 2250 2316 Astrachan,

1109 2300 1362 2360 White-coat
1404 2303 1474 2363 und
1522 2303 1775 2363 Naturbisam
1847 2304 1882 2364 in
1930 2306 2106 2366 eleganter
2148 2305 2247 2365 Aus¬

2374 2318 2550 2378 Aussiellung
2586 2317 2750 2377 akfuoller
2781 2317 3092 2377 Mode-Nenheiten
3135 2321 3158 2381 in
3188 2321 3234 2381 der
3259 2320 3328 2380 Her

402 2320 791 2380 sRnon

1267 2352 1408 2412 führung
1449 2353 1511 2413 und
1546 2353 1853 2413 ausgezeichneter
1882 2353 2081 2413 Passiorm.

2372 2360 2542 2420 Posonge,
2568 2359 2683 2419 täglich,
2702 2358 2763 2418 auch
2788 2359 2927 2419 Sonnlag,
2953 2359 2995 2419 bis
3014 2359 3025 2419 8
3051 2360 3111 2420 Uhr
3136 2362 3246 2422 abends
3271 2360 3325 2420 trei

217 2367 409 2427 Wian,M.,
426 2370 777 2430 Meninkilfertatze
805 2369 903 2429 22-2

182 2697 315 2757 Gray
371 2697 574 2757 (Sondon).

1356 2710 1437 2770 hatte
1463 2712 1511 2772 den
1545 2714 1618 2774 Weg
1643 2714 1675 2774 zu
1701 2712 1782 2772 einem
1824 2715 1930 2775 solchen
1956 2715 2103 2775 Bündnis
2137 2715 2275 2775 geebnet,
2293 2718 2415 2778 obwohl
2440 2718 2464 2778 er

2610 2736 2681 2796 Wie
2724 2738 2747 2798 in
2778 2738 2916 2798 Holland
2966 2739 3019 2799 und
3050 2741 3201 2801 England
3244 2741 3309 2801 war

1353 2759 1494 2819 zunächst
1523 2759 1579 2819 nur
1613 2759 1641 2819 zu
1676 2759 1754 2819 einem
1800 2761 1975 2821 Austausch
2010 2762 2060 2822 von
2095 2764 2314 2824 Höflichkeiten
2350 2765 2473 2825 geführt

267 2780 475 2840 „Kaiser
507 2780 669 2840 Franz
701 2782 847 2842 Josef
879 2780 971 2840 und
1010 2780 1095 2840 das
1134 2782 1296 2842 Eliso¬

2527 2783 2706 2843 preußischen
2747 2786 2839 2846 Hofes
2874 2786 2944 2846 eher
2973 2786 3083 2846 einfach
3118 2786 3164 2846 als
3199 2786 3320 2846 prunkv

1351 2805 1447 2865 hatte.
1465 2806 1504 2866 In
1533 2804 1577 2864 dem
1618 2807 1844 2867 regelmäßigen
1873 2808 2082 2868 Briefwechsel
2105 2810 2235 2870 zwischen
2264 2810 2382 2870 Mutter
2406 2812 2462 2872 und

2526 2828 2568 2888 sich
2606 2832 2771 2892 begnügte,
2797 2831 2851 2891 nur
2883 2831 2931 2891 bei
2963 2832 3117 2892 offiziellen
3154 2832 3301 2892 Anlässen

176 2846 616 2906 beth=Denkmal."
672 2846 759 2906 von
799 2849 979 2909 Hofrat
1027 2850 1294 2910 Professe¬

1352 2852 1475 2912 Tochter
1498 2852 1611 2912 jedoch,
1628 2852 1670 2912 die
1693 2852 1752 2912 nun
1785 2855 1828 2915 als
1856 2857 2050 2917 Königinnen
2083 2855 2186 2915 zweier
2208 2855 2473 2915 Nachbarmächte

2523 2876 2671 2936 Verlaufe
2689 2879 2736 2939 der
2761 2879 2861 2939 Jahre
2880 2879 2938 2939 und
2968 2879 3022 2939 mit
3046 2879 3092 2939 der
3112 2879 3336 2939 Befriedigung

1352 2900 1495 2960 einander
1537 2900 1716 2960 ebenbürtig
1763 2901 1886 2961 waren,
1923 2903 2031 2963 wurde
2073 2903 2123 2963 der
2155 2903 2303 2963 Gedanke
2345 2905 2468 2965 weiter¬

181 2915 407 2975 Edmund
450 2912 696 2972 Hellmer.

2518 2924 2620 2984 wurde
2650 2925 2692 2985 sie
2723 2924 2746 2984 in
2783 2925 2862 2985 ihren
2899 2925 3086 2985 Neigungen
3123 2927 3286 2987 einfacher,
3310 2923 3340 2983 il

1351 2947 1489 3007 geführt,
1513 2946 1565 3006 und
1600 2946 1658 3006 mit
1681 2947 1855 3007 gemischten
1884 2947 2035 3007 Gefühlen
2070 2950 2214 3010 erkannte
2244 2950 2290 3010 vie
2314 2952 2469 3012 Kaiserin,

2525 2970 2588 3030 über
2612 2969 2658 3029 die
2682 2968 2844 3028 Genesung
2868 2971 2955 3031 ihres
2979 2971 3111 3031 Gatten,
3130 2971 3176 3031 als
3200 2971 3228 3031 er
3252 2972 3303 3032 sich

1351 2994 1397 3054 daß
1432 2993 1535 3053 früher
1565 2992 1634 3052 oder
1664 2995 1767 3055 später
1791 2996 1970 3056 irgendeine
2000 2995 2115 3055 Gefahr
2145 2996 2197 3056 den
2232 2998 2376 3058 Schatten
2417 3000 2468 3060 auf

264 2995 1007 3055 „Edison=Anekdoten."
1062 2998 1146 3058 von
1193 3001 1285 3061 Leo

2520 3016 2565 3076 des
2599 3019 2700 3079 Todes
2729 3019 3000 3079 zurückgewandt,
3029 3018 3108 3078 hatte
3137 3016 3187 3076 ihr
3210 3017 3317 3077 Wesen

1354 3038 1415 3098 ihre
1444 3040 1573 3100 Heimat
1597 3040 1703 3100 werfen
1744 3040 1799 3100 und
1828 3040 1856 3100 so
1885 3042 2031 3102 England
2060 3043 2246 3103 veranlassen
2280 3043 2415 3103 könnte,
2438 3044 2460 3104 in

2522 3061 2575 3121 und
2606 3063 2666 3123 ihre
2696 3064 2877 3124 männlichen
2907 3064 2967 3124 und
2998 3064 3232 3124 kämpferischen
3263 3064 3323 3124 Züg

184 3064 407 3124 Gilbert.

1352 3088 1440 3148 dieses
1468 3085 1619 3145 Bündnis
1647 3087 1892 3147 einzuwilligen.

2514 3109 2612 3169 grund
2637 3112 2811 3172 gedrängt.
2824 3111 2864 3171 In
2894 3109 2946 3169 den
2975 3112 3080 3172 Augen
3110 3112 3162 3172 von
3192 3112 3296 3172 Kaiser

266 3149 658 3209 „Ginsamkeit."
696 3147 771 3207 von
803 3147 1036 3207 Berthold
1074 3151 1307 3211 Sprung.

2519 3154 2549 3214 es
2580 3158 2752 3218 wichtiger,
2778 3156 2881 3216 Eugen
2913 3156 3115 3216 Richter,
3141 3159 3239 3219 diesen
3276 3159 3325 3219 gro

1624 3168 1709 3228 Der
1743 3171 1947 3231 russische
1982 3174 2194 3234 Vertrag.

2521 3201 2569 3261 für
2588 3203 2649 3263 eine
2674 3202 2919 3262 Teegesellschaft
2938 3202 2962 3262 in
2987 3201 3122 3261 Potsdam
3165 3206 3189 3266 zu
3215 3204 3306 3264 gewim

270 3235 409 3295 „Das
445 3231 613 3291 „Buch
656 3234 740 3294 des
783 3234 1035 3294 Guten"."
1071 3237 1295 3297 Zuschriften

1443 3243 1501 3303 Als
1532 3243 1582 3303 der
1605 3245 1804 3305 Vertrag
1834 3248 1914 3308 mit
1945 3248 2158 3308 Rußland
2188 3249 2217 3309 im
2254 3249 2349 3309 März
2372 3249 2453 3309 1890

2509 3248 2692 3308 abzuhalten
2750 3249 2812 3309 und
2870 3249 3076 3309 Denkmäler
3145 3250 3328 3310 einzuweihe

178 3288 245 3348 aus
279 3287 420 3347 unserem
466 3285 697 3345 Leserkreise.

1348 3294 1399 3354 zur
1446 3291 1647 3351 Erinnerung
1706 3294 1849 3354 kommen
1908 3293 2005 3353 sollte,
2052 3297 2242 3357 zögerte
2288 3298 2461 3358 Kaiser

2520 3295 2751 3355 Mommsen
2793 3294 2929 3354 bewegen
2971 3295 3124 3355 konnten,
3155 3297 3201 3357 sich
3238 3297 3320 3357 ihren

1349 3338 1600 3398 Friedrich,
1619 3338 1805 3398 obzwar
1835 3339 1937 3399 kein
1974 3341 2153 3401 Freund
2190 3341 2466 3401 Rußlands,

2518 3340 2752 3400 intellektuellen
2802 3341 2903 3401 Kreise
2952 3341 3175 3401 anzuschließen
3224 3343 3284 3403 und

266 3356 910 3416 „Beschwerdebuch."
963 3356 1043 3416 von
1081 3358 1288 3418 Ludwig

1345 3384 1501 3444 neinen
1543 3383 1844 3443 Augenblick.
1880 3386 2042 3446 Biswarck
2072 3386 2141 3446 war
2182 3388 2205 3448 im
2252 3389 2344 3449 stillen
2397 3389 2460 3449 froh

2522 3388 2813 3448 Bamberger,
2834 3386 3199 3446 Stauffenburg
3233 3390 3300 3450 oder

183 3422 477 3482 Hirschfeld.

1350 3433 1421 3493 über
1449 3431 1493 3491 die
1516 3431 1703 3491 angebotene
1732 3433 1974 3493 Verlängerung
2003 3434 2058 3494 auf
2081 3434 2157 3494 sechs
2186 3436 2301 3496 anstatt
2324 3437 2379 3497 auf
2402 3437 2467 3497 drei

2521 3433 2658 3493 Zukunft
2684 3437 2828 3497 Europas
2860 3435 2891 3495 zu
2923 3434 3118 3494 besprechen,
3144 3434 3237 3494 hatten
3276 3437 3313 3497 sie

1351 3478 1458 3538 Jahre,
1475 3479 1549 3539 denn
1572 3479 1594 3539 in
1623 3479 1719 3539 seinen
1743 3479 1850 3539 Augen
1874 3482 1941 3542 war
1959 3480 2004 3540 die
2027 3482 2464 3542 Sicherheitseines

2514 3481 2606 3541 etwas
2642 3482 2775 3542 geleistet
2805 3483 2833 3543 zu
2869 3482 2996 3542 haben;
3026 3482 3130 3542 keiner
3160 3482 3217 3542 von
3253 3482 3333 3542 beide

2518 3524 2565 3584 mit
2596 3527 2686 3587 seinem
2730 3526 2802 3586 oder
2827 3526 2905 3586 ihrem
2955 3526 3064 3586 Wissen
3095 3526 3149 3586 vor
3174 3527 3331 3587 Professon

1354 3526 1531 3586 Reiches
1561 3525 1950 3585 unwiderruslich
1986 3526 2033 3586 an
2063 3527 2215 3587 diesen
2252 3529 2457 3589 Vertrag

267 3535 834 3595 Literaturblatt:
874 3535 1108 3595 „Roman
1163 3537 1294 3597 einer

2512 3571 2692 3631 Fachleuten
2723 3574 2752 3634 zu
2783 3572 2945 3632 prunken,
2964 3571 3090 3631 obwohl
3115 3573 3169 3633 das
3200 3572 3332 3632 Viktori

1355 3572 1607 3632 gehnüpft:
1626 3571 1704 3631 Wer
1735 3571 1783 3631 ihn
1814 3574 1982 3634 kündigte,
2002 3574 2103 3634 würde
2134 3574 2182 3634 die
2207 3576 2376 3636 Russen
2419 3573 2460 3633 in

184 3604 361 3664 Frau."
406 3604 486 3664 von
532 3604 664 3664 Felix
709 3604 923 3664 Salten.
954 3604 1057 3664 Seite
1087 3604 1123 3664 28
1147 3604 1220 3664 und
1250 3605 1308 3665 20.

2532 3619 2629 3679 assend
2662 3619 2746 3679 war.
2773 3619 2837 3679 Kam
2883 3619 3038 3679 irgendein
3077 3619 3155 3679 Fall
3181 3621 3323 3681 protziger

1344 3617 1416 3677 die
1451 3618 1580 3678 Arme
1620 3619 1693 3679 der
1728 3623 1993 3683 Franzosen
2033 3622 2218 3682 treiben
2264 3622 2320 3682 und
2360 3622 2444 3682 einem

2518 3665 2559 3725 bei
2590 3667 2668 3727 einer
2700 3667 2984 3727 Regimentsmesse
3016 3668 3040 3728 zu
3077 3667 3180 3727 Ohren
3223 3667 3270 3727 des
3301 3666 3313 3726 K

1344 3667 1733 3727 Zukunftskrieg
1769 3668 1863 3728 nach
1905 3669 2004 3729 zwei
2034 3667 2246 3727 Fronten
2288 3670 2376 3730 nur
2412 3670 2458 3730 zu

268 3688 590 3748 Literarische
629 3690 881 3750 Notizen.
912 3688 1019 3748 Seite
1042 3688 1103 3748 20.

2521 3712 2562 3772 der
2587 3714 2713 3774 Oberste
2732 3712 2918 3772 Kriegsherr
2944 3712 3058 3772 strenge
3077 3712 3203 3772 Befehle
3222 3712 3276 3772 zur
3295 3714 3336 3774 Ei

1342 3712 1709 3772 wahrscheinlich
1739 3715 1928 3775 machen.
1946 3713 1993 3773 In
2023 3714 2248 3774 Wirklichbeit
2272 3715 2343 3775 barg
2379 3715 2461 3775 jedes

2517 3756 2621 3816 immer
2655 3759 2682 3819 er
2710 3757 2765 3817 von
2800 3756 3071 3816 Mißhandlungen
3110 3759 3137 3819 in
3171 3757 3220 3817 der
3249 3757 3314 3817 Arm

1348 3759 1499 3819 Erlöschen
1534 3759 1621 3819 dieses
1656 3757 1772 3817 Paktes
1808 3759 1848 3819 die
1878 3759 2035 3819 Drohung
2064 3759 2145 3819 eines
2175 3761 2390 3821 Weltkrieges
2431 3762 2460 3822 in

2523 3804 2606 3864 suchte
2631 3804 2660 3864 er
2691 3804 2733 3864 den
2770 3804 2848 3864 Fall
2867 3804 2914 3864 bis
2945 3804 2993 3864 ins
3024 3804 3168 3864 kleinste,
3187 3806 3325 3866 fürchtete

1357 3806 1397 3866 sich
1450 3804 1519 3864 auch
1542 3804 1588 3864 die
1612 3805 1756 3865 Stellung
1785 3804 2010 3864 Deutschlands
2034 3806 2178 3866 England
2208 3807 2392 3867 gegenüber,
2410 3807 2444 3867 um

265 3829 331 3889 Die
365 3831 424 3891 11.
438 3831 671 3891 Fortsetzung
719 3831 778 3891 des
819 3828 991 3888 Romans
1032 3831 1291 3891 „Wirrnis

2518 3850 2565 3910 der
2596 3852 2861 3912 Junherfamilien
2898 3852 2958 3912 und
2994 3851 3103 3911 sandte
3146 3852 3211 3912 ihre
3242 3851 3326 3911 Sprö

1347 3850 1401 3910 das
1430 3849 1590 3909 Bismarck
1624 3849 1701 3909 nicht
1723 3851 1750 3911 zu
1784 3852 1856 3912 offen
1890 3852 2006 3912 werben
2035 3852 2156 3912 wollte,
2173 3855 2278 3915 mußte
2306 3853 2389 3913 durch
2422 3855 2466 3915 die

179 3894 268 3954 der
297 3895 469 3955 Liebe"
515 3894 587 3954 von
615 3897 833 3957 Francis
871 3898 924 3958 de
953 3899 1288 3959 Miomandre

2511 3894 2619 3954 elende
2647 3897 2912 3957 Grenzgarnison,
2940 3898 3021 3958 wenn
3062 3899 3103 3959 sie
3131 3898 3177 3958 der
3206 3898 3313 3958 Leutes

1354 3897 1608 3957 Unterzeichnung
1649 3896 1706 3956 des
1747 3897 1903 3957 russischen
1939 3897 2112 3957 Vertrages
2153 3900 2303 3960 gebessert
2327 3900 2465 3960 werden.

2519 3942 2662 4002 befunden
2692 3944 2799 4004 wurde
2807 3940 2842 4000 n.

1353 3943 1465 4003 Ebenso
1491 3944 1637 4004 einmütig
1662 3944 1775 4004 blieben
1801 3944 1914 4004 er
1931 3946 1987 4006 und
2012 3944 2150 4004 Kanzler
2167 3945 2190 4005 in
2224 3947 2297 4007 allen
2322 3947 2467 4007 Fragen,

188 3947 338 4007 befindet
358 3948 422 4008 sich
442 3947 508 4007 auf
537 3947 640 4007 Geite
660 3945 715 4005 27,

200 314 282 374 2.
