3248 4384
317 220 894 280 Schnitzlers
955 227 1193 287 Death

385 1255 741 1315 OBSE

816 1266 1100 1326 RVER

472 1309 495 1369 I.
509 1312 627 1372 österr.
641 1316 792 1376 behördl.
802 1321 1104 1381 konzessioniertes

423 1353 654 1413 Unternehmen
687 1357 732 1417 für
760 1363 1146 1423 Zeitungs-Ausschnitte

474 1414 625 1474 WIEN,
646 1419 694 1479 I,
722 1422 1011 1482 WOLLZEILE
1060 1429 1107 1489 11

565 1468 785 1528 TELEPHON
818 1474 995 1534 R-23-0-43

362 1605 581 1665 Ausschnitt
605 1639 1166 1699 aus:r

315 1681 391 1741 den
442 1683 564 1743 uch

328 1743 667 1803 lnhandel,
710 1751 863 1811 Wan,

362 1830 477 1890 vom:

666 1844 683 1904 3
712 1841 767 1901 0.
787 1841 907 1901 OKT.
937 1835 1029 1895 1931

561 1995 791 2055 Arthur
824 2002 1142 2062 Schnitzler

349 2055 385 2115 Am
426 2055 478 2115 21.
495 2058 636 2118 Oktober
661 2059 742 2119 erlag
775 2060 799 2120 in
832 2062 917 2122 Wien
950 2062 1003 2122 er
1048 2068 1173 2128 Wlener
1214 2073 1449 2133 Sehriftsteller

278 2105 384 2165 Arthur
408 2107 580 2167 Sehnitzler
604 2107 627 2167 in
659 2107 760 2167 seinem
796 2110 847 2170 70.
867 2115 1074 2175 Lehenjahre
1102 2118 1184 2178 cinem
1220 2125 1455 2185 Sehlagunfall.

268 2154 315 2214 Als
339 2154 417 2214 Sohn
445 2154 499 2214 des
523 2157 703 2217 P'rofessors
728 2159 758 2219 un
790 2160 845 2220 der
873 2161 994 2221 Wiener
1022 2166 1218 2226 Luiversitit
1246 2172 1301 2232 Dr.
1321 2174 1438 2234 Johunn

268 2202 406 2262 Shnitzl
462 2202 489 2262 in
521 2204 603 2264 Wien
635 2208 785 2268 geboren,
805 2211 959 2271 studierte
987 2214 1022 2274 er
1046 2217 1223 2277 gleichfalls
1251 2221 1385 2281 Medizin
1417 2225 1440 2285 in

267 2253 367 2313 Wien,
387 2256 593 2316 promovierte
625 2256 693 2316 1ss5
726 2256 790 2316 u'
815 2261 879 2321 wur
907 2262 951 2322 bis
980 2264 1052 2324 13
1081 2266 1125 2326 uls
1153 2271 1310 2331 Assistent
1335 2273 1435 2333 soinen

262 2314 375 2374 Vaters
397 2319 429 2379 au
457 2322 510 2382 dor
533 2325 657 2385 Wienor
679 2328 737 2388 al»
847 2334 884 2394 on
911 2339 1079 2399 Poliklinik
1107 2344 1203 2404 tätig.
1220 2348 1279 2408 Don
1307 2351 1436 2411 militär¬

255 2367 424 2427 Arztlichen
454 2372 579 2432 Dienst,
599 2374 627 2434 in
657 2376 709 2436 den
742 2381 920 2441 eeanitzler
945 2388 1050 2448 spüter
1075 2391 1155 2451 trat,
1176 2396 1277 2456 mußto
1306 2397 1338 2457 or
1363 2402 1435 2462 nuch

248 2416 448 2476 Publikation
474 2422 573 2482 seines
594 2427 774 2487 „Leutnant
795 2432 904 2492 Gustl“
933 2437 1088 2497 aufgeben
1113 2440 1167 2500 und
1196 2445 1259 2505 bald
1289 2449 1430 2509 widmete

254 2465 278 2525 er
304 2465 362 2525 sich
392 2467 446 2527 der
472 2474 648 2534 Literatur.
669 2477 711 2537 Er
737 2478 787 2538 hut
812 2482 875 2542 sich
904 2484 1026 2544 sowohl
1047 2489 1089 2549 ala
1114 2495 1316 2555 Dramatikor
1341 2501 1433 2561 nowie

250 2515 302 2575 mit
323 2514 423 2574 seinen
452 2523 650 2583 erzählenden
679 2528 805 2588 Werken
833 2531 878 2591 als
903 2536 1032 2596 Meister
1053 2539 1105 2599 der
1126 2545 1344 2605 Beobachtung
1373 2552 1425 2612 und

246 2565 446 2625 Schilderung
476 2575 613 2635 gezeigt.
630 2576 696 2636 Sein
730 2584 901 2644 Heimgung
931 2587 968 2647 ist
993 2590 1043 2650 für
1069 2591 1160 2651 unsor
1185 2596 1348 2656 Vaterland
1378 2602 1423 2662 ein

248 2614 365 2674 großer
396 2620 538 2680 Vorlust.

319 2686 581 2746 Kommerzialrat
602 2693 731 2753 Wilhelm
765 2700 852 2760 Friek
877 2704 981 2764 »prach
1007 2706 1031 2766 im
1065 2711 1273 2771 Trauerhause
1298 2718 1423 2778 namons

236 2731 288 2791 des
317 2735 592 2795 österreichinchen
625 2745 844 2805 Buchhandels
873 2750 925 2810 der
954 2755 1083 2815 Familie
1112 2760 1165 2820 des
1194 2765 1416 2825 Verblichenen

236 2779 283 2839 die
308 2783 485 2843 Teilnahme
510 2787 537 2847 an
562 2790 618 2850 dem
651 2794 803 2854 schweren
833 2802 973 2862 Verluste
998 2807 1066 2867 aus,
1082 2809 1134 2869 den
1159 2811 1247 2871 durch
1272 2813 1324 2873 den
1352 2818 1408 2878 Tod

236 2829 425 2889 Schnitzlers
450 2835 506 2895 mit
527 2838 583 2898 der
608 2841 733 2901 Familie
762 2846 831 2906 auch
863 2850 911 2910 die
936 2854 1033 2914 ganzo
1057 2859 1248 2919 Kulturwelt
1288 2867 1413 2927 erlitten

235 2878 299 2938 hat.
319 2881 379 2941 Der
408 2883 513 2943 Verein
542 2888 594 2948 hat
618 2891 695 2951 ganz
724 2893 747 2953 Im
784 2897 881 2957 Sinne
910 2901 958 2961 des
986 2906 1208 2966 Verblichenen
1237 2916 1418 2976 gehandelt,

234 2928 312 2988 wona
344 2929 375 2989 er
399 2932 480 2992 »tatt
504 2937 586 2997 oines
614 2945 908 3005 Blumengewindes
932 2954 986 3014 auf
1010 2958 1064 3018 das
1092 2961 1166 3021 Grub
1198 2964 1264 3024 eine
1288 2967 1405 3027 Spende

226 2979 279 3039 für
302 2981 351 3041 die
374 2987 632 3047 österreichische
663 2997 859 3057 Kinterhil“e
886 3003 961 3063 gab.

1424 222 1550 282 box
1623 228 1861 288 43/11

1943 769 2638 829 OBSERVER

2017 814 2046 874 I.
2059 819 2178 879 österr.
2191 833 2340 893 behördl,
2352 854 2651 914 konzessioniertes

1973 859 2208 919 Unternehmen
2236 873 2284 933 für
2312 892 2692 952 Zeltungs-Ausschnitte

2023 917 2165 977 WIEN,
2191 930 2250 990 I,
2267 947 2553 1007 WOLLZELLE
2596 965 2612 1025 1

2108 982 2328 1042 TELEPHON
2366 1000 2543 1060 R-23-0.43

1891 1105 2121 1165 Ausschnitt
2145 1121 2236 1181 aus:

2179 1210 2239 1270 Der
2260 1202 2413 1262 Ennatalor
2435 1196 2595 1256 Gröbning

2203 1326 2220 1386 3
2249 1325 2304 1385 0.
2323 1327 2452 1387 OKT.
2472 1327 2573 1387 1937

1883 1327 1999 1387 vom:

2066 2375 2209 2435 Arthur
2237 2377 2425 2437 Schnitzler
2462 2381 2505 2441 7.

1810 2436 1956 2496 Wenige
1992 2444 2149 2504 Monate
2185 2443 2243 2503 vor
2278 2446 2512 2506 Vollendung
2542 2450 2659 2510 seines
2689 2447 2752 2507 70.

1820 2490 2074 2550 Lebensjahres
2109 2492 2200 2552 starb
2234 2493 2262 2553 in
2297 2493 2398 2553 Wien
2433 2497 2489 2557 der
2518 2498 2744 2558 Dramatiker

1889 2540 1953 2600 und
1988 2542 2245 2602 Schriftsteller
2286 2545 2426 2605 Arthur
2462 2549 2671 2609 Schnitzler.

1917 2981 2635 3041 OBSERVER

1999 3050 2026 3110 l.
2040 3047 2164 3107 österr.
2174 3042 2321 3102 behördl.
2335 3033 2635 3093 konzessioniertes

1964 3089 2192 3149 Unternehmen
2224 3083 2269 3143 für
2293 3074 2681 3134 Zeitungs-Ausschnitte

2016 3150 2162 3210 WIEN.
2191 3148 2237 3208 I.,
2264 3140 2546 3200 WOLLZEILE
2594 3133 2640 3193 11

2113 3199 2323 3259 TELEPHON
2362 3189 2534 3249 R-23-0-43

1918 3345 2140 3405 Ausschnitt
2162 3339 2253 3399 aus:

2265 3373 2323 3433 ion

2159 3384 2618 3444 Illustieochenyost,

1930 3573 2037 3633 vom:

2219 3599 2237 3659 3
2267 3597 2304 3657 U.
2336 3603 2450 3663 OAT.
2472 3588 2567 3648 1937

1962 3670 1997 3730 In
2034 3666 2113 3726 Wien
2156 3662 2191 3722 ist
2229 3660 2276 3720 der
2301 3656 2452 3716 berühmte
2483 3646 2695 3706 österreichische

1902 3710 2012 3770 Dichter
2042 3703 2138 3763 Artur
2172 3697 2341 3757 Schnitzier,
2366 3691 2432 3751 kurz
2462 3688 2510 3748 vor
2540 3685 2587 3745 der
2617 3683 2703 3743 Voll¬

1900 3743 2157 3803 endungseines
2187 3734 2342 3794 ferzigsten
2376 3728 2618 3788 eburtstages,
2663 3722 2696 3782 an

1902 3786 1953 3846 den
1993 3785 2103 3845 Folgen
2150 3778 2228 3838 eines
2261 3771 2509 3831 Schlaganfalles
2542 3761 2705 3821 gestorben.

2439 3803 2707 3863 ursprünglichster

1909 3824 2081 3884 Schnißlers
2127 3813 2305 3873 Dichtertum

1908 3864 2048 3924 Ausdruck
2073 3861 2157 3921 jenes
2186 3852 2308 3912 Wienee
2332 3846 2497 3906 Charres,
2521 3841 2601 3901 jener
2630 3836 2709 3896 Wie¬

1903 3905 1952 3965 ner
1978 3900 2165 3960 Geistigkeit,
2195 3893 2239 3953 die
2274 3891 2323 3951 die
2359 3890 2447 3950 ganze
2472 3883 2556 3943 Welt
2586 3876 2704 3936 erobert

1913 3944 2032 4004 haben.
