3392 4352
388 339 503 399 Star
552 342 668 402 News

398 399 634 459 asadena
683 412 844 472 Calif

615 460 694 520 Cct
738 467 892 527 31-31

470 616 943 676 BOOKMANS
1001 625 1419 685 NOTEBOOK

311 704 409 764 HE
435 709 558 769 DEATH
590 709 620 769 of
637 712 755 772 Arthur
772 715 962 775 Schnitzler,

1017 715 1089 775 Both
1122 718 1149 778 in
1181 718 1226 778 his
1250 721 1341 781 plays
1369 724 1423 784 and
1455 725 1628 785 novelettes

369 750 513 810 Austrian
557 751 648 811 poet,
678 751 850 811 dramatist
885 753 942 813 and
976 753 1015 813 he
1044 753 1164 813 attacks
1193 756 1372 816 prejudices
1401 758 1458 818 and
1492 761 1631 821 conven¬

303 784 456 844 novelist,
477 786 560 846 came
602 786 635 846 at
673 786 689 846 a
735 788 805 848 time
856 790 959 850 when,
981 789 1063 849 tions
1089 789 1143 849 and
1172 791 1267 851 treats
1293 795 1430 855 subjects
1455 797 1550 857 which
1580 798 1629 858 are

303 821 419 881 thanks
444 822 468 882 to
490 822 535 882 his
557 825 760 885 enterprising
785 828 947 888 American
977 825 1072 885 taboo
1102 825 1126 885 to
1172 829 1292 889 puritan
1343 831 1396 891 and
1446 835 1633 895 conformist

304 859 501 919 publishers,
519 860 620 920 Simon
647 863 703 923 and
730 862 897 922 Schuster,
915 865 950 925 he
981 864 1099 924 minds.
1131 864 1170 924 To
1193 866 1240 926 him
1276 867 1434 927 problems
1456 870 1509 930 and
1540 872 1632 932 ques¬

306 892 367 952 was
402 896 468 956 just
499 899 666 959 beginning
702 897 732 957 to
768 899 802 959 be
838 901 952 961 appre-
979 898 1062 958 tions
1080 900 1111 960 of
1129 903 1177 963 the
1199 903 1251 963 day
1278 903 1353 963 were
1375 906 1471 966 never
1489 908 1634 968 utilized,

305 933 403 993 ciated
429 933 463 993 by
489 934 497 994 a
523 936 672 996 widening
698 936 788 996 circle
814 937 843 997 of
861 937 950 997 read-
981 936 1036 996 not
1054 939 1181 999 because
1207 939 1275 999 they
1301 941 1403 1001 lacked
1430 945 1562 1005 interest
1579 945 1626 1005 for

304 968 352 1028 ers
374 970 396 1030 in
422 970 470 1030 the
493 970 602 1030 United
625 971 739 1031 States.
770 974 945 1034 Schnitzler
977 974 1060 1034 him,
1078 974 1135 1034 but
1175 974 1307 1034 because
1351 978 1386 1038 he
1435 979 1496 1039 was
1540 982 1623 1042 more

303 1004 363 1064 was
393 1006 405 1066 a
440 1007 598 1067 physician
632 1008 670 1068 by
701 1010 892 1070 profession,
919 1012 948 1072 as
979 1010 1085 1070 deeply
1111 1010 1282 1070 concerned
1308 1014 1376 1074 with
1402 1016 1487 1076 those
1509 1021 1628 1081 myste-

303 1038 363 1098 was
389 1042 435 1102 his
453 1043 572 1103 father,
590 1046 645 1106 Dr.
658 1046 778 1106 Johann
808 1049 949 1109 Schnitz-
975 1046 1038 1106 ries
1056 1046 1085 1106 of
1103 1046 1149 1106 the
1171 1049 1278 1109 human
1304 1052 1372 1112 soul
1390 1052 1483 1112 which
1505 1056 1556 1116 are
1574 1058 1629 1118 not

301 1079 358 1139 ler,
384 1079 516 1139 founder
550 1079 578 1139 of
608 1080 657 1140 the
687 1082 827 1142 General
857 1083 947 1143 Poly-
977 1084 1143 1144 transitory
1177 1085 1234 1145 but
1260 1086 1392 1146 eternal,
1413 1090 1471 1150 not
1496 1091 1529 1151 of
1554 1092 1628 1152 con¬

301 1115 390 1175 clinic
421 1118 446 1178 in
476 1118 609 1178 Vienna,
631 1118 686 1178 and
717 1118 815 1178 editor
841 1120 875 1180 of
897 1121 944 1181 the
983 1118 1046 1178 cern
1072 1121 1098 1181 to
1120 1121 1128 1181 a
1154 1121 1196 1181 few
1231 1124 1287 1184 but
1304 1124 1479 1184 universal.

301 1151 421 1211 Vienna
460 1153 602 1213 Medical
633 1153 727 1213 Press
762 1156 818 1216 and
862 1156 951 1216 other

1009 1156 1168 1216 Although
1202 1159 1252 1219 his
1282 1160 1416 1220 settings
1446 1162 1500 1222 and
1539 1165 1630 1225 char¬

299 1189 457 1249 journals.
489 1191 546 1251 For
569 1190 692 1250 several
710 1192 802 1252 years
825 1195 868 1255 the
895 1194 943 1254 son
980 1191 1081 1251 acters
1103 1192 1151 1252 are
1178 1196 1368 1256 thoroughly
1395 1200 1566 1260 Viennese,
1585 1202 1628 1262 his

301 1225 360 1285 was
381 1227 477 1287 editor
498 1227 529 1287 of
546 1227 598 1287 one
618 1228 650 1288 of
667 1230 767 1290 these,
779 1231 827 1291 the
848 1229 1097 1289 Inter-themes
1142 1232 1218 1292 have
1271 1235 1492 1295 universality.
1552 1236 1624 1296 This

298 1264 442 1324 national
456 1264 592 1324 Clinical
606 1266 746 1326 Review.
773 1267 803 1327 In
831 1269 892 1329 1889
910 1268 945 1328 he
976 1267 1183 1327 universality
1214 1269 1341 1329 wedded
1373 1271 1403 1331 to
1430 1273 1482 1333 the
1509 1275 1619 1335 superb

296 1300 494 1360 contributed
525 1300 551 1360 to
591 1302 652 1362 this
675 1303 865 1363 publication
909 1305 939 1365 an
975 1303 1103 1363 artistry
1125 1304 1156 1364 of
1178 1307 1359 1367 everything
1386 1309 1416 1369 he
1443 1309 1535 1369 wrote
1558 1313 1628 1373 pre¬

297 1336 404 1396 article
430 1339 553 1399 entitled
580 1341 784 1401 “Functional
802 1342 943 1402 Aphonia
974 1342 1063 1402 sages
1085 1342 1093 1402 a
1115 1342 1221 1402 secure
1243 1344 1328 1404 place
1350 1344 1376 1404 in
1402 1347 1495 1407 world
1517 1349 1624 1409 letters

292 1372 353 1432 and
382 1374 425 1434 Its
449 1375 631 1435 Treatment
670 1377 707 1437 by
756 1380 927 1440 Hypnotism
976 1377 1023 1437 for
1047 1377 1105 1437 this
1124 1380 1210 1440 who,
1224 1380 1248 1440 in
1273 1383 1459 1443 conformity
1488 1385 1554 1445 with
1579 1387 1626 1447 his

294 1410 349 1470 and
387 1413 605 1473 Suggestion,"
634 1413 661 1473 in
699 1416 791 1476 which
829 1416 865 1476 he
899 1416 944 1476 set
973 1416 1117 1476 request,
1141 1416 1201 1476 was
1229 1418 1336 1478 buried
1369 1420 1415 1480 the
1448 1422 1536 1482 other
1564 1426 1619 1486 day

296 1449 375 1509 forth
420 1449 463 1509 six
504 1449 569 1509 case
610 1450 755 1510 histories
795 1452 852 1512 and
892 1452 945 1512 the
976 1452 1002 1512 in
1029 1453 1038 1513 a
1060 1455 1206 1515 pauper's
1228 1456 1316 1516 grave
1343 1457 1365 1517 in
1392 1460 1528 1520 Vienna.

291 1485 440 1545 methods
467 1485 506 1545 he
533 1489 657 1549 applied
693 1488 719 1548 to
750 1489 860 1549 induce
896 1491 944 1551 the

290 1524 445 1584 hypnotic
472 1524 566 1584 state.
605 1524 700 1584 These
735 1527 946 1587 experiments

293 1559 373 1619 later
404 1559 499 1619 found
535 1562 695 1622 reflection
731 1562 756 1622 in
797 1565 942 1625 "Anatol'

294 1595 349 1655 and
382 1597 595 1657 "Paracelsus.

331 1634 508 1694 Schnitzler
539 1634 599 1694 was
625 1637 701 1697 born
732 1637 756 1697 in
793 1639 858 1699 1862
889 1640 944 1700 and

296 1670 356 1730 was
382 1673 550 1733 graduated
577 1673 645 1733 from
684 1673 731 1733 the
762 1676 938 1736 University

293 1709 324 1769 of
346 1709 466 1769 Vienna
493 1709 515 1769 in
547 1709 627 1769 1885,
645 1709 773 1769 became
800 1712 947 1772 assistant

289 1741 313 1801 in
344 1744 481 1804 internal
501 1745 649 1805 medicine
675 1747 773 1807 there,
788 1750 842 1810 and
867 1750 936 1810 then

286 1780 478 1840 specialized
500 1782 527 1842 in
554 1783 755 1843 psychiatry.

328 1816 426 1876 While
450 1819 580 1879 engaged
604 1819 626 1879 in
650 1821 696 1881 his
715 1822 878 1882 profession
907 1824 939 1884 he

290 1855 387 1915 wrote
412 1857 623 1917 prodigiously
651 1858 702 1918 and
731 1858 754 1918 in
783 1858 833 1918 the
858 1858 941 1918 early

286 1891 428 1951 nineties
450 1891 538 1951 made
566 1894 791 1954 acquaintance
818 1896 849 1956 of
872 1895 942 1955 sev¬

286 1927 354 1987 eral
373 1930 497 1990 writers
520 1930 602 1990 who,
621 1930 680 1990 like
704 1930 846 1990 himself,
865 1933 942 1993 were

1296 1938 1529 1998 Journal

291 1965 463 2025 struggling
505 1967 628 2027 against
660 1967 751 2027 great
783 1968 860 2028 odds
892 1970 942 2030 for

1296 1995 1621 2055 Providence
1662 1997 1685 2057 R
1732 1997 1755 2057 I

285 2003 498 2063 recognition.
531 2004 595 2064 One
618 2004 649 2064 of
668 2004 750 2064 these
774 2005 837 2065 was
856 2007 937 2067 Felix

289 2037 412 2097 Salten.
453 2040 512 2100 His
540 2040 627 2100 early
659 2042 759 2102 books
787 2042 869 2102 were
901 2045 946 2105 all

1568 2049 1657 2109 Nov
1706 2049 1824 2109 1-31

290 2076 453 2136 published
482 2076 514 2136 at
538 2077 589 2137 his
613 2077 673 2137 own
707 2079 861 2139 expense,
881 2082 936 2142 and

285 2112 319 2172 he
341 2115 436 2175 failed
467 2115 492 2175 to
514 2115 566 2175 get
583 2115 639 2175 any
666 2115 734 2175 kind
761 2115 795 2175 of
813 2117 825 2177 a
852 2119 942 2179 hear¬

1348 2156 1430 2216 What
1450 2152 1525 2212 shall
1539 2149 1570 2209 we
1590 2147 1659 2207 have
1680 2145 1698 2205 in
1718 2144 1762 2204 his
1776 2140 1877 2200 place?
1890 2135 1985 2195 Noth¬

287 2151 333 2211 ing
366 2150 398 2210 on
436 2150 482 2210 the
511 2152 613 2212 stage,
633 2153 683 2213 the
712 2153 819 2213 critics
848 2156 936 2216 being

1304 2193 1372 2253 ing,
1384 2190 1395 2250 I
1418 2187 1444 2247 am
1483 2183 1593 2243 afraid.
1623 2179 1661 2239 No
1685 2177 1752 2237 time
1776 2174 1794 2234 is
1814 2171 1870 2231 left
1890 2170 1912 2230 in
1939 2166 1988 2226 the

286 2186 372 2246 most
395 2189 509 2249 savage
541 2189 568 2249 in
600 2190 682 2250 their
710 2192 883 2252 treatment
910 2195 942 2255 of

1303 2222 1468 2282 disorderly
1487 2215 1638 2275 relativity
1657 2213 1686 2273 of
1705 2206 1852 2266 American
1878 2203 1926 2263 life
1945 2201 1988 2261 for

292 2217 367 2277 "The
391 2225 482 2285 Fairy
511 2225 577 2285 Tale

1306 2261 1317 2321 a
1343 2256 1449 2316 lelsure
1472 2248 1666 2308 intellectual
1685 2243 1747 2303 type
1773 2238 1839 2298 that
1861 2237 1883 2297 is
1905 2234 1989 2294 suffi¬

331 2262 474 2322 "Anatol"
496 2264 557 2324 was
574 2264 734 2324 favorably
757 2265 873 2325 noticed
901 2270 934 2330 by

1309 2288 1418 2348 ciently
1444 2285 1593 2345 grounded
1625 2279 1650 2339 to
1678 2276 1781 2336 mellow
1814 2273 1863 2333 the
1888 2268 1991 2328 letters

284 2303 297 2363 a
320 2300 472 2360 majority
499 2300 530 2360 of
548 2300 597 2360 the
620 2303 740 2363 critics,
759 2303 817 2363 but
835 2303 862 2363 it
880 2305 942 2365 was

1310 2326 1335 2386 it
1356 2321 1467 2381 meets.
1499 2316 1559 2376 Our
1581 2312 1727 2372 dominies
1749 2307 1773 2367 in
1799 2305 1848 2365 the
1874 2302 1994 2362 colleges

285 2335 425 2395 destined
453 2335 480 2395 to
503 2336 580 2396 wait
599 2338 680 2398 until
699 2338 762 2398 1910
786 2340 844 2400 and
872 2341 935 2401 1911

1311 2355 1393 2415 can't
1417 2352 1452 2412 do
1480 2350 1523 2410 ft:
1547 2344 1755 2404 hard-driven,
1775 2335 1928 2395 perplexed
1960 2331 1991 2391 by

286 2373 390 2433 before
418 2374 441 2434 it
459 2374 550 2434 made
573 2374 614 2434 its
633 2378 810 2438 triumphal
828 2377 928 2437 march

1305 2389 1356 2449 the
1375 2385 1488 2445 weirdly
1507 2380 1592 2440 upset
1607 2376 1799 2436 educational
1811 2368 1921 2428 riddle,
1929 2365 1998 2425 har¬

1311 2422 1409 2482 rassed
1439 2417 1472 2477 by
1498 2416 1549 2476 the
1572 2410 1752 2470 technically
1774 2401 1925 2461 academic
1951 2396 2002 2456 de¬

281 2410 389 2470 across
419 2413 462 2473 all
488 2410 540 2470 the
571 2413 748 2473 important
774 2416 877 2476 stages
908 2414 942 2474 of

1313 2455 1405 2515 mand
1423 2452 1453 2512 on
1474 2450 1529 2510 one
1546 2448 1601 2508 side
1618 2443 1669 2503 and
1690 2442 1738 2502 the
1755 2439 1827 2499 plain
1851 2433 1998 2493 economic

282 2447 422 2507 Europe.
460 2446 492 2506 It
521 2447 581 2507 was
610 2451 764 2511 produced
797 2452 824 2512 in
858 2454 923 2514 New

1315 2487 1393 2547 issue
1418 2485 1449 2545 on
1478 2484 1527 2544 the
1549 2478 1648 2538 other,
1666 2475 1740 2535 their
1762 2469 1889 2529 criticism
1925 2466 1949 2526 is
1971 2462 1999 2522 of

288 2485 364 2545 York
392 2486 418 2546 in
446 2485 494 2545 the
517 2487 608 2547 latter
625 2488 717 2548 year.

1322 2521 1369 2581 the
1395 2518 1494 2578 flerce,
1512 2513 1578 2573 keen
1608 2510 1673 2570 kind
1703 2506 1772 2566 that
1795 2503 1853 2563 will
1872 2499 2000 2559 produce

1322 2555 1354 2615 no
1381 2553 1451 2613 lyric
1473 2547 1583 2607 humor
1602 2543 1635 2603 of
1654 2539 1782 2599 dissent.
1813 2532 1871 2592 The
1897 2530 1956 2590 rest
1975 2530 2008 2590 of

300 2544 434 2604 INTIL
480 2548 539 2608 five
578 2548 615 2608 or
653 2550 697 2610 six
743 2553 840 2613 years
871 2555 930 2615 ago

1322 2588 1352 2648 us
1375 2586 1459 2646 don't
1474 2583 1539 2643 give
1559 2582 1570 2642 a
1593 2574 1714 2634 tinker's
1734 2569 1814 2629 dam.
1845 2565 1932 2625 We've
1955 2564 2004 2624 got

310 2590 569 2650 Schnitzler's
589 2591 671 2651 fame
695 2592 719 2652 in
748 2592 796 2652 the
820 2595 930 2655 United

1322 2619 1333 2679 a
1364 2619 1447 2679 date.
1471 2618 1482 2678 :
1509 2616 1523 2676 .
1551 2613 1562 2673 .
1593 2609 1661 2669 We'd
1692 2604 1791 2664 rather
1818 2601 1886 2661 hate
1917 2598 1940 2658 to
1974 2593 2004 2653 be

284 2625 388 2685 States
416 2628 516 2688 rested
549 2626 662 2686 wholly
695 2628 727 2688 on
764 2631 813 2691 his
842 2634 946 2694 plays,

1315 2652 1438 2712 caught
1460 2649 1523 2709 with
1548 2644 1626 2704 more
1651 2643 1718 2703 than
1743 2635 1796 2695 one
1818 2631 1888 2691 book
1913 2628 2004 2688 under

281 2662 383 2722 which
414 2664 560 2724 included
600 2664 670 2724 “The
702 2667 799 2727 Green
835 2670 936 2730 Cock¬

1325 2685 1379 2745 our
1407 2682 1485 2742 arm.
1510 2680 1564 2740 ..
1589 2676 1602 2736 .
1630 2673 1657 2733 If
1685 2670 1719 2730 we
1750 2665 1825 2725 knov
1859 2661 2006 2721 anything

283 2700 379 2760 atoo,"
407 2702 508 2762 staged
540 2701 610 2761 here
637 2703 668 2763 at
691 2703 819 2763 various
846 2706 934 2766 times

1319 2715 1418 2775 about
1439 2711 1568 2771 Thomas
1588 2705 1694 2765 Mann,
1711 2703 1740 2763 or
1760 2696 1923 2756 remember
1943 2691 2012 2751 that

1322 2748 1436 2808 Arthur
1455 2742 1622 2802 Schnitzler
1637 2738 1698 2798 died
1716 2733 1772 2793 last
1787 2727 1876 2787 week,
1891 2727 1923 2787 we
1941 2724 2005 2784 keep

283 2736 335 2796 and
367 2738 490 2798 places.
527 2737 588 2797 Not
615 2738 694 2798 until
727 2741 832 2801 Simon
873 2741 930 2801 and

1331 2782 1354 2842 it
1375 2780 1403 2840 to
1428 2775 1589 2835 ourselves.
1606 2770 1690 2830 ...
1711 2768 1779 2828 Why
1804 2764 1824 2824 is
1844 2760 1868 2820 it
1889 2758 1957 2818 that
1978 2756 2002 2816 in

284 2774 430 2834 Schuster
453 2774 586 2834 initiated
614 2774 622 2834 a
645 2775 737 2835 series
756 2777 786 2837 of
804 2780 937 2840 transla¬

1330 2814 1382 2874 the
1409 2810 1580 2870 bewildered
1611 2801 1698 2861 vision
1728 2799 1755 2859 of
1778 2798 1789 2858 a
1816 2792 1956 2852 majority
1983 2789 2013 2849 of

281 2810 360 2870 tions
393 2812 423 2872 of
450 2810 499 2870 his
526 2812 614 2872 prose
655 2813 757 2873 works
793 2816 841 2876 did
882 2816 935 2876 the

1332 2846 1481 2906 American
1512 2842 1573 2902 men
1600 2837 1654 2897 any
1682 2834 1750 2894 book
1777 2827 1852 2887 more
1879 2823 1944 2883 than
1975 2822 2005 2882 an

284 2847 447 2907 American
471 2849 578 2909 public
598 2849 705 2909 realize
729 2852 799 2912 that
814 2852 860 2912 his
879 2853 935 2913 fie¬

1330 2880 1395 2940 Inch
1418 2878 1484 2938 deep
1507 2874 1598 2934 seems
1613 2870 1639 2930 to
1658 2867 1768 2927 adduce
1787 2861 1834 2921 the
1849 2857 1930 2917 faint
1945 2855 2015 2915 odor

284 2885 338 2945 tion
371 2885 517 2945 occupies
543 2885 575 2945 an
605 2888 730 2948 equally
760 2891 935 2951 important

1328 2914 1359 2974 of
1380 2912 1430 2972 the
1451 2909 1529 2969 little
1549 2906 1660 2966 pansy?
1680 2903 1695 2963 .
1716 2902 1727 2962 .
1747 2900 1759 2960 .
1779 2894 1866 2954 Who,
1878 2891 1909 2951 or
1929 2889 2024 2949 what,

286 2922 365 2982 place
393 2924 458 2984 with
486 2921 529 2981 his
548 2922 702 2982 dramatic
725 2926 839 2986 works.
853 2928 919 2988 Now

1335 2945 1422 3005 made
1452 2939 1569 2999 culture
1603 2934 1742 2994 indecent
1771 2930 1797 2990 in
1830 2925 1881 2985 the
1911 2921 2010 2981 hollow

283 2957 327 3017 his
345 2959 433 3019 name
456 2959 487 3019 es
505 2959 513 3019 a
536 2959 642 3019 writer
660 2959 691 3019 of
705 2962 812 3022 fiction
839 2965 936 3025 seems

1335 2976 1481 3036 corridors
1500 2973 1529 3033 of
1548 2970 1648 3030 trade?
1670 2967 1710 3027 ..
1729 2965 1740 3025 .
1758 2961 1791 3021 I'm
1825 2958 1891 3018 sure
1910 2954 1920 3014 I
1939 2953 2024 3013 don't

1337 3010 1439 3070 know.
1476 3008 1487 3068 I
1513 3006 1590 3066 know
1624 3000 1689 3060 only
1715 2995 1781 3055 that
1804 2991 1855 3051 the
1881 2988 2024 3048 essential

286 2995 307 3055 to
335 2995 535 3055 overshadow
574 2998 622 3058 his
644 3001 823 3061 reputation
856 3003 888 3063 as
915 3004 926 3064 a

1340 3042 1446 3102 leisure
1480 3037 1571 3097 which
1608 3034 1688 3094 alone
1722 3027 1820 3087 builds
1854 3024 1886 3084 up
1920 3020 1930 3080 a
1967 3018 2022 3078 na¬

283 3034 494 3094 playwright.

1341 3078 1436 3138 tional
1458 3072 1616 3132 literature
1642 3066 1693 3126 has
1719 3063 1745 3123 to
1774 3059 1803 3119 be
1830 3055 1943 3115 fought
1966 3052 2028 3112 for,

1341 3109 1424 3169 here,
1440 3107 1508 3167 inch
1539 3105 1569 3165 by
1592 3100 1680 3160 inch,
1695 3095 1786 3155 bitter
1806 3089 1874 3149 foot
1894 3087 1927 3147 by
1951 3085 2030 3145 foot,

1340 3144 1399 3204 and
1431 3140 1497 3200 that
1525 3137 1560 3197 we
1584 3132 1670 3192 cball
1690 3128 1760 3188 have
1788 3124 1914 3184 nothing
1942 3118 2028 3178 great

1341 3177 1377 3237 or
1399 3175 1461 3235 true
1488 3171 1521 3231 or
1543 3166 1687 3226 enduring
1716 3162 1738 3222 in
1768 3156 1915 3216 American
1948 3149 2029 3209 writ¬

1346 3210 1391 3270 ing
1418 3208 1501 3268 until
1517 3198 1711 3258 somewhere,
1727 3192 1863 3252 somehow
1898 3184 1932 3244 we
1956 3180 2027 3240 have

1345 3242 1459 3302 created
1483 3237 1494 3297 a
1517 3232 1700 3292 ruminative
1720 3228 1808 3288 class.
1823 3225 1834 3285 .
1854 3224 1865 3284 .
1884 3222 1899 3282 .
1915 3220 1930 3280 A
1957 3215 2029 3275 class

1351 3275 1418 3335 well
1442 3272 1556 3332 enough
1588 3264 1776 3324 conditioned
1808 3255 1832 3315 to
1860 3252 1899 3312 sit
1927 3251 1950 3311 in
1982 3247 2033 3307 the

1766 3288 1837 3348 This
1856 3282 2032 3342 enormous¬

1349 3310 1454 3370 garden
1479 3306 1532 3366 and
1557 3298 1683 3358 browse.

1352 3343 1378 3403 ly
1402 3339 1569 3399 important
1593 3329 1699 3389 service
1722 3325 1775 3385 has
1798 3321 1863 3381 been
1894 3314 2031 3374 rendered

1356 3373 1403 3433 the
1427 3371 1544 3431 writing
1568 3365 1631 3425 men
1663 3360 1690 3420 of
1714 3355 1839 3415 England
1867 3350 1945 3410 since
1973 3344 2036 3404 first

1353 3407 1400 3467 the
1419 3404 1488 3464 bells
1507 3403 1533 3463 at
1548 3397 1662 3457 vespers
1677 3393 1743 3453 rang
1762 3387 1824 3447 over
1839 3381 2046 3441 Lindisfarne.

1351 3440 1381 3500 In
1408 3437 1542 3497 America
1569 3432 1591 3492 It
1615 3431 1637 3491 is
1661 3427 1729 3487 only
1756 3421 1802 3481 the
1829 3416 1893 3476 very
1917 3413 1974 3473 rich
2005 3410 2035 3470 or

1361 3475 1406 3535 the
1434 3470 1495 3530 very
1523 3467 1592 3527 poor
1616 3461 1675 3521 who
1703 3457 1775 3517 have
1799 3451 1868 3511 time
1896 3446 1920 3506 to
1948 3445 1978 3505 do
2006 3443 2043 3503 it;

1359 3506 1413 3566 and
1437 3502 1509 3562 just
1533 3499 1588 3559 now
1623 3493 1691 3553 they
1715 3490 1759 3550 are
1787 3485 1852 3545 both
1883 3479 1910 3539 so
1938 3480 2040 3540 deeply

1362 3538 1496 3598 troubled
1524 3532 1589 3592 that
1611 3526 1735 3586 nothing
1759 3519 1852 3579 comes
1873 3515 1904 3575 of
1922 3514 1959 3574 it.

1364 3574 1408 3634 My
1441 3569 1534 3629 singla
1567 3562 1692 3622 country
1725 3553 1834 3613 rector,
1859 3544 2041 3604 desperately

1364 3607 1509 3667 unhappy
1529 3601 1552 3661 in
1578 3596 1624 3656 his
1645 3585 1872 3645 unaccustomed
1899 3576 2053 3636 isolation,

1365 3643 1389 3703 is
1417 3637 1543 3697 (though
1574 3631 1605 3691 he
1633 3624 1749 3684 doesn't
1770 3617 1845 3677 know
1879 3611 1920 3671 it)
1941 3610 1954 3670 a
1982 3609 2047 3669 lone

1369 3674 1486 3734 warrior
1508 3669 1536 3729 on
1566 3668 1576 3728 a
1601 3661 1729 3721 deserted
1755 3649 1936 3709 battlement

1862 3682 1899 3742 B.
1918 3678 1961 3738 K.
1975 3676 2017 3736 H.

373 4083 533 4143 ARTHUR
569 4087 812 4147 SCHNITZLER

300 4129 448 4189 Austéan
486 4129 554 4189 Man
598 4129 629 4189 of
661 4131 782 4191 Letters
820 4129 893 4189 Who

342 4170 417 4230 Ded
445 4171 521 4231 Last
543 4171 635 4231 Weck
668 4171 689 4231 in
723 4171 863 4231 Vienna)

2595 2371 2738 2431 Eatract
2757 2374 2816 2434 from

2643 2479 2740 2539 Time

2582 2534 2763 2594 Chicago,
2770 2533 2830 2593 III.

2656 2631 2706 2691 2
2743 2641 2838 2701 NOV.
2847 2635 2889 2695 19

2466 2658 2565 2718 Date

2349 2837 2373 2897 80
2405 2831 2506 2891 Died.
2532 2831 2651 2891 Arthur
2677 2831 2866 2891 Schnitzler,
2885 2828 2935 2888 69.
2955 2828 3099 2888 Viennese

2358 2873 2502 2933 novelist,
2521 2873 2595 2933 poet
2615 2873 2670 2933 and
2699 2872 2863 2932 dramatist
2891 2870 3096 2930 (Casanova's

2356 2915 2599 2975 Homecoming,
2617 2915 2776 2975 Projessor
2804 2912 2989 2972 Bernhardi,
3008 2912 3100 2972 Fraû¬

2357 2954 2415 3014 lein
2447 2956 2533 3016 Else,
2556 2956 2741 3016 Rhapsody,
2760 2956 2860 3016 etc.);
2883 2953 2914 3013 of
2942 2953 2950 3013 a
2983 2953 3104 3013 stroke,

2360 2999 2445 3059 while
2469 2998 2637 3058 re-writing
2661 2998 2674 3058 a
2702 2998 2793 3058 play;
2812 2996 2839 3056 in
2866 2995 2998 3055 Vienna.
3027 2995 3058 3055 In
3081 2995 3094 3055 a

2363 3040 2476 3100 codicil
2499 3040 2526 3100 to
2558 3041 2608 3101 his
2636 3040 2699 3100 will
2722 3040 2758 3100 he
2790 3040 2922 3100 directed
2959 3037 3027 3097 that
3055 3037 3100 3097 his

2360 3083 2483 3143 funeral
2501 3082 2537 3142 be
2565 3082 2620 3142 “of
2643 3082 2692 3142 the
2720 3080 2789 3140 very
2816 3082 2889 3142 last”
2922 3079 3099 3139 (pauper’s)

2359 3126 2454 3186 class,
2471 3124 2538 3184 that
2563 3124 2613 3184 the
2638 3124 2742 3184 money
2771 3123 2842 3183 thus
2863 3122 2950 3182 saved
2980 3121 3013 3181 be
3038 3121 3100 3181 dis¬

2364 3165 2489 3225 tributed
2515 3165 2623 3225 among
2649 3165 2812 3225 hospitals,
2825 3165 2891 3225 that
2909 3165 2921 3225 a
2942 3162 3047 3222 needle
3068 3162 3097 3222 be

2357 3209 2461 3269 thrust
2486 3207 2616 3267 through
2649 3207 2691 3267 his
2720 3207 2807 3267 heart
2833 3205 2862 3265 to
2888 3204 3012 3264 remove
3038 3205 3092 3265 any

2362 3251 2463 3311 doubt
2481 3249 2515 3309 of
2534 3249 2643 3309 death.
