3436 4320
227 270 258 330 2

1478 263 1604 323 box
1684 266 1865 326 43/3

378 273 852 333 sehnitzler
921 280 959 340 s
1028 271 1259 331 Deatl

774 1119 1484 1179 OBSERVER

862 1184 888 1244 I.
902 1184 1022 1244 österr.
1035 1187 1182 1247 behördl.
1196 1189 1498 1249 konzessioniertes

820 1225 1054 1285 Unternehmen
1086 1226 1134 1286 für
1157 1228 1547 1288 Zeitungs-Ausschnitte

879 1282 1018 1342 WIEN,
1045 1288 1091 1348 I.,
1118 1288 1403 1348 WOLLZEILE
1450 1293 1490 1353 11

965 1336 1180 1396 TELEPHON
1217 1340 1396 1400 R-23-0-43

1825 1403 1915 1463 Diese
1953 1405 2102 1465 Klugheit
2140 1404 2320 1464 verhindert
2344 1401 2373 1461 es
2396 1404 2530 1464 wieder,
2561 1404 2613 1464 daß
2644 1401 2718 1461 diese

1762 1445 1979 1505 Taumgebilde
2029 1443 2059 1503 zu
2113 1443 2325 1503 romantischen
2361 1443 2552 1503 Dichtungen
2588 1441 2725 1501 werden,

762 1476 984 1536 Ausschnitt
1012 1479 1101 1539 aus:

1765 1482 1806 1542 die
1835 1484 1914 1544 durch
1947 1482 1993 1542 die
2022 1482 2199 1542 Intensität
2223 1482 2269 1542 des
2302 1480 2620 1540 Gefühlserlebnisses
2653 1481 2718 1541 ent¬

1763 1521 1903 1581 scheidend
1930 1521 2085 1581 bestimmt
2108 1521 2244 1581 werden.
2281 1521 2340 1581 Bei
2363 1521 2526 1581 Schnitzler
2554 1521 2590 1581 ist
2608 1521 2717 1581 immer

1760 1560 1867 1620 wieder
1896 1560 1942 1620 der
1971 1561 2096 1621 kritische
2125 1560 2270 1620 Verstand
2299 1559 2345 1619 als
2374 1557 2453 1617 Erbe
2477 1557 2574 1617 seines
2603 1560 2715 1620 Blutes

1765 1599 1908 1659 sezierend
1937 1599 2039 1659 hinter
2068 1598 2160 1658 seinen
2193 1599 2342 1659 Gefühlen
2375 1596 2440 1656 her.
2482 1596 2524 1656 Es
2553 1597 2654 1657 bleibt
2678 1597 2719 1657 so¬

1763 1635 1819 1695 mit
1846 1634 1921 1694 allen
1957 1635 2076 1695 Szenen
2111 1637 2137 1697 in
2178 1637 2275 1697 seinen
2310 1634 2584 1694 Bühnenwerken,
2611 1637 2711 1697 mögen

1759 1673 1833 1733 diese
1866 1675 1926 1735 noch
1959 1676 1982 1736 so
2011 1676 2132 1736 poetisch
2160 1676 2169 1736 —
2221 1676 2342 1736 poetisch
2375 1676 2458 1736 mehr
2482 1676 2510 1736 in
2543 1676 2594 1736 der
2622 1675 2720 1735 Ober¬

1764 1714 1888 1774 flächen=
1924 1714 1972 1774 als
2013 1713 2039 1773 in
2079 1713 2132 1773 der
2164 1715 2416 1775 Tiefenwirkung

2524 1714 2598 1774 sein,
2649 1715 2719 1775 eine

1764 1754 1973 1814 Bewußtheit,
2018 1751 2066 1811 die
2116 1753 2226 1813 immer
2280 1753 2395 1813 wieder
2445 1752 2476 1812 in
2516 1754 2716 1814 Erinnerung

640 1760 865 1820 AUSSCHMITT
883 1760 962 1820 VOM:
1077 1780 1100 1840 2
1125 1779 1271 1839 4.OKT.
1288 1781 1351 1841 193

1759 1790 1879 1850 bringt,
1917 1793 1973 1853 daß
2025 1790 2076 1850 das
2109 1790 2272 1850 Gestaltete
2319 1793 2399 1853 nicht
2422 1793 2632 1853 unmittelbar
2661 1793 2716 1853 aus

1760 1828 1971 1888 schöpferischen
2014 1828 2148 1888 Urquell
2173 1830 2292 1890 strömt.
2331 1831 2517 1891 Gestaltung
2552 1831 2561 1891 —
2619 1831 2709 1891 diesen

1761 1867 1915 1927 Ausdruck
1952 1869 2040 1929 sollte
2088 1868 2153 1928 man
2204 1867 2255 1927 bei
2283 1870 2446 1930 Schnitzler
2475 1870 2633 1930 eigentlich
2666 1870 2716 1930 gar

1761 1905 1835 1965 nicht
1864 1906 2065 1966 gebrauchen,
2089 1906 2158 1966 denn
2192 1906 2237 1966 die
2266 1909 2443 1969 Menschen,
2463 1909 2509 1969 die
2537 1909 2565 1969 er
2593 1908 2649 1968 auf
2673 1907 2719 1967 die

706 1945 1008 2005 Regensburger
1051 1944 1251 2004 Anzeiger,
1277 1942 1528 2002 Regensburg

1763 1944 1870 2004 Bühne
1899 1944 2011 2004 bringt
2044 1946 2245 2006 (angefangen
2283 1945 2340 2005 von
2378 1948 2428 2008 der
2462 1946 2654 2006 „Liebelei“,
2678 1948 2719 2008 die

1759 1979 1799 2039 ihn
1832 1984 1963 2044 bekannt
1991 1984 2118 2044 machte,
2156 1984 2201 2044 bis
2233 1984 2260 2044 zu
2292 1984 2392 2044 seinem
2434 1986 2534 2046 letzten
2566 1987 2716 2047 Bühnen¬

1764 2021 1835 2081 werk
1865 2022 1945 2082 „Der
1970 2023 2056 2083 Gang
2085 2023 2137 2083 zum
2176 2022 2339 2082 Weiher“)
2364 2022 2421 2082 sind
2455 2025 2531 2085 keine
2560 2025 2713 2085 Gestalten

1758 2060 1878 2120 sondern
1912 2060 2075 2120 Schemen,
2096 2061 2249 2121 Menschen
2288 2061 2360 2121 ohne
2389 2061 2557 2121 Rückgrat,
2582 2064 2630 2124 die
2659 2064 2716 2124 nur

937 2079 1087 2139 Arthur
1126 2082 1322 2142 Schnitzler
1353 2076 1587 2136 gestorben.

1761 2095 1813 2155 von
1840 2099 2060 2159 Stimmungen
2096 2099 2148 2159 und
2180 2097 2201 2157 in
2233 2100 2457 2160 Stimmungen
2488 2102 2567 2162 leben
2603 2103 2708 2163 können

1759 2136 1817 2196 und
1849 2136 1898 2196 bei
1922 2136 1972 2196 der
1995 2138 2085 2198 ersten
2118 2139 2299 2199 Berührung
2331 2139 2385 2199 mit
2413 2139 2458 2199 der
2486 2140 2590 2200 harten
2622 2139 2721 2199 Wirk¬

1759 2175 1872 2235 lichkeit
1904 2175 2031 2235 kraftlos
2068 2178 2346 2238 zusammenknicken
2406 2177 2464 2237 wie
2501 2180 2633 2240 Blumen
2674 2179 2701 2239 im

1756 2214 1855 2274 Frost.
1895 2217 2325 2277 Augenblicksstimmungen,
2370 2219 2483 2279 bunte,
2509 2220 2715 2280 farbenreiche

1759 2252 2003 2312 Impressionen,
2040 2254 2090 2314 die
2136 2255 2321 2315 aufleuchten
2376 2255 2435 2315 wie
2481 2256 2613 2316 Raketen
2667 2256 2703 2316 am

1759 2291 1998 2351 Nachthimmel,
2026 2291 2098 2351 aber
2130 2292 2234 2352 ebenso
2266 2294 2374 2354 schnell
2407 2294 2515 2354 wieder
2552 2295 2719 2355 versinken.

1757 2328 1835 2388 Was
1869 2328 1966 2388 bleibt
1995 2330 2027 2390 ist
2055 2331 2148 2391 nichts
2182 2332 2228 2392 als
2257 2333 2429 2393 manchmal
2457 2335 2499 2395 ein
2536 2335 2606 2395 leise
2635 2334 2718 2394 nach¬

1757 2369 1934 2429 klingender
1963 2369 2103 2429 lyrischer
2131 2372 2215 2432 Ton,
2239 2369 2290 2429 der
2318 2372 2416 2432 etwas
2449 2372 2505 2432 von
2543 2372 2594 2432 der
2622 2372 2720 2432 Weh¬

1754 2406 1824 2466 mut
1848 2408 1894 2468 des
1927 2411 2118 2471 Volksliedes
2146 2410 2211 2470 hat.
2249 2411 2309 2471 Dem
2356 2411 2463 2471 Letzten
2497 2413 2552 2473 und
2580 2412 2706 2472 Tiefsten

1757 2446 1879 2506 weichen
1934 2445 1979 2505 die
2030 2449 2271 2509 Schnitzlerschen
2326 2449 2480 2509 Menschen
2540 2451 2617 2511 aus.
2658 2450 2717 2510 Sie

1763 2485 1885 2545 sprechen
1912 2485 1989 2545 zwar
2012 2485 2057 2545 oft
2081 2488 2130 2548 vom
2167 2488 2267 2548 Tode,
2285 2488 2353 2548 aber
2376 2488 2413 2548 sie
2436 2488 2549 2548 spielen
2581 2491 2635 2551 nur
2658 2491 2717 2551 mit

1758 2522 1837 2582 ihm.
1897 2524 1956 2584 Wo
2001 2525 2040 2585 sie
2090 2524 2139 2584 ihm
2199 2526 2253 2586 ins
2303 2527 2396 2587 ernste
2432 2530 2550 2590 Antlitz
2596 2529 2714 2589 schauen

1760 2563 1884 2623 müssen,
1909 2563 2076 2623 empfehlen
2110 2563 2143 2623 sie
2173 2564 2220 2624 sich
2254 2564 2312 2624 mit
2341 2566 2427 2626 einer
2456 2566 2605 2626 graziösen
2639 2565 2720 2625 Ver¬

1752 2600 1907 2660 beugung.
1949 2601 2007 2661 Sie
2054 2602 2150 2662 haben
2200 2601 2296 2661 nichts
2347 2604 2401 2664 von
2443 2604 2493 2664 der
2525 2607 2712 2667 holzschnitt¬

1749 2636 1851 2696 haften
1903 2637 2057 2697 Struktur
2100 2637 2151 2697 der
2199 2639 2353 2699 Gestalten
2405 2640 2488 2700 Karl
2512 2643 2718 2703 Schönherrs,

1757 2676 1845 2736 dieses
1883 2676 2079 2736 dichterischen
2117 2679 2312 2739 Gegenpoles
2369 2679 2490 2739 Arthur
2518 2682 2718 2742 Schnitzlers.

1757 2715 1790 2775 In
1825 2715 2007 2775 Schnitzlers
2037 2716 2161 2776 Werken
2196 2718 2335 2778 verbirgt
2360 2718 2407 2778 sich
2437 2721 2542 2781 hinter
2572 2721 2624 2781 der
2654 2721 2716 2781 for¬

1756 2753 1853 2813 malen
1893 2754 2008 2814 Kultur
2043 2755 2122 2815 nicht
2154 2757 2259 2817 immer
2295 2757 2339 2817 ein
2379 2759 2582 2819 wesenhafter
2618 2760 2714 2820 Kern,

1757 2789 1808 2849 das
1846 2793 2037 2853 Aesthetische
2070 2795 2243 2855 verdrängt
2294 2793 2340 2853 oft
2374 2796 2523 2856 allzusehr
2556 2797 2607 2857 das
2644 2796 2704 2856 rein

1754 2832 1968 2892 Dichterische.

2142 2835 2205 2895 Dr.
2227 2836 2451 2896 Adalbert
2473 2840 2680 2900 Schmidt.

824 3019 884 3079 Die
907 3021 1012 3081 Welt,
1035 3023 1056 3083 in
1090 3022 1134 3082 die
1162 3022 1284 3082 Arthur
1307 3024 1473 3084 Schnitzler
1501 3022 1595 3082 seiner
1624 3023 1728 3083 dichte¬

765 3063 870 3123 rischen
900 3061 1139 3121 Physiognomie
1163 3060 1226 3120 nach
1255 3059 1394 3119 gehörte,
1414 3059 1476 3119 war
1500 3058 1548 3118 die
1572 3060 1658 3120 Welt
1678 3060 1711 3120 am

769 3100 914 3160 Ausgang
942 3100 991 3160 des
1025 3097 1234 3157 vergangenen
1271 3099 1527 3159 Jahrhunderts,
1564 3098 1613 3158 die
1641 3099 1727 3159 Welt

768 3138 847 3198 einer
897 3138 1109 3198 absterbenden
1167 3136 1303 3196 Kultur,
1344 3137 1387 3197 die
1441 3137 1467 3197 im
1512 3136 1644 3196 Spiegel
1676 3136 1724 3196 der

759 3176 908 3236 Dichtung
942 3178 1002 3238 voll
1022 3178 1176 3238 trauriger
1200 3178 1453 3238 Selbstreflexion
1487 3175 1533 3235 ihr
1557 3177 1726 3237 melancho¬

765 3217 862 3277 lisches
891 3217 1008 3277 Antlitz
1027 3217 1205 3277 betrachtet.
1243 3216 1341 3276 Kraft
1384 3215 1444 3275 und
1473 3214 1570 3274 Größe
1618 3216 1725 3276 wohnt

763 3255 840 3315 nicht
868 3255 891 3315 in
924 3254 1019 3314 dieser
1042 3254 1143 3314 Welt:
1166 3254 1230 3314 eine
1258 3255 1344 3315 müde
1372 3255 1509 3315 Skepsis,
1533 3255 1597 3315 eine
1620 3255 1729 3315 spiele¬

762 3294 846 3354 rische
875 3295 1039 3355 Lässigkeit
1063 3294 1199 3354 umweht
1227 3294 1321 3354 alles,
1345 3294 1429 3354 selbst
1453 3292 1500 3352 die
1528 3294 1659 3354 Tragik,
1683 3292 1725 3352 die

766 3333 889 3393 dadurch
939 3333 974 3393 um
1032 3333 1098 3393 ihre
1147 3333 1400 3393 Tiefenwirkung
1449 3333 1590 3393 gebracht
1640 3333 1728 3393 wird.

769 3375 861 3435 Jedes
890 3372 1048 3432 Geschehen
1086 3372 1211 3432 verliert
1240 3372 1314 3432 seine
1342 3372 1622 3432 Unerbittlichkeit,
1645 3371 1719 3431 seine

764 3414 949 3474 elementare
984 3411 1143 3471 Realität,
1169 3411 1259 3471 indem
1307 3411 1337 3471 es
1372 3411 1397 3471 in
1437 3411 1518 3471 zarte
1553 3411 1725 3471 Traumes¬

769 3453 881 3513 schleier
914 3453 1031 3513 gehüllt
1059 3452 1149 3512 wird,
1191 3451 1240 3511 die
1268 3450 1313 3510 die
1345 3451 1476 3511 Grenzen
1518 3450 1567 3510 von
1604 3450 1708 3510 Traum

766 3491 820 3551 und
857 3491 980 3551 Wachen
1017 3491 1209 3551 verwischen.
1255 3487 1323 3547 Wie
1373 3489 1405 3549 es
1456 3488 1647 3548 bezeichnend
1684 3488 1711 3548 im

777 3530 997 3590 „Paracelsus“
1023 3527 1122 3587 heißt:

828 3570 882 3630 „Es
914 3568 1023 3628 fließen
1055 3569 1241 3629 ineinander
1269 3567 1373 3627 Traum
1419 3566 1478 3626 und
1510 3566 1650 3626 Wachen,

824 3608 987 3668 Wahrheit
1016 3607 1071 3667 und
1100 3605 1193 3665 Lüge.
1231 3605 1404 3665 Sicherheit
1428 3605 1464 3665 ist
1488 3605 1633 3665 nirgends

826 3645 886 3705 Wir
912 3646 1007 3706 wissen
1038 3647 1128 3707 nichts
1158 3645 1210 3705 von
1240 3645 1374 3705 andern,
1392 3645 1482 3705 nichts
1513 3646 1564 3706 von
1595 3647 1650 3707 uns

818 3685 892 3745 Wir
917 3688 1020 3748 spielen
1055 3688 1182 3748 immer;
1207 3688 1267 3748 wer
1292 3687 1321 3747 es
1351 3687 1444 3747 weiß,
1469 3688 1498 3748 ist
1523 3688 1607 3748 klug.
