3392 4352
199 279 394 339 jusschnitt
417 286 503 346 aus:

202 512 332 572 PCHNTT
353 515 442 575 VOM:

518 573 580 633 22
627 569 717 629 OKI.
727 571 790 631 193

202 694 373 754 Inzeiger
409 696 459 756 für
503 699 589 759 Köln
624 702 683 762 und
727 709 959 769 Umgegend,
995 713 1071 773 Köln

401 780 737 840 Morgenausgabe

531 975 846 1035 Arthur
908 977 1424 1037 Schnitzler
1486 984 1939 1044 gestorben

330 1086 436 1146 Vom
487 1091 808 1151 Spaziergang
850 1091 1154 1151 heimgekehrt,
1180 1091 1320 1151 ereilte
1354 1093 1418 1153 den
1452 1095 1632 1155 Dichter
1668 1096 1716 1156 ein
1750 1097 1979 1157 plötzlicher
2013 1098 2103 1158 Tod

1247 1183 1382 1243 gestalten
1415 1183 1503 1243 seiner
1531 1183 1629 1243 Werke
1657 1185 1704 1245 den
1737 1186 1834 1246 beiden
1867 1186 1993 1246 Figuren
2026 1189 2109 1249 dieses

1248 1219 1367 1279 Wiener
1398 1222 1574 1282 Denkmals.
1614 1222 1702 1282 Zwar
1733 1225 1834 1285 tragen
1875 1225 1945 1285 seine
1980 1228 2112 1288 Männer

1250 1256 1329 1316 selten
1365 1258 1418 1318 den
1458 1258 1537 1318 Bart
1569 1261 1652 1321 dieses
1688 1261 1820 1321 barocken
1861 1264 2019 1324 Burschen,
2051 1264 2112 1324 aber

1242 1297 1272 1357 sie
1302 1297 1354 1357 alle
1385 1297 1492 1357 greifen
1527 1300 1631 1360 immer
1666 1300 1769 1360 wieder
1800 1302 1864 1362 nach
1895 1303 1946 1363 den
1981 1303 2115 1363 Frauen,

1251 1333 1281 1393 sie
1313 1336 1369 1396 alle
1401 1336 1502 1396 wollen
1538 1336 1582 1396 die
1618 1339 1701 1399 Liebe
1737 1339 1781 1399 als
1812 1339 1865 1399 den
1901 1342 2033 1402 schönen,
2064 1340 2112 1400 un¬

1248 1373 1430 1433 beherrschten
1462 1374 1653 1434 Augenblick,
1671 1376 1706 1436 sie
1734 1377 1787 1437 alle
1814 1377 1916 1437 wollen
1952 1377 2116 1437 verführen,

1209 1407 1222 1467 1
1245 1410 1317 1470 aber
1349 1411 1422 1471 nicht
1450 1411 1499 1471 für
1527 1413 1572 1473 die
1604 1413 1691 1473 Liebe
1723 1416 1773 1476 den
1809 1416 1896 1476 Preis
1933 1416 1978 1476 der
2010 1416 2114 1476 Pflicht

1253 1449 1366 1509 zahlen,
1384 1449 1421 1509 sie
1444 1450 1498 1510 alle
1521 1451 1621 1511 wollen
1654 1454 1795 1514 genießen
1837 1455 1891 1515 und
1918 1455 1996 1515 selten
2028 1455 2105 1515 mehr

1245 1489 1309 1549 Und
1334 1487 1407 1547 seine
1432 1488 1550 1548 Frauen
1580 1491 1713 1551 sträuben
1743 1493 1806 1553 sich,
1826 1491 1895 1551 aber
1920 1491 1993 1551 nicht
2014 1493 2097 1553 lange

1251 1524 1280 1584 sie
1315 1524 1368 1584 alle
1403 1527 1496 1587 folgen
1536 1527 1614 1587 ihrem
1669 1527 1796 1587 Gefühl,
1821 1529 1855 1589 sie
1885 1529 1993 1589 kennen
2037 1530 2110 1590 keine

1247 1561 1429 1621 Hemmung,
1454 1563 1532 1623 keine
1562 1565 1710 1625 Feigheit,
1735 1565 1788 1625 und
1823 1566 1847 1626 so
1878 1568 1986 1628 stürzen
2021 1568 2054 1628 sie
2084 1569 2108 1629 in

1245 1598 1350 1658 Schuld
1385 1601 1437 1661 und
1466 1601 1576 1661 Elend,
1601 1602 1668 1662 aber
1697 1604 1730 1664 sie
1760 1604 1817 1664 sind
1847 1604 1914 1664 groß
1948 1604 1971 1664 im
2016 1607 2121 1667 Sturz,

1243 1637 1316 1697 denn
1347 1637 1428 1697 wenn
1463 1639 1497 1699 sie
1523 1638 1566 1698 die
1596 1641 1682 1701 Liebe
1708 1641 1828 1701 wollen,
1855 1643 1953 1703 wollen
1988 1643 2022 1703 sie
2048 1644 2108 1704 auch

1246 1676 1302 1736 alle
1329 1676 1382 1736 von
1413 1676 1457 1736 ihr
1484 1679 1664 1739 unlöslichen
1696 1681 1947 1741 Verstrickungen.
1970 1682 2119 1742 Männer,

1244 1709 1288 1769 die
1324 1715 1500 1775 verführen,
1527 1715 1598 1775 aber
1634 1717 1709 1777 nicht
1745 1718 1855 1778 lieben,
1887 1718 1944 1778 und
1980 1721 2094 1781 Frauen

1246 1750 1289 1810 die
1316 1750 1448 1810 verführt
1471 1752 1603 1812 werden,
1626 1753 1692 1813 weil
1710 1756 1745 1816 sie
1768 1756 1877 1816 lieben:
1901 1756 1971 1816 diese
1998 1756 2112 1816 Grund¬

1246 1787 1314 1847 züge
1341 1792 1518 1852 durchziehen
1555 1792 1596 1852 die
1624 1792 1732 1852 Bücher
1760 1794 1809 1854 des
1837 1794 1973 1854 Wieners
2001 1795 2109 1855 Arthur

1246 1828 1400 1888 Schnitzler
1431 1828 1484 1888 vom
1528 1829 1612 1889 ersten
1648 1830 1691 1890 bis
1723 1831 1775 1891 zum
1815 1832 1930 1892 letzten,
1952 1834 1978 1894 in
2010 1835 2111 1895 immer

1241 1864 1335 1924 neuen
1365 1867 1592 1927 Wandlungen,
1614 1868 1678 1928 aber
1705 1870 1764 1930 doch
1795 1870 1816 1930 im
1855 1870 1975 1930 gleichen
2005 1872 2095 1932 Takt.

1244 1900 1303 1960 und
1335 1902 1357 1962 so
1390 1901 1425 1961 ist
1453 1906 1512 1966 jene
1544 1907 1639 1967 Figur
1671 1908 1721 1968 von
1758 1907 1916 1967 Mattielli,
1940 1909 2107 1969 anderthalb

1245 1941 1454 2001 Jahrhundert
1478 1941 1524 2001 vor
1549 1944 1716 2004 Schnitzler,
1735 1947 1791 2007 wie
1815 1947 1852 2007 ein
1881 1948 1997 2008 Zeichen
2026 1948 2109 2008 seiner

1246 1975 1349 2035 Welt.

1283 2013 1327 2073 Es
1357 2018 1386 2078 ist
1421 2019 1480 2079 kein
1510 2021 1628 2081 Zufall,
1658 2020 1707 2080 doß
1752 2022 1800 2082 der
1825 2025 2057 2085 Naturalismus
2087 2025 2111 2085 in

1236 2054 1323 2114 Wien
1353 2058 1427 2118 nicht
1449 2058 1492 2118 die
1518 2058 1609 2118 graue
1640 2061 1844 2121 Alltagsfarbe
1870 2061 1987 2121 bekam,
2009 2063 2060 2123 wie
2087 2061 2108 2121 in

1237 2094 1361 2154 Berlin;
1384 2097 1558 2157 Schnitzler,
1582 2097 1630 2157 der
1658 2097 1711 2157 mit
1738 2098 1792 2158 und
1824 2098 1877 2158 vor
1904 2100 2011 2160 andern
2047 2100 2114 2160 diese

1244 2133 1420 2193 Bewegung
1451 2133 1512 2193 nach
1544 2133 1693 2193 Österreich
1729 2136 1856 2196 brachte,
1879 2136 1949 2196 lebte
1980 2137 2002 2197 in
2038 2138 2112 2198 einer

1246 2168 1349 2228 Stadt,
1371 2171 1414 2231 die
1440 2171 1557 2231 damals
1588 2171 1609 2231 so
1639 2172 1760 2232 mächtig
1791 2173 1842 2233 und
1873 2174 1899 2234 so
1929 2174 2015 2234 heiter
2046 2178 2123 2238 war,

1248 2207 1299 2267 daß
1334 2208 1398 2268 man
1428 2209 1475 2269 für
1501 2208 1552 2268 das
1583 2207 1664 2267 Grau
1699 2210 1719 2270 in
1754 2210 1835 2270 Grau
1866 2213 1934 2273 dort
1960 2213 2011 2273 kein
2046 2212 2101 2272 Ver

1249 2246 1378 2306 ständnis
1407 2247 1502 2307 hatte.
1542 2247 1623 2307 Aber
1647 2250 1805 2310 Schnitzler
1829 2253 1896 2313 trug
1930 2252 1968 2312 die
1997 2252 2112 2312 Skepsis

638 2324 742 2384 Wien,
765 2324 813 2384 21.
842 2324 985 2384 Oktober.
1013 2327 1155 2387 (Telegr.)

433 2372 595 2432 Arthur
621 2371 844 2431 Schnitzler
871 2371 906 2431 ist
927 2371 1013 2431 heule
1039 2373 1125 2433 abend
1156 2373 1176 2433 im

400 2415 483 2475 Aller
507 2416 558 2476 von
587 2416 619 2476 69
647 2419 758 2479 Jahren
787 2419 810 2479 in
843 2419 931 2479 seiner
955 2419 1029 2479 Villa
1062 2420 1081 2480 in
1114 2419 1197 2479 Döb¬

401 2462 460 2522 ling
491 2464 542 2524 bei
572 2464 653 2524 Wien
689 2467 896 2527 überraschend
927 2467 972 2527 an
1008 2467 1194 2527 Gehirn¬

401 2512 586 2572 blutung
622 2512 859 2572 gestorben.
930 2515 964 2575 In
1006 2517 1055 2577 den
1096 2518 1186 2578 letzten

404 2559 477 2619 zwei
508 2559 615 2619 Jahren
655 2561 704 2621 hat
734 2560 763 2620 er
793 2562 876 2622 wohl
906 2562 1088 2622 gelegentlich
1123 2563 1192 2623 über

403 2605 609 2665 Beschwerden
669 2607 801 2667 geklagt,
846 2608 885 2668 ist
935 2610 1003 2670 aber
1063 2610 1190 2670 niemals

405 2655 553 2715 eigenklich
593 2655 681 2715 krank
716 2655 859 2715 gewesen.
899 2658 992 2718 Heute
1027 2659 1185 2719 vormittag

400 2703 510 2763 machte
554 2703 582 2763 er
626 2703 708 2763 einen
742 2704 949 2764 Spaziergang
998 2706 1055 2766 und
1104 2706 1195 2766 kehrte

400 2750 488 2810 gegen
528 2750 562 2810 11
602 2750 660 2810 Uhr
710 2750 774 2810 nach
823 2750 921 2810 Hause
966 2753 1079 2813 zurück.
1138 2751 1177 2811 Um

401 2797 483 2857 11.15
520 2797 576 2857 Uhr
613 2796 680 2856 fand
717 2798 763 2858 ihn
800 2798 877 2858 seine
914 2801 1079 2861 Sekrekärin
1116 2799 1187 2859 be¬

396 2845 589 2905 wußtlos
644 2846 688 2906 am
743 2846 882 2906 Boden
917 2849 1090 2909 liegend
1131 2849 1199 2909 vor.

403 2892 556 2952 Schnitzler
587 2894 636 2954 hat
666 2894 770 2954 seildem
815 2894 864 2954 das
899 2896 1087 2956 Bewußksein
1123 2897 1196 2957 nichl

404 2938 648 2998 wiedererlangt.
686 2941 780 3001 Gegen
826 2941 925 3001 Abend
963 2941 1026 3001 trat
1053 2944 1198 3004 Atem¬

404 2988 601 3048 lähmung
635 2989 696 3049 ein,
716 2989 759 3049 die
784 2989 860 3049 dann
895 2989 942 3049 zum
986 2989 1063 3049 Tode
1092 2992 1202 3052 führte.

403 3034 445 3094 Er
470 3036 517 3096 hat
537 3037 613 3097 nicht
633 3038 661 3098 zu
691 3037 777 3097 leiden
806 3037 964 3097 brauchen;
984 3040 1074 3100 seines
1099 3040 1189 3100 nahen

409 3081 502 3141 Todes
537 3084 571 3144 ist
596 3085 630 3145 er
660 3085 704 3145 sich
744 3085 832 3145 keinen
872 3085 1049 3145 Augenblick
1079 3088 1201 3148 bewußt

398 3130 555 3190 gewesen.

366 3223 424 3283 Von
461 3225 506 3285 dem
552 3227 714 3287 Bildhauer
747 3227 905 3287 Mattielli,
924 3228 1000 3288 einem
1046 3229 1186 3289 virtuosen

330 3261 449 3321 Meister
476 3264 524 3324 des
556 3264 697 3324 Barocks,
720 3264 768 3324 der
795 3264 817 3324 in
848 3264 928 3324 Wien
959 3266 1003 3326 die
1030 3267 1119 3327 Taten
1150 3266 1198 3326 des

323 3301 464 3361 Herkules
496 3303 548 3363 auf
572 3302 620 3362 dem
664 3303 966 3363 Reichskanzleitrakt
988 3305 1036 3365 der
1063 3306 1196 3366 Hofburg

330 3338 454 3398 gebildet
484 3338 540 3398 und
574 3338 716 3398 stürmisch
755 3338 883 3398 bewegte
923 3341 1102 3401 Hochreliefs
1145 3342 1179 3402 am

322 3374 438 3434 Portal
456 3377 503 3437 des
529 3377 865 3437 Finanzministeriums
887 3377 985 3437 gesetzt
1003 3379 1054 3439 hat
1072 3378 1085 3438 —
1141 3379 1192 3439 von

328 3412 415 3472 diesem
456 3413 584 3473 Lorenzo
611 3413 760 3473 Mattielli
779 3413 831 3473 also
858 3413 924 3473 steht
946 3415 968 3475 im
1009 3416 1198 3476 Schwarzen¬

326 3449 472 3509 bergpark
508 3452 570 3512 eine
610 3452 703 3512 große
739 3453 1009 3513 Gartenskulptur,
1041 3453 1103 3513 eine
1139 3455 1191 3515 von

325 3488 458 3548 mehrern
494 3488 549 3548 mit
575 3488 734 3548 demselben
766 3491 894 3551 Thema.
955 3491 1006 3551 Ein
1059 3492 1205 3552 faunisch¬

328 3523 460 3583 bärtiger
487 3526 584 3586 Mann
615 3526 707 3586 greift
730 3526 809 3586 einem
867 3527 1008 3587 Mädchen
1057 3529 1092 3589 um
1154 3529 1198 3589 die

329 3562 431 3622 Hüfte,
455 3562 487 3622 um
525 3564 561 3624 sie
585 3564 613 3624 zu
647 3565 819 3625 entführen;
843 3565 875 3625 sie
899 3565 1015 3625 sträubt
1039 3566 1099 3626 sich.
1119 3565 1197 3625 Aber

326 3599 466 3659 während
498 3601 542 3661 der
569 3601 630 3661 eine
657 3601 718 3661 Arm
777 3602 820 3662 sich
852 3601 935 3661 gegen
967 3604 1010 3664 den
1046 3604 1125 3664 Kopf
1148 3604 1191 3664 des

326 3637 436 3697 rauhen
467 3637 608 3697 Burschen
640 3637 771 3697 stemmt,
790 3640 882 3700 drückt
927 3640 975 3700 der
1002 3640 1090 3700 andre
1121 3643 1196 3703 seine

326 3673 412 3733 unter
440 3673 485 3733 der
512 3676 603 3736 Brust
627 3673 671 3733 her
699 3676 863 3736 zufassende
886 3677 967 3737 Hand
1000 3679 1072 3739 nicht
1096 3680 1195 3740 kräftig

326 3712 422 3772 genug
454 3713 515 3773 fort
560 3710 621 3770 Sie
648 3715 763 3775 kämpft
790 3715 842 3775 mit
869 3715 971 3775 halber
1002 3718 1103 3778 Kraft;
1130 3718 1191 3778 bald

330 3747 400 3807 wird
440 3747 475 3807 sie
520 3750 660 3810 erliegen.
719 3750 815 3810 Schon
861 3750 984 3810 schlagen
1038 3753 1090 3813 aus
1135 3753 1183 3813 dem

327 3785 413 3845 Stein
444 3789 633 3849 ausgehauen
668 3789 823 3849 Flammen
854 3789 952 3849 empor
978 3787 991 3847 —
1039 3790 1060 3850 so
1091 3792 1202 3852 pracht¬

328 3825 402 3885 volle
448 3825 736 3885 Selbstherrlichkeit
776 3826 829 3886 des
861 3828 985 3888 Barocks
1030 3824 1082 3884 —,
1119 3831 1193 3891 schon

326 3864 439 3924 rauscht
467 3864 511 3924 der
539 3867 779 3927 wildgebauschte
807 3867 928 3927 Mantel
956 3868 1005 3928 zur
1033 3870 1123 3930 Erde.
1147 3870 1191 3930 Ich

329 3901 398 3961 weiß
436 3903 524 3963 nicht,
548 3903 585 3963 ob
633 3904 800 3964 Arthur
833 3906 1057 3966 Schnitzler
1105 3908 1197 3968 dieses

330 3938 493 3998 Standbild
521 3938 548 3998 in
581 3941 657 4001 einem
704 3941 753 4001 der
799 3941 913 4001 schönen
964 3941 1058 4001 Parke
1105 3944 1200 4004 seiner

332 3972 498 4032 Vaterstadt
536 3975 657 4035 oftmals
703 3979 861 4039 betrachtet
899 3980 953 4040 hat
974 3980 982 4040 —
1041 3981 1065 4041 es
1095 3981 1195 4041 könnte

330 4010 418 4070 aber,
440 4012 489 4072 ins
520 4011 759 4071 Schwarz=Weiß
795 4016 843 4076 der
884 4019 1021 4079 Graphik
1057 4020 1207 4080 übersetzt,

331 4052 355 4112 in
385 4049 463 4109 jedem
509 4049 601 4109 seiner
626 4050 744 4110 Bücher
769 4052 822 4112 zur
848 4056 1005 4116 Vignette,
1025 4058 1074 4118 zum
1119 4057 1201 4117 Rah¬

331 4085 393 4145 men
419 4088 468 4148 des
494 4088 819 4148 Anfangsbuchstabens
844 4093 913 4153 oder
932 4094 981 4154 zum
1020 4095 1188 4155 Lefezeichen

325 4123 452 4183 Dienen.

384 4168 478 4228 Denn
498 4170 525 4230 in
555 4171 630 4231 enon
661 4174 822 4234 Brundvn
852 4176 957 4236 gechen
996 4178 1043 4238 die
1063 4180 1166 4240 haun¬

2326 204 2480 264 maet
2510 206 2568 266 nd
2607 208 2704 268 mnre
2753 211 2801 271 de
2831 213 2859 273 e
2889 213 2937 273 dun
2968 213 2995 273 do

2173 237 2286 297 möglich
2332 239 2412 299 war,
2449 240 2494 300 die
2535 244 2653 304 schwere
2694 246 2763 306 Last
2796 249 2872 309 einer
2906 252 3039 312 Sonder¬

2175 276 2308 336 stellung,
2348 276 2390 336 die
2434 278 2498 338 Not
2537 280 2619 340 einer
2662 286 2917 346 gesellschaftlichen
2969 288 3024 348 Ver

2173 312 2286 372 semung
2315 315 2448 375 gestaltet
2473 315 2518 375 so,
2538 317 2591 377 wie
2616 318 2652 378 sie
2681 320 2721 380 sich
2754 321 2807 381 aus
2840 324 2884 384 den
2921 327 3038 387 Wiener

2175 351 2386 411 Verhältnissen
2424 353 2529 413 ergab.
2570 355 2631 415 Und
2664 357 2713 417 der
2742 359 2897 419 besondere
2926 363 3043 423 Vorzug

2164 386 2302 446 jüdischen
2337 389 2466 449 Geistes,
2501 391 2543 451 die
2570 394 2725 454 Fähigkeit
2760 395 2811 455 der
2842 398 3044 458 Abstraktion,

2173 425 2240 485 zeigt
2265 425 2307 485 sich
2332 425 2357 485 in
2387 427 2466 487 einem
2509 431 2643 491 Versuch,
2665 434 2685 494 in
2715 434 2765 494 dem
2803 437 2962 497 Schnitzler
2988 436 3042 496 mit

2173 461 2249 521 Hilfe
2294 464 2374 524 eines
2415 466 2609 526 Diagramms
2658 469 2722 529 eine
2767 473 2941 533 Einteilung
2990 475 3038 535 der

2168 498 2321 558 Menschen
2354 503 2463 563 einzeln
2500 506 2552 566 und
2585 509 2747 569 insgesamt
2776 509 2917 569 versucht.

2202 551 2254 611 Die
2285 553 2371 613 ersten
2407 558 2585 618 Dichtungen
2620 562 2811 622 Schnitzlers,
2837 564 2881 624 die
2907 563 3037 623 Quatol¬

2164 592 2295 652 Szenen,
2312 592 2427 652 werden
2457 595 2567 655 bleiben
2602 598 2643 658 als
2674 599 2737 659 eine
2763 601 2941 661 echtbürtige
2967 603 3022 663 Ver

2173 628 2334 688 körperung
2370 631 2415 691 des
2452 635 2653 695 Wienertums
2690 636 2746 696 mit
2775 639 2868 699 seinen
2905 643 3041 703 Frauen,

2170 667 2214 727 die
2242 667 2290 727 den
2327 668 2436 728 ganzen
2472 670 2524 730 und
2557 674 2645 734 seinen
2682 676 2831 736 Mänern,
2856 679 2900 739 die
2929 679 3029 739 immen

2170 704 2226 764 nur
2252 703 2299 763 den
2330 707 2433 767 halben
2464 710 2579 770 Einsatz
2602 712 2722 772 wagen;
2744 715 2787 775 die
2818 717 2964 777 Christine
2990 716 3037 776 der

2170 742 2332 802 „Liebelei“
2371 744 2441 804 wird
2475 748 2538 808 noch
2572 751 2659 811 lange
2688 751 2768 811 ihren
2806 754 3031 814 erschütternden

2167 780 2317 840 Aufschrei
2349 782 2419 842 tun.
2469 786 2530 846 Und
2566 788 2633 848 auch
2669 789 2717 849 der
2753 792 2904 852 Professor
2940 794 3019 854 Bern

2168 818 2255 878 hardi
2285 819 2355 879 wird
2393 822 2435 882 als
2469 825 2602 885 Zeugnis
2636 828 2686 888 der
2720 828 2903 888 heimlichen,
2928 831 3032 891 immer

2168 858 2276 918 wieder
2306 860 2444 920 offenbar
2477 864 2648 924 werdenden
2683 867 2833 927 Tragödie
2866 869 2916 929 des
2954 870 3037 930 Arzt¬

2168 894 2244 954 tums
2273 897 2383 957 gelten,
2399 900 2480 960 wenn
2509 900 2549 960 die
2574 903 2830 963 romantierenden
2863 906 2964 966 Spiele
2989 909 3016 969 um

2166 933 2328 993 Medardus
2357 936 2410 996 und
2439 936 2471 996 um
2512 939 2663 999 Beatrice,
2684 941 2736 1001 und
2765 942 2842 1002 wenn
2871 944 2916 1004 die
2941 945 3034 1005 effekt¬

2168 971 2243 1031 volle
2277 974 2439 1034 Theaierei
2469 973 2519 1033 des
2553 976 2677 1036 Grünen
2716 978 2853 1038 Kakadus
2887 983 3029 1043 vergessen

2173 1010 2243 1070 sind.
2284 1010 2350 1070 Der
2381 1012 2523 1072 Erzähler
2555 1015 2709 1075 Schnitzler
2741 1016 2793 1076 hat
2821 1019 2975 1079 manches,
2998 1022 3019 1082 im

2168 1045 2263 1105 Guten
2297 1049 2351 1109 und
2380 1050 2405 1110 im
2447 1051 2522 1111 bösen
2556 1054 2710 1114 modernes
2739 1055 2877 1115 Schicksal
2902 1058 2952 1118 aus
2981 1059 3027 1119 den

2173 1085 2322 1145 Gewalten
2365 1086 2414 1146 des
2452 1087 2527 1147 Eros
2565 1091 2735 1151 entwickelt,
2765 1092 2806 1152 die
2844 1094 2944 1154 Leiden
2986 1097 3031 1157 des

2170 1124 2350 1184 Badearztes
2385 1127 2514 1187 Gräser,
2536 1128 2578 1188 die
2613 1129 2767 1189 Schicksale
2798 1131 2849 1191 des
2879 1134 3029 1194 alternden

2171 1162 2364 1222 Casanovas,
2408 1165 2553 1225 Fräulein
2611 1165 2694 1225 Elsas
2752 1168 2870 1228 bitteres
2928 1170 3015 1230 Opfer

2170 1201 2294 1261 immer.
2307 1201 2415 1261 wieder
2449 1204 2515 1264 tönt
2549 1203 2590 1263 die
2625 1207 2862 1267 Grundmelodie
2896 1210 2945 1270 von
2987 1210 3032 1270 der

2171 1237 2325 1297 Bitterkeit
2349 1239 2418 1299 aller
2442 1240 2619 1300 Liebeslust.
2638 1243 2698 1303 Und
2722 1243 2745 1303 so
2774 1245 2838 1305 stieß
2867 1246 2913 1306 der
2937 1248 3034 1308 Streit

2171 1279 2202 1339 um
2244 1276 2293 1336 den
2326 1279 2471 1339 „Reigen“
2507 1280 2525 1340 in
2558 1282 2607 1342 den
2639 1280 2721 1340 ersten
2753 1285 3030 1345 Nachkriegsjahren

2168 1310 2211 1370 als
2250 1315 2314 1375 eine
2349 1315 2417 1375 neue
2452 1318 2667 1378 Abwandlung
2702 1319 2749 1379 der
2783 1320 2839 1380 von
2878 1324 3033 1384 Schnitzler

2169 1353 2274 1413 immer
2310 1353 2385 1413 schon
2425 1356 2615 1416 behandelten
2655 1356 2787 1416 Fragen,
2819 1362 2942 1422 insofern
2986 1361 3030 1421 ins

2168 1389 2271 1449 Leere,
2294 1392 2336 1452 als
2371 1392 2436 1452 man
2466 1392 2582 1452 damals
2613 1395 2729 1455 überall
2755 1398 2872 1458 wirklich
2907 1400 3036 1460 gemeine

2174 1428 2360 1488 Zeitschriften
2394 1431 2590 1491 ungehindert
2620 1433 2754 1493 feilhielt,
2778 1437 2835 1497 mit
2860 1437 2945 1497 denen
2979 1440 3027 1500 das

2167 1464 2223 1524 das
2255 1467 2415 1527 verootene
2452 1468 2539 1528 Stück
2571 1472 2648 1532 nicht
2680 1473 2793 1533 einmal
2825 1476 2876 1536 den
2913 1478 3031 1538 schema¬

2170 1506 2268 1566 tischen
2307 1505 2395 1565 Stoff
2429 1509 2521 1569 teilte.

2208 1551 2362 1611 Schnitzler
2391 1553 2451 1613 ging
2485 1553 2534 1613 auf
2557 1554 2606 1614 den
2634 1553 2683 1613 70.
2706 1556 2883 1616 Geburtstag
2917 1561 2966 1621 an,
2988 1559 3027 1619 als

2174 1589 2216 1649 ihn
2254 1589 2300 1649 der
2333 1590 2393 1650 Tod
2422 1590 2538 1650 ereilte.
2580 1592 2622 1652 Er
2660 1594 2710 1654 hat
2748 1595 2790 1655 die
2832 1598 3032 1658 Gratulanten

2169 1626 2242 1686 nicht
2269 1628 2351 1688 mehr
2380 1630 2406 1690 zu
2439 1631 2516 1691 sehen
2553 1631 2712 1691 brauchen,
2731 1631 2776 1691 die
2804 1634 2845 1694 sich
2878 1636 2909 1696 an
2946 1637 3023 1697 einem

2171 1667 2275 1727 solchen
2307 1667 2366 1727 Tag
2393 1667 2420 1727 im
2461 1667 2547 1727 Ruhm
2588 1667 2633 1727 des
2661 1670 2824 1730 Gefeierten
2856 1675 3041 1735 mitsonnen;

2172 1704 2246 1764 nicht
2270 1704 2311 1764 die
2340 1706 2630 1766 Festaufführungen
2663 1709 2695 1769 an
2724 1709 2892 1769 Theatern,
2911 1712 2952 1772 die
2981 1712 3022 1772 ihm

2169 1741 2345 1801 verschlossen
2377 1742 2496 1802 waren,
2519 1745 2558 1805 als
2585 1744 2616 1804 er
2643 1746 2683 1806 die
2710 1748 2940 1808 Aufführungen
2971 1750 3033 1810 noch

2171 1780 2248 1840 nötig
2276 1780 2371 1840 hatte;
2394 1781 2448 1841 und
2477 1782 2549 1842 nicht
2572 1786 2686 1846 einmal
2704 1787 2745 1847 die
2773 1789 2836 1849 nach
2864 1789 2910 1849 dem
2956 1789 3032 1849 übeln

2171 1819 2394 1879 Dezimalsystem
2431 1821 2481 1881 der
2504 1822 2731 1882 Dichterehrung
2760 1825 2932 1885 errechneten
2965 1824 3037 1884 Leit¬

2170 1857 2286 1917 aufsätze
2314 1858 2379 1918 über
2407 1859 2449 1919 sich
2477 1860 2528 1920 und
2557 1861 2607 1921 sein
2636 1862 2733 1922 Werk.
2766 1864 2943 1924 Vermutlich
2971 1864 3031 1924 war

2171 1897 2214 1957 ihm
2255 1897 2307 1957 das
2334 1897 2422 1957 recht,
2440 1899 2604 1959 vermutlich
2635 1900 2666 1960 ist
2688 1900 2719 1960 es
2746 1902 2790 1962 ihm
2830 1903 2931 1963 ebenso
2958 1903 3046 1963 recht,

2169 1936 2221 1996 daß
2253 1933 2283 1993 er
2314 1936 2389 1996 keine
2416 1936 2561 1996 Nachrufe
2588 1938 2614 1998 zu
2645 1938 2715 1998 lesen
2746 1940 2883 2000 braucht;
2905 1940 3037 2000 vermut¬

2172 1971 2214 2031 lich
2244 1971 2272 2031 ist
2291 1971 2320 2031 es
2344 1973 2382 2033 ihm
2421 1976 2617 2036 gleichgültig,
2632 1977 2679 2037 daß
2709 1977 2833 2037 Blumen
2862 1979 2914 2039 auf
2929 1977 3020 2037 seinem

2169 2007 2248 2067 Sarg
2276 2013 2364 2073 liegen
2393 2013 2402 2073 —
2449 2014 2477 2074 er
2505 2016 2598 2076 wußte
2622 2016 2719 2076 lebend
2748 2017 2841 2077 schon,
2860 2019 2910 2079 wie
2934 2016 3036 2076 schnell

2168 2054 2203 2114 sie
2230 2049 2359 2109 welken!

2206 2096 2277 2156 Was
2301 2097 2368 2157 eben
2397 2098 2454 2158 noch
2484 2100 2569 2160 Blüte
2589 2100 2732 2160 gewesen,
2752 2103 2833 2163 welkt
2853 2103 2905 2163 nun
2934 2103 3039 2163 dahin:

2171 2136 2219 2196 das
2250 2136 2311 2196 war
2343 2138 2395 2198 sein
2426 2138 2664 2198 Grunderlebnis
2696 2138 2748 2198 von
2779 2140 2867 2200 dieser
2898 2138 2977 2198 Welt
2995 2138 3008 2198 -

2172 2172 2221 2232 und
2253 2174 2275 2234 so
2303 2176 2380 2236 hatte
2407 2174 2434 2234 er
2462 2176 2538 2236 wohl
2561 2177 2624 2237 auch
2652 2177 2701 2237 den
2734 2179 2833 2239 eignen
2861 2180 2919 2240 Tod
2947 2179 3028 2239 darin

2172 2213 2363 2273 einbezogen,
2378 2216 2422 2276 er,
2437 2216 2485 2276 der
2505 2217 2627 2277 Sänger
2648 2219 2696 2279 des
2721 2219 2804 2279 süßen
2829 2217 3039 2277 Liebesspiels.

2797 2255 2870 2315 Otto
2890 2255 3002 2315 Brües.
