3392 4224
159 262 183 322 2

303 276 784 336 Schnitzler
852 279 888 339 s
955 279 1191 339 Deatl

1421 282 1547 342 box
1622 288 1844 348 43/18

1276 528 1502 588 Ausschnitt
1525 530 1618 590 aus:

1589 641 1624 701 e
1653 624 1856 684 Journal
1876 608 1986 668 Pari

254 702 514 762 DOBS

671 730 978 790 RVER

1276 748 1386 808 vom:

335 757 361 817 I.
375 762 496 822 österr.
505 770 657 830 behördl.
671 784 970 844 konzessioniertes

289 802 527 862 Unternehmen
560 811 605 871 für
633 827 1022 887 Zeitungs-Ausschnitte

1554 801 1659 861 24.
1679 815 1801 875 007.

334 862 483 922 WIEN,
511 870 565 930 I.,
586 882 873 942 WOLLZEILE
921 892 968 952 11

432 921 648 981 TELEPHON
685 934 854 994 R-23-0-43

1427 931 1457 991 Le
1490 939 1668 999 romancier
1707 949 1821 1009 Arthur
1873 964 2032 1024 Schnitzle

1336 958 1415 1018 vient
1448 966 1481 1026 de
1514 972 1630 1032 mourir
1659 974 1672 1034 à
1702 991 2048 1051 Vierelagede

1327 992 1357 1052 70
1379 997 1452 1057 ans.
1470 999 1500 1059 Il
1522 1007 1621 1067 s'était
1643 1014 1724 1074 assez
1751 1023 1867 1083 illustré
1898 1028 1906 1088 à
1933 1031 1958 1091 la
1985 1037 2044 1097 fois

1318 1028 1439 1088 comme
1471 1040 1643 1100 romancler
1683 1048 1714 1108 et
1761 1059 1874 1119 comme
1910 1069 2039 1129 conteur

218 1052 451 1112 Ausschnitt
475 1061 565 1121 aus:

1319 1065 1396 1125 pour
1414 1068 1469 1128 que
1491 1072 1517 1132 sa
1539 1080 1710 1140 réputation
1741 1095 1883 1155 dépassât
1905 1101 1943 1161 les
1961 1108 2038 1168 pays

1318 1100 1358 1160 de
1379 1105 1487 1165 langue
1515 1115 1698 1175 allemande.

1205 1222 1424 1282 LExtrait)derf
1469 1237 1521 1297 .A
1553 1252 1720 1312 IOIRE.

154 1249 261 1309 Extrait
280 1251 303 1311 de
322 1249 333 1309 :

1229 1288 1342 1348 Adreuse
1360 1289 1474 1349 .

143 1311 565 1371 AdreeOMETA

972 1342 1033 1402 29

133 1371 658 1431 148,Champs-Elysées.

1434 1374 1780 1434 (Loire-Inf.).

1222 1392 1299 1452 Date
1315 1392 1330 1452 :

933 1395 1092 1455 TTOBRE

954 1461 1058 1521 1931

1220 1463 1309 1523 Signé

579 1488 875 1548 VENDRE

1291 1556 1744 1616 BAV

1495 1714 1816 1774 INOORMATIONS.

1307 1798 1407 1858 ORT
1442 1806 1530 1866 D'UN
1565 1816 1754 1876 ECAIVAIN
1801 1830 1990 1890 VIENNOIS

1321 1912 1490 1972 L'écrivain
1522 1920 1559 1980 ot
1586 1923 1676 1983 poète
1708 1934 1846 1994 vionnois
1873 1942 1999 2002 -Arthur

1288 1956 1470 2016 Schnitzlor,
1494 1962 1548 2022 qui
1571 1968 1648 2028 s'est
1677 1976 1798 2036 illustré
1833 1983 1843 2043 à
1877 1987 1904 2047 la
1939 1990 2016 2050 fois,

1286 1997 1386 2057 omme
1415 2005 1587 2065 romancier
1612 2012 1645 2072 et
1670 2021 1784 2081 comme
1809 2030 1933 2090 contour
1962 2035 1990 2095 et

1281 2044 1347 2104 dont
1381 2049 1403 2109 la
1438 2056 1610 2116 réputation
1645 2067 1762 2127 s'étond
1796 2074 1829 2134 au
1863 2080 1924 2140 dolà
1958 2083 1991 2143 de

1277 2094 1441 2154 l'Autriche
1468 2104 1500 2164 ot
1527 2106 1580 2166 des
1607 2111 1686 2171 pays
1714 2117 1750 2177 do
1778 2124 1888 2184 langue
1921 2130 1995 2190 allo¬

1278 2141 1396 2201 ando,
1415 2146 1462 2206 ost
1480 2153 1593 2213 décédé
1612 2163 1783 2223 mercredi;
1796 2173 1819 2233 il
1837 2177 1914 2237 était
1933 2179 1985 2239 d

1283 2189 1323 2249 de
1348 2196 1532 2256 adliuntedix
1556 2208 1644 2268 ange

366 2613 484 2673 Arthue
513 2614 693 2674 Schnitzler

170 2682 202 2742 le
229 2684 328 2744 grand
362 2682 493 2742 écrivain
521 2685 693 2745 autrichien
726 2687 778 2747 qui
806 2688 891 2748 vient

169 2733 203 2793 de
228 2730 344 2790 mourir
368 2730 373 2790 à
403 2733 520 2793 Vienne
544 2733 573 2793 et
591 2733 667 2793 dont
691 2735 766 2795 nous
785 2736 866 2796 vetra

166 2781 239 2841 gons
264 2780 288 2840 la
319 2780 503 2840 biographie
529 2780 602 2840 dans
627 2782 712 2842 notre
738 2786 885 2846 rubrigua

253 2828 306 2888 des
328 2829 464 2889 Lettres,
485 2828 512 2888 en
540 2831 697 2891 troisième
718 2834 813 2894 page.

545 2906 627 2966 xtrait
649 2910 676 2970 de
699 2912 709 2972 :

546 3084 582 3144 aie

1342 3123 1445 3183 1931

532 3155 578 3215 gné
599 3156 612 3216 :

602 3370 843 3430 Arthur
915 3378 1291 3438 Schnitzler

616 3422 726 3482 Arthur
755 3425 933 3485 Schnitzler
963 3426 1054 3486 vient
1079 3428 1112 3488 de
1141 3431 1328 3491 s'éteindre,
1353 3434 1367 3494 à

529 3456 662 3516 Vienne,
682 3458 739 3518 âgé
763 3458 799 3518 de
824 3458 848 3518 70
873 3460 949 3520 ans,
966 3461 1111 3521 pendant
1132 3464 1188 3524 que
1212 3467 1378 3527 l'Allema-

534 3491 583 3551 gne
618 3491 651 3551 et
676 3493 852 3553 l'Autriche
886 3496 1025 3556 entières
1054 3497 1087 3557 se
1117 3500 1331 3560 préparaient
1361 3503 1373 3563 à

533 3522 605 3582 féter
632 3526 903 3586 solennellement
926 3530 979 3590 son
1010 3530 1250 3590 anniversaire.

560 3557 684 3617 Comme
718 3560 770 3620 son
807 3562 888 3622 amt,
912 3565 940 3625 le
974 3563 1070 3623 grand
1108 3569 1374 3629 Hotmannsthal,

524 3592 555 3652 ne
587 3594 646 3654 put
671 3593 817 3653 survivre
849 3595 860 3655 à
896 3595 923 3655 la
955 3595 1042 3655 mort
1066 3598 1212 3658 tragique
1244 3601 1279 3661 de
1311 3604 1362 3664 son

530 3624 589 3684 nis,
609 3622 687 3682 c'est
711 3625 804 3685 aussi
828 3628 852 3688 la
883 3628 969 3688 perte
1001 3628 1036 3688 de
1064 3630 1095 3690 ea
1127 3634 1208 3694 fille,
1233 3636 1365 3696 décédée

576 3655 587 3715 y
616 3657 632 3717 a
669 3659 803 3719 quelque
836 3663 937 3723 temps
970 3664 983 3724 à
1020 3664 1150 3724 Venise,
1174 3668 1231 3728 qui
1260 3669 1312 3729 fut
1337 3670 1361 3730 lu

528 3691 615 3751 cause
640 3692 673 3752 de
699 3696 957 3756 l'effondrement
979 3699 1012 3759 de
1033 3701 1229 3761 Schnitzler.
1246 3703 1366 3763 Arbitre

526 3727 553 3787 et
577 3727 686 3787 centre
718 3727 749 3787 de
785 3729 812 3789 la
843 3730 1023 3790 liuérature
1059 3732 1086 3792 et
1117 3733 1152 3793 de
1184 3738 1211 3798 la
1247 3739 1360 3799 société

522 3760 715 3820 viennoises,
731 3763 754 3823 il
771 3763 802 3823 se
826 3764 920 3824 rettra
944 3766 1196 3826 completement
1216 3770 1248 3830 et
1264 3771 1295 3831 ce
1319 3773 1370 3833 fut

525 3795 556 3855 un
585 3794 743 3854 spectacle
768 3798 913 3858 tragique
946 3798 1023 3858 pour
1052 3800 1096 3860 ses
1125 3804 1205 3864 amis
1234 3804 1266 3864 de
1299 3806 1363 3866 voir

518 3828 634 3888 comme
660 3833 686 3893 il
708 3834 864 3894 déclinait
886 3837 1145 3897 physiquement
1168 3840 1202 3900 de
1228 3842 1301 3902 jour
1328 3840 1357 3900 en

517 3861 612 3921 jour.

549 3894 661 3954 Parmi
682 3895 728 3955 ses
749 3899 911 3959 dernières
937 3901 1074 3961 ouvres,
1091 3903 1191 3963 citons
1216 3909 1345 3969 Thérèse

519 3930 640 3990 traduit
669 3931 696 3991 en
733 3933 895 3993 françuis,
924 3936 956 3996 et
985 3936 1131 3996 Frauletn
1172 3939 1256 3999 Else,
1285 3942 1333 4002 réc

517 3965 703 4025 monologue
749 3967 840 4027 d'une
887 3969 1057 4029 puissance
1103 3974 1328 4034 extraordinai

526 3998 595 4058 dont
619 3999 671 4059 fut
690 4003 746 4063 tré
780 4004 812 4064 un
845 4004 897 4064 film
940 4007 1014 4067 avec
1043 4007 1066 4067 la
1095 4010 1221 4070 célèbre
1245 4013 1343 4073 actrid

514 4034 675 4094 Bergner.

2125 1405 2228 1465 1971

2221 1919 2765 1979 OBSERV

2949 1929 3026 1989 e

2310 1974 2332 2034 l.
2347 1974 2469 2034 österr.
2479 1980 2629 2040 behördl.
2639 1983 2940 2043 konzessioniertes

2264 2019 2494 2079 Unternehmen
2524 2019 2571 2079 für
2601 2025 2985 2085 Zeitungs-Ausschnitte

2316 2074 2461 2134 WIEN,
2491 2082 2534 2142 I.,
2564 2085 2849 2145 WOLLZEILE
2893 2090 2936 2150 11

2412 2132 2623 2192 TELEPHON
2659 2137 2835 2197 R-23-0-43

2202 2271 2424 2331 Ausschnitt
2448 2276 2541 2336 aus:

2121 2416 2417 2476 Correspondants
2447 2424 2531 2484 dans
2556 2426 2669 2486 toutes
2695 2432 2738 2492 les
2763 2436 2911 2496 grandes
2942 2439 3050 2499 villes.

2103 2545 2217 2605 xtrait
2239 2548 2277 2608 du
2310 2549 2489 2609 Journal:
2572 2557 2724 2617 Journal
2752 2562 2789 2622 de
2823 2565 2958 2625 Genève

2113 2643 2227 2703 dresee
2248 2646 2262 2706 :

2450 2719 2513 2779 25
2566 2700 2830 2760 OCTOBRE

2095 2739 2166 2799 late

2402 2912 2531 2972 Arthur
2567 2918 2772 2978 Schnitzler

2167 3051 2336 3111 L'écrivain
2373 3057 2398 3117 et
2426 3060 2515 3120 poète
2542 3064 2693 3124 viennois
2712 3068 2827 3128 Arthur
2855 3075 3033 3135 Schnitzler

2132 3088 2204 3148 dont
2232 3089 2263 3149 on
2295 3094 2430 3154 annonce
2463 3098 2485 3158 la
2517 3101 2612 3161 mort,
2635 3103 2711 3163 s'est
2735 3107 2852 3167 illustré
2879 3111 2892 3171 à
2925 3114 2951 3174 la
2979 3114 3024 3174 foi

2126 3127 2242 3187 comme
2272 3133 2485 3193 dramaturge,
2506 3139 2681 3199 romancier
2711 3142 2740 3202 et
2765 3148 2911 3208 conteur;
2936 3151 2965 3211 sa
2995 3151 3040 3211 ré¬

2123 3166 2256 3226 putation
2283 3170 2394 3230 s'étend
2426 3174 2456 3234 au
2488 3175 2550 3235 delà
2577 3178 2612 3238 de
2635 3180 2804 3240 l'Autriche
2831 3185 2862 3245 et
2885 3186 2933 3246 des
2961 3189 3036 3249 pays

2123 3201 2154 3261 de
2187 3204 2295 3264 langue
2323 3210 2514 3270 allemande.
2537 3214 2592 3274 Ses
2619 3217 2760 3277 romans,
2783 3223 2860 3283 dont
2883 3228 3033 3288 plusieuré

2121 3238 2177 3298 ont
2196 3240 2244 3300 été
2275 3246 2402 3306 traduits
2430 3249 2460 3309 en
2492 3254 2641 3314 français,
2659 3256 2716 3316 ont
2739 3261 2835 3321 connu
2867 3264 2888 3324 la
2920 3266 3029 3326 grande

2122 3279 2233 3339 vogue.
2259 3282 2315 3342 Les
2345 3285 2413 3345 plus
2444 3288 2563 3348 connus
2594 3294 2666 3354 sont
2701 3298 2851 3358 Sterben,
2886 3306 3035 3366 Leutnan¬

2121 3317 2228 3377 Gustl,
2247 3320 2270 3380 le
2299 3321 2405 3381 Jardin
2434 3324 2466 3384 de
2494 3330 2629 3390 Bertha.

2161 3357 2178 3417 Il
2197 3357 2208 3417 a
2239 3358 2322 3418 aussi
2340 3362 2423 3422 écrit
2447 3365 2477 3425 de
2501 3368 2614 3428 petites
2639 3372 2745 3432 scènes
2770 3375 2823 3435 qui
2847 3379 2984 3439 tiennent
3002 3377 3025 3437 lé

2117 3392 2211 3452 milleu
2247 3397 2327 3457 entre
2362 3401 2435 3461 l'art
2461 3405 2655 3465 dramatique
2686 3409 2715 3469 et
2750 3413 2874 3473 épique,
2910 3417 2999 3477 notam

2117 3431 2194 3491 ment
2220 3434 2348 3494 Anatole
2379 3434 2408 3494 et
2434 3440 2563 3500 Reigen.
2585 3446 2640 3506 Son
2670 3449 2807 3509 premier
2833 3454 2923 3514 grand
2958 3455 3021 3515 suc¬

2115 3468 2163 3528 cès
2189 3470 2255 3530 date
2282 3473 2312 3533 de
2339 3473 2426 3533 1896,
2440 3479 2514 3539 avec
2537 3481 2594 3541 une
2616 3485 2699 3545 pièce
2722 3488 2857 3548 intitulée
2884 3494 3016 3554 Liebelet

2148 3509 2246 3569 Après
2273 3512 2306 3572 ce
2333 3515 2456 3575 succès,
2478 3516 2504 3576 il
2526 3520 2624 3580 donna
2654 3524 2709 3584 une
2740 3526 2816 3586 série
2847 3529 2881 3589 de
2911 3532 3009 3592 pièces

2107 3547 2207 3607 parmi
2231 3551 2390 3611 lesquelles
2418 3554 2440 3614 il
2459 3557 2527 3617 faut
2551 3558 2646 3618 citer:
2665 3566 2870 3626 Paracelsas,
2889 3570 2934 3630 die
2962 3570 3003 3630 Ge

2108 3580 2217 3640 fährtin
2263 3585 2294 3645 et
2331 3592 2503 3652 Lebendige
2545 3598 2703 3658 Stunden,
2736 3604 2917 3664 Litteratur,
2950 3609 3017 3669 puls

2110 3616 2132 3676 la
2159 3622 2281 3682 Femme
2308 3625 2339 3685 au
2366 3631 2510 3691 poignard
2546 3635 2634 3695 (Frau
2665 3639 2717 3699 mit
2740 3640 2792 3700 dem
2832 3646 2968 3706 Dolche)
2991 3647 3017 3707 et

2109 3658 2135 3718 le
2163 3661 2247 3721 Voile
2275 3664 2311 3724 de
2338 3667 2477 3727 Béatrice
2509 3670 2575 3730 (der
2603 3676 2737 3736 Schleier
2765 3678 2818 3738 der
2850 3685 3020 3745 Beatrice).

2142 3699 2326 3759 Schnitzler,
2353 3706 2408 3766 l'un
2448 3706 2499 3766 des
2534 3712 2676 3772 derniers
2706 3719 2909 3779 naturalistes
2944 3723 3016 3783 alle¬

2106 3736 2228 3796 mands,
2246 3739 2259 3799 a
2287 3742 2355 3802 joué
2387 3742 2419 3802 un
2446 3745 2509 3805 rôle
2537 3750 2750 3810 considérable
2777 3759 2854 3819 dans
2882 3763 2904 3823 la
2936 3763 3017 3823 litté¬

2106 3774 2202 3834 rature
2235 3775 2268 3835 de
2299 3781 2407 3841 lungue
2441 3786 2624 3846 allemande.

2141 3810 2168 3870 Il
2183 3813 2210 3873 se
2239 3816 2411 3876 rattachait
2431 3820 2440 3880 à
2463 3822 2570 3882 l'école
2594 3834 3019 3894 réaliste-impressionniste.

2101 3849 2228 3909 C'était,
2250 3855 2364 3915 d'autre
2395 3858 2478 3918 part.
2505 3862 2558 3922 l'un
2593 3865 2646 3925 des
2677 3867 2800 3927 auteurs
2831 3871 2866 3931 de
2897 3877 3006 3937 langue

2092 3888 2260 3948 allemande
2287 3892 2338 3952 qui
2360 3897 2524 3957 possédait
2546 3900 2572 3960 le
2598 3903 2663 3963 plus
2689 3908 2857 3968 d'affinités
2884 3912 2957 3972 avec
2984 3912 3005 3972 le

2097 3927 2321 3987 tempérament
2343 3936 2433 3996 latin.
2455 3936 2489 3996 Sa
2519 3942 2726 4002 psychologie
2752 3948 2834 4008 était
2856 3952 3010 4012 excellen¬

2093 3963 2140 4023 te;
2157 3966 2183 4026 il
2200 3969 2291 4029 avait
2313 3975 2424 4035 poussé
2450 3976 2511 4036 très
2541 3979 2597 4039 loin
2627 3983 2675 4043 son
2705 3986 2834 4046 enquête
2861 3989 2938 4049 dans
2964 3991 3002 4051 les

2095 4003 2201 4063 ames.
