3392 4352
211 339 337 399 12.

405 345 988 405 Schnitzler's
1058 349 1285 409 Death

1512 351 1636 411 box
1707 357 1901 417 42/7

1108 978 1825 1038 OBSERVER

1193 1031 1217 1091 I.
1235 1034 1356 1094 österr.
1365 1040 1516 1100 behördl.
1529 1047 1828 1107 konzessioniertes

1148 1073 1380 1133 Unternehmen
1411 1081 1457 1141 für
1484 1090 1870 1150 Zeitungs-Ausschnitte

1196 1131 1345 1191 WIEN,
1372 1139 1417 1199 I.,
1443 1147 1723 1207 WOLLZEILE

1297 1189 1509 1249 TELEPHON
1546 1198 1718 1258 R-23-0-43

1089 1306 1307 1366 AUSSCHNTT
1326 1313 1409 1373 VOM.
1461 1327 1552 1387 22.
1588 1324 1671 1384 UKl.
1689 1327 1772 1387 193

1110 1521 1490 1581 Rhein.=Westf.
1527 1529 1763 1589 Zeitung,
1792 1530 1954 1590 Essen

1397 1580 1439 1640 3.
1471 1580 1669 1640 Ausgabe

1295 1645 1466 1705 Arihur
1498 1643 1734 1703 scnihiet

1043 1710 1103 1770 Wie
1137 1709 1202 1769 wir
1231 1709 1258 1769 in
1298 1709 1347 1769 der
1381 1709 1525 1769 heutigen
1564 1706 1869 1766 Morgenausgabe
1897 1703 2013 1763 bereits
2047 1703 2119 1763 kurz

974 1753 1132 1813 gemeldet
1175 1753 1307 1813 haben,
1350 1753 1439 1813 erlag
1498 1750 1619 1810 gestern
1662 1750 1762 1810 abend
1805 1747 1857 1807 der
1895 1745 2122 1805 Schriftsteller

977 1799 1041 1859 Dr.
1063 1798 1149 1858 med.
1166 1798 1300 1858 Arthur
1328 1795 1500 1855 Schnitzler
1533 1792 1619 1852 einem
1668 1792 1916 1852 Schlaganfall.
1955 1789 2030 1849 Mit
2057 1787 2100 1847 ihm

977 1847 1048 1907 geht
1080 1843 1168 1903 einer
1200 1843 1256 1903 der
1309 1840 1531 1900 bekanntesten
1573 1839 1635 1899 und
1698 1836 1869 1896 gültigsten
1906 1834 2030 1894 Namen
2072 1834 2123 1894 der

974 1888 1228 1948 österreichischen
1267 1885 1435 1945 Literatur
1462 1885 1516 1945 der
1549 1882 1793 1942 Vorkriegszeit
1821 1882 1935 1942 dahin.
1957 1877 2124 1937 Vielleicht

977 1933 1020 1993 ist
1048 1933 1103 1993 der
1159 1930 1550 1990 österreichischen
1611 1924 1782 1984 Literatur
1837 1924 1947 1984 zuviel
1997 1924 2124 1984 gesagt.

974 1977 1153 2037 Schließlich
1196 1974 1333 2034 gehören
1371 1974 1498 2034 Namen
1562 1971 1625 2031 wie
1657 1968 1916 2028 Anzengruber,
1949 1965 2128 2025 Rosegger,

980 2021 1084 2081 Bahr,
1107 2021 1128 2081 ja
1162 2019 1250 2079 selbst
1278 2018 1450 2078 Wildgans
1484 2015 1538 2075 und
1572 2014 1699 2074 Werfel
1722 2012 1865 2072 gültiger
1894 2010 1921 2070 in
1955 2010 2031 2070 diese
2060 2007 2126 2067 Ka¬

979 2067 1098 2127 tegorie
1134 2063 1225 2123 einer
1260 2061 1567 2121 nationaltypischen
1613 2058 1799 2118 Literatur.
1845 2052 2021 2112 Schnitzler
2056 2052 2126 2112 war

977 2112 1056 2172 ganz
1083 2109 1140 2169 und
1173 2108 1231 2168 gar
1258 2106 1310 2166 der
1343 2105 1708 2165 Repräsentant
1730 2099 1809 2159 der
1836 2097 2021 2157 Wiener
2048 2096 2127 2156 Li¬

976 2153 1187 2213 teratur.
1224 2150 1292 2210 Auf
1319 2148 1414 2208 diesen
1446 2147 1509 2207 Typ
1541 2144 1716 2204 vereinigte
1748 2142 1779 2202 er
1806 2141 1863 2201 alle
1885 2138 2033 2198 Vorzüge
2065 2138 2122 2198 und

991 2195 1197 2255 Schwächen,
1230 2192 1282 2252 die
1320 2192 1420 2252 dieser
1458 2191 1521 2251 aus
1559 2188 1712 2248 seelischer
1755 2183 2136 2243 Widerstandslosigkeit

984 2238 1045 2298 und
1097 2240 1267 2300 elegantem
1320 2236 1500 2296 Geschwätz
1552 2231 1727 2291 geborenen
1769 2228 2130 2288 Kaffeehausliteratur

985 2283 1159 2343 zukommt.
1201 2282 1298 2342 Unter
1330 2281 1422 2341 diesen
1458 2279 1623 2339 Sensiblen
1660 2275 1726 2335 war
1758 2272 1932 2332 Schnitzler
1959 2271 2045 2331 einer
2077 2271 2128 2331 der

980 2328 1096 2388 klinisch
1136 2324 1409 2384 interessantesten
1455 2321 1560 2381 Fälle.
1611 2321 1655 2381 In
1695 2320 1789 2380 Wien
1834 2315 1912 2375 1862
1946 2317 1996 2377 als
2035 2315 2124 2375 Sohn

984 2371 1071 2431 eines
1102 2368 1500 2428 Universitätsprofessors
1536 2362 1696 2422 geboren,
1723 2362 1851 2422 wandte
1888 2359 1918 2419 er
1950 2359 2001 2419 sich
2038 2357 2125 2417 gleich

989 2414 1040 2474 dem
1088 2413 1185 2473 Vater
1217 2410 1269 2470 der
1301 2410 1533 2470 medizinischen
1571 2407 1736 2467 Laufbahn
1778 2404 1829 2464 zu,
1851 2404 2073 2464 promovierte
2100 2401 2136 2461 86

990 2458 1048 2518 und
1080 2456 1243 2516 assistierte
1270 2455 1348 2515 zwei
1370 2455 1491 2515 Jahre,
1507 2454 1543 2514 um
1592 2452 1639 2512 sich
1666 2452 1744 2512 dann
1782 2450 1808 2510 in
1840 2447 1929 2507 Wien
1961 2446 2008 2506 als
2040 2445 2135 2505 prak¬

987 2501 1089 2561 tischer
1116 2502 1192 2562 Arzt
1219 2499 1486 2559 niederzulassen.
1523 2494 1595 2554 Das
1626 2494 1755 2554 dauerte
1786 2493 1842 2553 nur
1869 2490 1992 2550 wenige
2018 2491 2136 2551 Jahre,

988 2544 1062 2604 dann
1095 2544 1179 2604 erlag
1217 2543 1248 2603 er
1275 2541 1328 2601 der
1355 2538 1632 2598 Schriftstellerei.
1654 2538 1717 2598 „Es
1749 2538 1818 2598 gibt
1846 2535 1872 2595 so
1904 2533 1983 2593 viele
2011 2532 2138 2592 Krank¬

991 2589 1084 2649 heiten
1121 2587 1130 2647 —
1189 2586 1266 2646 aber
1303 2586 1360 2646 nur
1392 2586 1459 2646 eine
1496 2581 1735 2641 Gesundheit",
1761 2579 1829 2639 dies
1866 2577 1959 2637 Wort
1991 2577 2141 2637 stammte

991 2631 1070 2691 nicht
1106 2631 1161 2691 vom
1217 2629 1282 2689 Dr.
1308 2628 1408 2688 med.,
1459 2628 1590 2688 sondern
1635 2625 1690 2685 vom
1746 2622 1907 2682 Literaten
1948 2620 2123 2680 Schnitzler

988 2676 1035 2736 Es
1067 2676 1135 2736 war
1163 2676 1231 2736 auch
1263 2673 1347 2733 nicht
1374 2673 1411 2733 um
1453 2671 1506 2731 der
1538 2670 1776 2730 „Gesundheit“
1808 2667 1908 2727 willen
1941 2666 2141 2726 formuliert,

995 2718 1119 2778 sondern
1155 2718 1216 2778 aus
1246 2718 1331 2778 einer
1357 2715 1563 2775 literarischen
1594 2712 1734 2772 Neugier
1760 2712 1815 2772 für
1831 2712 1926 2772 alles,
1946 2709 2017 2769 was
2037 2709 2142 2769 krank,

992 2762 1110 2822 zersetzt
1136 2762 1192 2822 und
1224 2759 1430 2819 pathologisch
1461 2757 1497 2817 ist
1518 2756 1553 2816 am
1601 2756 1786 2816 Menschen.
1802 2754 1848 2814 Er
1880 2753 1946 2813 war
1972 2753 2028 2813 alt,
2050 2753 2126 2813 schon

994 2804 1040 2864 als
1077 2804 1107 2864 er
1139 2804 1288 2864 begann.
1336 2801 1382 2861 Er
1419 2802 1542 2862 sezierte
1601 2801 1626 2861 in
1668 2800 1833 2860 szenischen
1875 2798 2030 2858 Dialogen
2093 2795 2144 2855 die

997 2849 1137 2909 erotische
1163 2849 1274 2909 Psyche
1304 2848 1400 2908 seiner
1426 2843 1582 2903 Umwelt,
1603 2843 1652 2903 der
1678 2843 1708 2903 es
1739 2843 1774 2903 an
1805 2843 1910 2903 Typen
1941 2840 2137 2900 keineswegs

997 2897 1140 2957 gebrach.
1188 2894 1290 2954 Seine
1322 2892 1415 2952 ersten
1457 2888 1632 2948 Novellen,
1658 2885 1849 2945 künstlerisch
1880 2885 2055 2945 zweifellos
2087 2882 2138 2942 der

997 2938 1187 2998 Höhepunkt
1218 2936 1316 2996 seines
1353 2935 1465 2995 ganzen
1507 2932 1697 2992 Schaffens,
1729 2930 1831 2990 waren
1874 2927 1935 2987 nur
1966 2927 2022 2987 zum
2069 2926 2141 2986 Teil

1005 2981 1194 3041 französische
1216 2980 1411 3040 Imitation,
1443 2977 1643 3037 Aneignung
1681 2974 1886 3034 realistischer
1908 2971 2145 3031 Milieugestal¬

998 3028 1097 3088 tung;
1118 3025 1274 3085 vielmehr
1300 3022 1370 3082 eine
1396 3020 1698 3080 unwiderbringlich
1744 3019 1824 3079 echte
1855 3018 1935 3078 Form
1980 3015 2031 3075 des
2056 3012 2146 3072 Wie¬

999 3070 1148 3130 nerischen
1189 3070 1245 3130 von
1282 3067 1431 3127 damals,
1457 3064 1704 3124 atmosphärisch
1740 3064 1848 3124 leicht,
1895 3059 2136 3119 aquarellistisch

1000 3115 1128 3175 elegant
1160 3115 1216 3175 und
1253 3112 1381 3172 graziös
1413 3109 1567 3169 stilisiert,
1594 3109 1702 3169 müde,
1728 3106 1893 3166 unsagbar
1924 3106 1986 3166 und
2023 3103 2141 3163 sinnlos

1000 3159 1250 3219 melancholisch.
1302 3156 1396 3216 Ganz
1427 3153 1648 3213 pariserischer
1684 3147 1854 3207 Dekadent
1896 3147 1950 3207 und
1991 3146 2136 3206 anrüchig

1001 3204 1202 3264 parfümiert
1228 3198 1374 3258 erscheint
1399 3198 1429 3258 er
1455 3198 1479 3258 in
1516 3195 1611 3255 seinen
1637 3194 1889 3254 Schauspielen,
1900 3189 2056 3249 Liebelei“
2086 3189 2141 3249 und

1005 3249 1190 3309 „Reigen“.
1238 3246 1302 3306 Der
1334 3243 1482 3303 Reigen,
1530 3238 1626 3298 97/98
1663 3237 1881 3297 geschrieben,
1929 3236 2045 3296 erlebte
2082 3233 2145 3293 eine

1004 3292 1077 3352 kaum
1146 3291 1415 3351 rühmenswerte
1445 3285 1685 3345 Auferstehung
1739 3282 1768 3342 in
1832 3282 1886 3342 dem
1935 3275 2145 3335 Nachkriegs¬

1003 3335 1110 3395 Berlin
1147 3334 1198 3394 der
1230 3332 1456 3392 Großschieber
1487 3332 1544 3392 und
1580 3329 1631 3389 der
1663 3326 1904 3386 Nacktballetts.
1946 3323 2018 3383 Das
2049 3321 2147 3381 Stück

1007 3380 1113 3440 wurde
1142 3377 1290 3437 verboten
1328 3376 1384 3436 und
1417 3374 1546 3434 dadurch
1580 3368 1751 3428 Schnitzler
1780 3370 1849 3430 noch
1883 3367 2003 3427 einmal
2032 3365 2054 3425 in
2088 3364 2138 3424 den

1617 3415 1796 3475 Diskussion
1836 3410 1995 3470 gezogen.
2046 3408 2149 3468 Seine

1012 3425 1239 3485 Vordergrund
1278 3422 1331 3482 der
1370 3417 1577 3477 literarischen

1007 3471 1100 3531 letzten
1140 3465 1365 3525 dramatischen
1405 3464 1552 3524 Arbeiten
1592 3459 1694 3519 kamen
1734 3457 1812 3517 über
1847 3455 1935 3515 Wien
1970 3454 2053 3514 nicht
2078 3451 2151 3511 hin¬

1006 3513 1084 3573 aus.
1134 3512 1216 3572 Noch
1256 3509 1383 3569 einmal
1413 3507 1530 3567 horchte
1570 3505 1614 3565 die
1653 3502 1741 3562 Welt
1776 3501 1849 3561 auf,
1874 3500 1922 3560 als
1962 3498 2015 3558 der
2045 3497 2148 3557 Vater

1007 3552 1178 3612 Schnitzler
1212 3551 1283 3611 nach
1318 3550 1460 3610 Venedig
1494 3547 1565 3607 eilte
1609 3543 1646 3603 um
1695 3547 1747 3607 den
1786 3543 1876 3603 Sarg
1910 3540 1957 3600 der
1991 3538 2138 3598 geliebten

1015 3600 1158 3660 Tochter,
1182 3598 1233 3658 die
1266 3596 1330 3656 eine
1364 3592 1573 3652 romantische
1606 3589 1829 3649 Liebesaffäre
1863 3586 1922 3646 mit
1946 3581 2146 3641 Selbstmord

1615 3634 1785 3694 Schnitzler
1817 3633 1886 3693 war
1913 3631 1955 3691 ein
1987 3628 2152 3688 gebroche¬

1009 3646 1143 3706 beendet
1168 3643 1273 3703 hatte,
1293 3640 1576 3700 heimzugeleiten.

1644 3697 1734 3757 „Wir
1762 3696 1873 3756 spielen
1911 3691 2049 3751 immer,
2071 3686 2161 3746 wer's

1020 3709 1077 3769 ner
1107 3709 1211 3769 Mann
1246 3703 1303 3763 seit
1327 3702 1426 3762 dieser
1450 3700 1599 3760 Stunde.

1021 3753 1095 3813 weiß
1126 3753 1166 3813 ist
1187 3753 1297 3813 klug“,
1318 3747 1377 3807 dies
1408 3744 1513 3804 Motto
1544 3742 1604 3802 aus
1630 3741 1685 3801 dem
1731 3736 1886 3796 „Grünen
1917 3732 2067 3792 Kakadu“
2098 3729 2163 3789 war

1023 3798 1067 3858 ein
1098 3795 1198 3855 Leben
1234 3792 1304 3852 lang
1335 3791 1379 3851 die
1406 3787 1611 3847 Quintessenz
1637 3783 1737 3843 seines
1768 3780 1908 3840 zwischen
1944 3776 2165 3836 musikalischer

1039 3840 1177 3900 Zartheit
1198 3837 1259 3897 und
1291 3834 1450 3894 morbider
1476 3829 1640 3889 Dekadenz
1666 3828 1712 3888 sich
1738 3824 1949 3884 bewegenden
1980 3819 2170 3879 Schaffens.

1029 3885 1085 3945 Als
1117 3885 1173 3945 das
1204 3879 1359 3939 Schicksal
1390 3877 1436 3937 ihn
1478 3873 1694 3933 niederwarf,
1721 3870 1787 3930 war
1824 3867 1901 3927 alles
1932 3866 2061 3926 Spielen
2102 3861 2174 3921 ver¬

1031 3929 1149 3989 gessen.
1171 3926 1214 3986 Er
1247 3923 1317 3983 war
1350 3923 1393 3983 ein
1431 3920 1452 3980 im
1502 3919 1636 3979 Tiefsten
1675 3915 1896 3975 zerbrochener
1924 3911 2070 3971 Mensch.
2092 3908 2167 3968 Wer

1034 3977 1099 4037 dein
1122 3973 1220 4033 legies
1243 3968 1369 4028 Büdnig
1397 3967 1463 4027 lah,
1480 3963 1584 4023 kannte
1613 3961 1656 4021 sich
1690 3960 1744 4020 nur
1772 3955 1948 4015 erchstlert
1971 3953 2158 4013 abwenden/

2032 3995 2108 4055 Dre,
