3392 4320
313 276 898 336 Schnitzler's
966 276 1191 336 Deatl

733 724 1020 784 RVER

303 732 654 792 DOBSE

391 783 417 843 I.
431 783 551 843 österr.
564 783 715 843 behördl.
728 782 1021 842 konzessioniertes

346 822 580 882 Unternehmen
612 822 660 882 für
683 822 1072 882 Zeitungs-Ausschnitte

404 880 548 940 WIEN,
576 885 623 945 I.,
651 885 940 945 WOLLZEILE
988 882 1028 942 11

499 934 710 994 TELEPHON
750 936 923 996 R-23-0-43

299 1079 519 1139 Ausschnitt
548 1076 632 1136 aus:

613 1179 857 1239 Pégonburger
876 1191 1015 1251 Zeitung

592 1276 600 1336 -
628 1285 671 1345 6.
691 1295 825 1355 NOV.
853 1300 951 1360 W31

301 1303 411 1363 vom:

375 1513 419 1573 In
460 1516 556 1576 seiner
585 1518 669 1578 Villa
710 1521 737 1581 in
772 1523 913 1583 Döbling
948 1524 987 1584 ist
1027 1525 1066 1585 am

305 1566 440 1626 Oktober
471 1566 495 1626 im
541 1568 596 1628 69.
622 1569 838 1629 Lebensjahre
869 1572 918 1632 der
954 1572 1074 1632 Dichter
1105 1572 1185 1632 Dok¬

306 1611 350 1671 tor
386 1616 526 1676 Artur(

564 1616 683 1676 hnitzler
715 1619 853 1679 plötzlich
885 1622 1061 1682 gestorben.

1115 1621 1182 1681 Der

298 1662 365 1722 Tod
397 1664 502 1724 Artur
534 1666 720 1726 Schnitzlers
759 1667 807 1727 kam
852 1670 944 1730 selbst
969 1670 1069 1730 seiner
1094 1669 1187 1729 näch¬

299 1712 353 1772 sten
394 1715 582 1775 Umgebung
622 1718 839 1778 überraschend

378 2195 1088 2255 OBSERVER

454 2243 481 2303 I.
496 2243 612 2303 österr.
622 2249 775 2309 behördl.
785 2252 1084 2312 konzessioniertes

408 2286 642 2346 Unternehmen
676 2290 724 2350 für
748 2292 1131 2352 Zeitungs-Ausschnitte

465 2343 609 2403 WIEN,
631 2351 685 2411 I.,
707 2354 988 2414 WOLLZEILE
1038 2359 1078 2419 11

559 2400 773 2460 TELEPHON
811 2406 982 2466 R-23-0-43

356 2539 577 2599 Ausschnitt
600 2545 694 2605 aus:

542 2649 795 2709 Kamptalbote
812 2649 1016 2709 Langenlois

664 2725 774 2785 6.
792 2728 920 2788 NOV.
947 2728 1048 2788 1937

355 2765 469 2825 vom:

438 3826 572 3886 Arthur
602 3821 794 3881 Schnitzler
819 3818 1025 3878 gestorben.

338 3870 394 3930 Der
426 3868 720 3928 bekanmeSichter
756 3866 813 3926 ud
844 3865 1071 3925 Schriftsteller,
1087 3865 1200 3925 Arthur

254 3915 427 3975 Schnitzler,
446 3911 481 3971 ist
505 3909 527 3969 im
559 3909 604 3969 70.
619 3907 800 3967 Lebensjahr
819 3906 841 3966 in
865 3906 942 3966 Wien
969 3906 1046 3966 einem
1083 3903 1206 3963 Schlag¬

257 3954 352 4014 anfall
375 3952 502 4012 erlegen.
525 3947 679 4007 Schnitzler
707 3946 738 4006 ist
762 3946 911 4006 Verfasser
935 3943 1203 4003 heißumstrittener

261 3993 411 4053 Romane,
433 3990 570 4050 Novellen
604 3987 658 4047 und
688 3987 918 4047 Theaterstücke,
935 3984 989 4044 von
1019 3984 1107 4044 denen
1141 3981 1169 4041 u.
1187 3981 1215 4041 a.

270 4032 337 4092 „Der
376 4031 524 4091 Reigen“,
548 4029 625 4089 „Der
654 4027 721 4087 Weg
750 4027 774 4087 in
803 4026 923 4086 Freie",
943 4023 1110 4083 „Anatol",
1130 4019 1211 4079 „Lie¬

257 4072 349 4132 belei“
377 4074 412 4134 u.
430 4071 523 4131 „Frau
559 4071 648 4131 Beate
675 4069 732 4129 und
760 4066 808 4126 ihr
831 4066 941 4126 Sohn“
969 4064 1107 4124 genannt
1129 4059 1213 4119 seien.

1407 270 1537 330 box
1614 270 1851 330 43/15

2305 1327 2493 1387 VER

1782 1337 2215 1397 OBSEF

1865 1398 1891 1458 I.
1909 1396 2028 1456 österr.
2042 1392 2187 1452 behördl.
2201 1383 2492 1443 konzessioniertes

1821 1437 2061 1497 Unternehmen
2089 1431 2139 1491 für
2162 1424 2543 1484 Zeitungs-Ausschnitte

1874 1497 2027 1557 WIEN,
2049 1496 2097 1556 I.,
2126 1489 2407 1549 WOLLZEILE
2450 1481 2499 1541 11

1980 1546 2193 1606 TELEPHON
2232 1537 2400 1597 R-23-0-43

1780 1697 2305 1757 Ausschnittkswille,
2331 1678 2502 1738 Krems

2166 1785 2225 1845 6.
2243 1787 2371 1847 NOV.
2389 1782 2491 1842 1331

1793 1909 1904 1969 vom:

1670 1987 1911 2047 Arthur
1970 1993 2304 2053 Schnitzler
2375 1993 2743 2053 gestorben.

1672 2057 1707 2117 In
1739 2058 1820 2118 Wien
1857 2061 1893 2121 ist
1919 2061 1949 2121 am
1996 2060 2114 2120 vorigen
2151 2061 2305 2121 Mittwoch
2342 2059 2377 2119 ein
2414 2060 2521 2120 großer
2553 2058 2671 2118 Dichter
2697 2055 2748 2115 ge¬

1669 2103 1804 2163 storben:
1827 2103 1945 2163 Arthur
1972 2105 2221 2165 Schnitzler.
2244 2104 2286 2164 Im
2331 2101 2379 2161 70.
2406 2103 2503 2163 Jahre
2536 2103 2590 2163 hat
2618 2103 2661 2163 ihn
2699 2101 2747 2161 der

1672 2147 1774 2207 Schlag
1811 2146 1976 2206 getroffen.
2018 2147 2104 2207 Ohne
2142 2145 2193 2205 daß
2234 2145 2259 2205 er
2297 2144 2347 2204 das
2384 2145 2580 2205 Bewußtsein
2622 2145 2750 2205 wieder¬

1667 2189 1787 2249 erlangt
1808 2190 1903 2250 hätte,
1924 2190 1959 2250 ist
1985 2189 2146 2249 Schnitzler
2172 2190 2323 2250 innerhalb
2354 2190 2485 2250 weniger
2516 2190 2651 2250 Stunden
2687 2186 2752 2246 ver¬

1667 2233 1808 2293 schieden.
1846 2234 2015 2294 Schnitzler
2052 2234 2115 2294 war
2147 2231 2348 2291 ursprünglich
2385 2231 2474 2291 Arzt.
2507 2231 2570 2291 Der
2602 2231 2744 2291 Umgang

1665 2276 1721 2336 mit
1738 2276 1789 2336 der
1812 2276 1965 2336 leidenden
1994 2277 2181 2337 Menschheit
2198 2275 2249 2335 hat
2273 2274 2351 2334 frühe
2375 2275 2448 2335 seine
2472 2276 2653 2336 dichterische
2676 2275 2755 2335 Nei¬

1674 3331 1752 3391 gung
1785 3329 2011 3389 wachgerufen.
2049 3327 2090 3387 In
2128 3327 2201 3387 allen
2239 3326 2328 3386 seinen
2371 3324 2497 3384 Werken
2535 3326 2571 3386 ist
2603 3324 2671 3384 aber
2709 3324 2755 3384 der

1676 3371 1811 3431 ärztliche
1842 3368 1947 3428 Beruf
1978 3366 2028 3426 des
2068 3369 2204 3429 Dichters
2245 3370 2275 3430 zu
2311 3369 2436 3429 spüren.
2471 3368 2522 3428 Er
2553 3367 2668 3427 schaute
2703 3365 2753 3425 den

1679 3414 1834 3474 Menschen
1860 3414 1905 3474 bis
1935 3414 1980 3474 ins
2011 3413 2126 3473 Innere
2152 3411 2207 3471 und
2238 3411 2328 3471 zeigte
2354 3411 2378 3471 es
2410 3411 2459 3471 der
2485 3411 2580 3471 Welt.
2601 3410 2761 3470 Schnitzler

1679 3458 1773 3518 schrieb
1804 3456 1875 3516 viele
1900 3456 2132 3516 Theaterstücke
2157 3454 2212 3514 und
2244 3455 2303 3515 eine
2329 3454 2420 3514 ganze
2445 3455 2540 3515 Reihe
2566 3453 2762 3513 erzählender

1678 3500 1879 3560 Dichtwerke.
1909 3500 2007 3560 Seine
2032 3498 2144 3558 Werke
2169 3497 2228 3557 sind
2258 3499 2321 3559 auch
2351 3497 2375 3557 in
2405 3497 2479 3557 viele
2504 3496 2754 3556 Fremdsprachen

1679 3545 1814 3605 übersetzt
1839 3542 1979 3602 worden.
2010 3542 2125 3602 Seinem
2171 3542 2291 3602 Wunsch
2322 3539 2542 3599 entsprechend,
2568 3539 2602 3599 ist
2628 3539 2653 3599 er
2683 3538 2758 3598 ohne

1766 3587 1976 3647 Feierlichkeit
2006 3587 2062 3647 und
2101 3587 2177 3647 ganz
2211 3587 2316 3647 einfach
2351 3584 2494 3644 begraben
2538 3584 2676 3644 wonden.
