2968 4320
296 165 380 225 23.
406 157 533 217 UK.
561 143 661 203 1937

53 205 156 265 Seite
188 210 205 270 6

1529 255 1788 315 PRAGER
1838 267 2078 327 PRESSE

4 337 145 397 Artur
176 348 437 408 Schnitzler
475 354 728 414 gestorben

911 348 992 408 zen.
1016 349 1111 409 Wenn
1145 353 1217 413 man
1251 357 1336 417 diese
1366 360 1485 420 Stücke
1514 363 1571 423 auf
1600 365 1652 425 der
1682 369 1796 429 Bühne
1831 379 2122 439 nachdenklichen
2151 386 2304 446 Künstler
2329 390 2352 450 in
2376 392 2424 452 die
2443 395 2534 455 Hand
2563 399 2644 459 gibt,
2659 401 2697 461 um

75 399 125 459 L.
141 401 281 461 Wien,
297 405 355 465 27.
378 408 540 468 Oktober.
556 410 681 470 éser
726 416 836 476 acn

916 390 1020 450 sieht,
1040 393 1096 453 hat
1121 396 1191 456 man
1221 398 1272 458 das
1302 401 1444 461 Gefühl:
1464 407 1649 467 derjenige,
1668 411 1725 471 der
1749 414 1792 474 sie
1821 419 1935 479 selbst
1960 423 2016 483 den
2045 426 2221 486 scheinbar
2245 433 2478 493 unergiebigen
2507 441 2602 501 Stoff
2622 445 2707 505 ganz

913 434 1076 494 gemacht
1104 439 1181 499 hat,
1199 442 1240 502 ist
1263 443 1326 503 auf
1354 445 1408 505 den
1440 449 1590 509 Brettern
1622 455 1653 515 zu
1686 457 1798 517 Hause

24 442 76 502 tag
106 448 149 508 ist
174 447 203 507 in
232 450 338 510 seiner
368 454 498 514 Wiener
528 458 702 518 Wohnung
737 464 790 524 der
839 462 877 522 be

1823 461 1858 521 zu
1886 467 2077 527 bezwingen
2110 472 2169 532 und
2201 473 2255 533 der
2284 478 2420 538 Materie
2448 482 2538 542 ihren
2571 488 2703 548 inneren

917 475 977 535 und
1015 480 1071 540 hat
1104 482 1215 542 keinen
1248 488 1393 548 anderen
1426 494 1588 554 Ehrgeiz,
1612 500 1658 560 als
1691 503 1788 563 durch

27 489 150 549 kannte
189 494 323 554 Dichter
357 497 418 557 und
452 503 705 563 Schriftsteller
734 506 801 566 Dr.
825 506 873 566 Ar

1823 507 1986 567 Reichtum
2032 512 2067 572 zu
2104 517 2294 577 entlocken.
2340 523 2463 583 Keines
2513 528 2617 588 davon
2649 532 2708 592 ge¬

912 519 973 579 das
993 524 1141 584 Theater
1162 529 1198 589 zu
1224 530 1361 590 wirken.

21 531 80 591 tur
106 539 393 599 Schnitzler
419 543 509 603 einem
554 551 796 611 Schlaganfall
837 551 871 611 er

1816 551 1969 611 braucht
1993 554 2021 614 er
2051 559 2108 619 mit
2132 560 2290 620 größerer
2319 565 2376 625 und
2405 569 2611 629 reizvollerer
2635 575 2707 635 Vir¬

27 575 142 635 legen.

952 569 1159 629 Schnitzlers
1213 577 1444 637 Erzählungen
1499 583 1572 643 sind
1622 587 1774 647 lebendig

1825 595 1969 655 tuosität
1993 598 2039 658 als
2063 600 2109 660 die
2133 604 2253 664 Ironie.
2273 606 2305 666 Je
2333 609 2459 669 kühner
2483 612 2515 672 er
2539 615 2622 675 diese
2651 617 2706 677 an¬

909 610 1109 670 spannend:
1129 613 1171 673 sie
1196 617 1296 677 haben
1325 621 1439 681 immer
1463 624 1515 684 das
1540 628 1645 688 nötige
1669 634 1798 694 Detail,

1818 637 1972 697 wendet,
1996 643 2028 703 je
2061 646 2153 706 mehr
2182 646 2214 706 er
2247 651 2354 711 seinen
2391 654 2484 714 Stoff
2517 658 2577 718 und
2610 661 2698 721 seine

902 650 987 710 aber
1012 654 1059 714 nie
1083 659 1193 719 zuviel
1213 661 1336 721 davon,
1356 665 1399 725 sie
1424 670 1523 730 haben
1553 674 1796 734 Psychologie,
1821 681 1950 741 Motive
1979 684 2036 744 mit
2060 688 2107 748 ihr
2132 689 2155 749 in
2189 691 2232 751 die
2257 693 2351 753 Enge
2376 699 2495 759 treibt,
2515 702 2605 762 desto
2634 703 2706 763 wei¬

380 679 414 739 o.
432 680 467 740 p.
485 685 590 745 Prag,
603 688 654 748 21.
673 688 842 748 Oktober.

905 696 988 756 aber
1008 698 1052 758 die
1072 702 1292 762 Psychologie
1317 708 1406 768 dient
1426 711 1484 771 nur
1504 715 1602 775 dazu,
1617 718 1666 778 den
1691 721 1783 781 Gang

42 723 176 783 Wenige
202 730 337 790 Monate
387 733 448 793 vor
492 737 608 797 seinem
672 744 874 804 siebzigsten

1818 725 1867 785 ter
1895 728 2067 788 erscheint
2095 736 2385 796 paradoxerweise
2431 744 2499 804 sein
2541 747 2699 807 geistiger

904 740 962 800 des
986 745 1112 805 Ganzen
1136 746 1162 806 in
1185 748 1271 808 einem
1308 753 1476 813 reizenden
1504 759 1694 819 Rhythmus
1717 764 1784 824 balc

0 769 201 829 Geburtstag
253 775 299 835 ist
331 776 424 836 jener
450 780 590 840 Dichter
626 785 864 845 dahingeschie

1816 769 1998 829 Horizont.
2018 774 2057 834 So
2087 778 2195 838 würde
2220 781 2264 841 ich
2289 783 2412 843 sagen,
2427 785 2486 845 daß
2516 790 2614 850 neben
2644 791 2698 851 der

904 781 940 841 zu
977 789 1253 849 verlangsamen,
1272 794 1344 854 bald
1381 797 1413 857 zu
1445 801 1721 861 beschleunigen,
1744 807 1785 867 sie

0 811 72 871 den,
93 813 146 873 der
176 816 254 876 nach
289 816 342 876 dem
387 820 470 880 Tode
500 827 789 887 Hofmannsthals
819 831 872 891 der

1819 813 2026 873 „Liebelei“,
2046 819 2094 879 die
2119 820 2188 880 eine
2213 822 2336 882 Arbeit
2361 826 2415 886 von
2445 830 2528 890 ganz
2558 835 2695 895 einziger

904 826 1039 886 stecken
1072 832 1141 892 voll
1161 836 1421 896 Beobachtung,
1440 842 1519 902 aber
1542 845 1621 905 auch
1654 849 1700 909 die
1729 850 1789 910 Be¬

1 858 261 918 repräsentative
307 865 591 925 österreichische
636 872 778 932 Dichter
823 874 862 934 ge

1810 853 1884 913 Art
1904 856 1967 916 ist,
1988 861 2090 921 einige
2121 864 2223 924 seiner
2254 870 2377 930 kleinen
2407 874 2633 934 Kunstwerke

905 872 1096 932 obachtung
1126 876 1173 936 ist
1197 878 1249 938 dem
1293 885 1513 945 eigentlichen
1542 890 1619 950 Reiz
1648 891 1700 951 der
1729 891 1772 951 Er

0 900 102 960 nannt
122 903 244 963 werden
270 908 402 968 mußte.
417 911 486 971 Das
506 913 707 973 Dichtertum
748 918 874 978 Arthur

1810 901 2050 961 Erzählungen
2080 907 2158 967 oder
2183 910 2320 970 Dramen
2351 915 2360 975 —
2409 918 2507 978 durch
2537 921 2590 981 den
2615 923 2674 983 Zau

896 916 1047 976 zählung
1077 924 1360 984 untergeordnet.
1381 930 1451 990 Man
1482 933 1542 993 hat
1568 934 1622 994 das
1654 936 1779 996 Gefühl

0 945 195 1005 Schnitzlers
220 949 278 1009 hat
299 951 362 1011 sich
392 954 416 1014 in
446 957 553 1017 seinen
583 960 858 1020 Bühnenwerken

1814 940 1871 1000 ber
1905 946 1957 1006 der
1991 951 2101 1011 Ironie
2139 952 2187 1012 als
2230 955 2278 1015 die
2312 959 2450 1019 größten
2489 967 2699 1027 erscheinen.

895 958 959 1018 daß
997 961 1043 1021 sie
1072 964 1132 1024 von
1170 966 1254 1026 einem
1301 971 1399 1031 Mann
1432 975 1642 1035 herrühren,
1666 981 1777 1041 dessen

6 987 149 1047 Novellen
184 992 242 1052 und
272 995 444 1055 Romanen
479 998 503 1058 in
538 1003 867 1063 verehrungswürdi

1811 986 1911 1046 Ihnen
1942 989 2027 1049 allen
2059 995 2169 1055 wohnt
2215 998 2305 1058 nicht
2332 1004 2392 1064 nur
2417 1004 2463 1064 die
2489 1010 2690 1070 Andeutung

902 1002 1068 1062 primäres
1098 1007 1220 1067 Talent
1250 1012 1308 1072 das
1338 1015 1461 1075 Talent
1511 1018 1564 1078 des
1599 1022 1779 1082 Erzählers

4 1028 45 1088 ger
78 1032 183 1092 Weise
216 1038 427 1098 kundgetan.
454 1043 570 1103 Dieser
603 1045 703 1105 letzte
736 1051 851 1111 Dichte

1808 1030 1902 1090 inne,
1923 1034 1978 1094 daß
2014 1037 2069 1097 der
2095 1040 2255 1100 Schöpfer
2281 1045 2386 1105 dieser
2412 1050 2532 1110 kleinen
2563 1055 2688 1115 Welten

902 1046 1021 1106 kurzer
1045 1048 1121 1108 oder
1146 1054 1317 1114 eigentlich
1347 1060 1571 1120 mittellanger
1596 1068 1782 1128 Erzählun¬

5 1076 220 1136 Desterreichs
251 1081 321 1141 war
347 1084 447 1144 schon
503 1086 562 1146 vor
618 1090 678 1150 dem
744 1094 869 1154 Kriege

1810 1075 1905 1135 mehr
1934 1076 1986 1136 von
2015 1079 2072 1139 der
2097 1081 2178 1141 Welt
2202 1085 2297 1145 weiß,
2317 1089 2359 1149 als
2384 1091 2417 1151 er
2442 1093 2470 1153 zu
2499 1096 2594 1156 sagen
2623 1099 2675 1159 vor

900 1091 959 1151 gen
994 1091 1052 1151 ist.
1073 1093 1102 1153 In
1141 1096 1249 1156 beiden
1284 1102 1451 1162 Formen:
1476 1106 1594 1166 Drama
1634 1110 1693 1170 und
1723 1112 1781 1172 Er¬

4 1121 215 1181 Desterreichs
241 1127 378 1187 Richter
403 1130 575 1190 gewesen.
590 1134 659 1194 Das
689 1136 782 1196 Auge
807 1138 856 1198 die

1808 1116 1867 1176 hat
1893 1118 1903 1178 —
1959 1124 2024 1184 dies
2055 1125 2094 1185 ist
2120 1127 2165 1187 ein
2196 1132 2442 1192 gewöhnlicher
2468 1139 2579 1199 Reflex
2609 1144 2689 1204 aller

895 1135 1061 1195 zählung,
1086 1139 1129 1199 ist
1159 1139 1194 1199 er
1224 1143 1394 1203 durchaus
1424 1148 1473 1208 ein
1508 1153 1689 1213 Künstler,
1714 1157 1772 1217 und
1812 1161 1919 1221 Ironie
1964 1162 2022 1222 —,
2057 1170 2194 1230 sondern
2229 1175 2306 1235 auch
2346 1180 2454 1240 dieses
2484 1185 2693 1245 Besondere:

7 1163 31 1223 es
62 1166 243 1226 Liebenden
280 1172 370 1232 hatte
401 1174 567 1234 vielleicht
593 1178 749 1238 schärfer
780 1181 855 1241 gese

894 1176 968 1236 war
997 1178 1029 1238 es
1057 1181 1118 1241 vom
1165 1183 1272 1243 ersten
1305 1189 1393 1249 Tage
1427 1192 1482 1252 an.
1506 1193 1552 1253 Es
1580 1196 1622 1256 ist
1655 1198 1697 1258 ein
1734 1198 1762 1258 er

5 1207 40 1267 en
67 1207 118 1267 als
144 1210 190 1270 die
216 1213 324 1273 Augen
355 1216 406 1276 der
433 1217 576 1277 Hasser.
592 1222 783 1282 Schnitzler
809 1225 844 1285 ha

1808 1205 1877 1265 man
1908 1210 2008 1270 ahnt,
2029 1210 2063 1270 er
2089 1216 2179 1276 hätte
2205 1219 2285 1279 noch
2316 1222 2406 1282 mehr
2431 1226 2491 1286 und
2522 1231 2687 1291 vielleicht

892 1222 1103 1282 staunlicher
1135 1228 1310 1288 Gedanke,
1332 1233 1388 1293 daß
1420 1234 1465 1294 die
1492 1238 1615 1298 kleinen
1648 1243 1771 1303 Szenen

0 1252 195 1312 nseinen,
215 1258 335 1318 immer
389 1261 508 1321 wieder
542 1267 844 1327 mißverstandene

1801 1250 1885 1310 noch
1921 1255 2102 1315 Stürkeres
2133 1259 2163 1319 zu
2194 1264 2319 1324 geben,
2340 1267 2385 1327 als
2416 1269 2465 1329 ihm
2512 1272 2622 1332 bisher
2648 1275 2682 1335 zu

895 1267 952 1327 aus
976 1267 1028 1327 dem
1072 1270 1177 1330 Leben
1207 1272 1288 1332 einer
1312 1278 1514 1338 erfundenen
1543 1283 1643 1343 Figur
1668 1288 1758 1348 „Ana

7 1297 243 1357 arstellungen
295 1302 354 1362 der
401 1309 709 1369 österreichischen
744 1315 865 1375 Gesell¬

1806 1294 1906 1354 geben
1938 1298 2081 1358 gefallen
2113 1303 2165 1363 hat
2192 1305 2266 1365 oder
2288 1311 2456 1371 gestattet
2478 1315 2562 1375 war.
2579 1320 2684 1380 Unter

894 1308 981 1368 tol“,
1002 1314 1048 1374 die
1069 1315 1166 1375 heute
1192 1317 1269 1377 aller
1295 1319 1377 1379 Welt
1398 1322 1423 1382 in
1449 1327 1582 1387 Europa
1609 1329 1665 1389 und
1691 1332 1752 1392 übe

2 1339 97 1399 chaft
112 1342 218 1402 selbst
239 1346 329 1406 dort,
345 1347 385 1407 wo
411 1352 476 1412 man
502 1352 582 1412 pure
603 1357 860 1417 Bewunderung

1804 1339 1909 1399 diesen
1939 1342 2145 1402 Umständen
2176 1351 2256 1411 kann
2281 1354 2351 1414 man
2377 1358 2472 1418 nicht
2493 1359 2547 1419 vom
2588 1365 2683 1425 Alter

894 1354 1027 1414 Europa
1060 1359 1183 1419 hinaus
1214 1362 1358 1422 geläufig
1390 1367 1452 1427 ist,
1473 1370 1534 1430 und
1566 1373 1633 1433 eine
1664 1375 1762 1435 kurze

1798 1383 1891 1443 eines
1916 1386 2048 1446 solchen
2078 1396 2251 1456 Menschen
2281 1401 2462 1461 sprechen,
2478 1403 2556 1463 denn
2586 1406 2620 1466 es
2645 1407 2684 1467 ist

41 1387 216 1447 gewahren
250 1391 448 1451 vermeinte,
471 1397 575 1457 Kritik
609 1399 641 1459 an
675 1400 763 1460 einem
808 1401 868 1461 un¬
896 1396 923 1456 in
957 1399 1045 1459 ihrer
1073 1399 1138 1459 Art
1167 1407 1387 1467 vollkommen
1421 1410 1503 1470 reife
1532 1414 1591 1474 und
1625 1419 1757 1479 meister

0 1428 326 1488 ergangsgeweihten
364 1439 585 1499 Organismus
639 1446 765 1506 geübt.
813 1446 860 1506 Es

1804 1427 1974 1487 durchaus
1999 1434 2159 1494 möglich,
2180 1437 2235 1497 daß
2265 1440 2305 1500 ein
2336 1445 2465 1505 solcher
2491 1448 2546 1508 von
2576 1452 2661 1512 einem

887 1440 984 1500 hafte
1016 1445 1213 1505 Erzählung
1249 1452 1466 1512 „Reichtum“
1504 1457 1560 1517 das
1591 1460 1679 1520 erste
1711 1463 1777 1523 wa¬

5 1472 59 1532 eht
84 1473 177 1533 nicht
202 1479 344 1539 anders;
369 1482 437 1542 man
472 1484 545 1544 muß
580 1487 638 1547 den
668 1490 741 1550 hier
766 1492 834 1552 meh

1801 1467 1872 1527 Teil
1899 1473 2012 1533 seiner
2043 1477 2162 1537 Kräfte
2198 1482 2275 1542 noch
2312 1487 2451 1547 niemals
2482 1494 2672 1554 sichtbaren

890 1482 967 1542 ren,
981 1488 1093 1548 womit
1112 1491 1143 1551 er
1166 1491 1220 1551 vor
1243 1492 1275 1552 so
1298 1493 1393 1553 vielen
1421 1500 1538 1560 Jahren
1566 1503 1760 1563 hervortrat

11 1517 232 1577 swohlfeilen
265 1525 429 1585 Vergleich
461 1527 519 1587 mit
546 1529 598 1589 dem
642 1532 725 1592 Arzt
743 1533 758 1593 —
806 1536 858 1596 del

1799 1514 1904 1574 Gebre
1914 1517 1969 1577 uch
2000 1524 2156 1584 gemacht
2177 1526 2237 1586 und
2263 1530 2338 1590 auch
2369 1534 2454 1594 einen
2485 1538 2555 1598 Teil
2571 1542 2676 1602 seiner

932 1528 989 1588 Ihm
1037 1533 1104 1593 sind
1138 1536 1205 1596 alle
1234 1539 1459 1599 Instrumente
1493 1546 1526 1606 zu
1560 1548 1694 1608 Dienst,
1719 1554 1766 1614 die

31 1560 109 1620 denn
142 1563 220 1623 auch
248 1566 274 1626 im
317 1572 596 1632 ursprünglichen
629 1576 734 1636 Beruf
756 1580 845 1640 gewe

1794 1557 1925 1617 Jugend
1962 1566 2131 1626 irgendwo
2161 1577 2438 1637 zurückbehalten
2487 1584 2565 1644 oder
2607 1587 2679 1647 ver¬

886 1573 947 1633 das
977 1578 1167 1638 Handwerk
1206 1583 1291 1643 einem
1339 1590 1535 1650 erfahrenen
1583 1594 1640 1654 und
1688 1596 1764 1656 sehr
1803 1603 1926 1663 borgen
1955 1607 2031 1667 hat.

10 1602 122 1662 n—
168 1610 413 1670 heranziehen:
433 1616 560 1676 Arthur
581 1619 772 1679 Schnitzler
793 1622 861 1682 war

0 1646 24 1706 er
55 1650 226 1710 unbeirrte
256 1657 498 1717 Diagnostiker
549 1661 608 1721 der
639 1664 850 1724 unheilbaren

15 1694 268 1754 terreichischen
304 1700 515 1760 Krankheit.
534 1702 592 1762 Ihm
640 1706 769 1766 wurden
805 1708 851 1768 die

9 1742 313 1802 afalsmome
341 1746 468 1806 bereits
491 1749 673 1809 offenbar,
718 1753 767 1813 als
818 1756 850 1816 er

16 1787 248 1847 chscheinbar
270 1790 427 1850 bejahend
454 1793 506 1853 zum
544 1796 844 1856 österreichischen

14 1828 78 1888 esen
111 1831 257 1891 Stellung
285 1834 404 1894 nahm.
421 1837 550 1897 Arthur
572 1840 762 1900 Schnitzler
784 1843 843 1903 hat

6 1871 184 1931 rksamer,
206 1878 287 1938 weil
309 1876 504 1936 objektiver
531 1881 585 1941 als
634 1884 682 1944 ein
721 1885 850 1945 Gustav

9 1916 110 1976 eyrink
162 1918 218 1978 den
252 1921 552 1981 österreichischen
610 1929 852 1989 Militarismus

39 1960 102 2020 das
134 1965 423 2025 Krebsgeschwür
450 1969 476 2029 in
514 1969 566 2029 den
603 1971 840 2031 verfaulenden

20 2004 194 2064 geweiden
227 2007 280 2067 der
301 2010 497 2070 Monarchie
519 2014 763 2074 agnostiziert.
774 2017 842 2077 Daß

50 2049 107 2109 den
148 2052 338 2112 „Leutnant
368 2055 489 2115 Gustl“
524 2055 738 2115 geschrieben
779 2064 853 2124 hat,

9 2091 48 2151 tre
79 2093 204 2153 wenig,
225 2097 315 2157 wenn
346 2097 375 2157 er
406 2099 457 2159 ihn
492 2100 562 2160 erst
588 2101 668 2161 nach
704 2105 759 2165 der
789 2106 849 2166 Er¬

9 2137 171 2197 chterung
198 2140 290 2200 durch
317 2142 365 2202 die
388 2142 523 2202 „Große
545 2145 631 2205 Zeit"
658 2147 847 2207 veröffent-

6 2181 170 2241 thätte.
188 2184 253 2244 Daß
282 2184 314 2244 er
337 2185 419 2245 diese
442 2184 580 2244 Novelle
602 2188 640 2248 um
680 2191 729 2251 die
746 2193 828 2253 Jahr

2 2225 223 2285 indertwende
250 2228 425 2288 publiziert
447 2231 523 2291 hat,
539 2231 581 2291 ist
602 2231 668 2291 eine
695 2234 844 2294 ethische

7 2267 125 2327 ostat,
147 2270 182 2330 um
224 2271 270 2331 die
292 2271 343 2331 ihn
375 2273 415 2333 ein
447 2275 654 2335 Grillparzer
680 2279 773 2339 hätte
794 2281 830 2341 be

11 2312 70 2372 iden
96 2313 246 2373 müssen.
262 2318 332 2378 Man
362 2318 442 2378 lasse
468 2319 528 2379 sich
558 2321 648 2381 nicht
669 2321 769 2381 durch
795 2325 839 2385 die

14 2354 70 2414 iter
96 2360 307 2420 einsetzende
333 2363 519 2423 klassische
551 2366 746 2426 Vertiefung
783 2369 834 2429 von

14 2399 161 2459 anitzlers
188 2405 363 2465 Prosastil
379 2408 542 2468 täuschen
575 2411 638 2471 und
665 2411 743 2471 hüte
770 2413 838 2473 sich

31 2443 101 2503 dem
144 2448 290 2508 Irrtum,
312 2449 372 2509 den
405 2449 594 2509 Schnitzler
621 2452 681 2512 der
730 2455 843 2515 Nach¬

15 2488 167 2548 egsjahre
190 2492 246 2552 für
269 2494 354 2554 einen
382 2494 500 2554 müden
529 2497 704 2557 alternden
733 2500 834 2560 Herrn

17 2531 151 2591 halten,
178 2536 291 2596 dessen
323 2539 483 2599 Schaffen
520 2541 576 2601 von
613 2541 669 2601 der
701 2542 840 2602 Vorver¬

2 2581 159 2641 ngenheit
181 2581 318 2641 gezehrt
339 2583 439 2643 habe.
461 2584 529 2644 Man
561 2584 624 2644 lese
645 2588 755 2648 seinen
777 2590 824 2650 Ro

0 2623 271 2683 „Therese“,
313 2626 423 2686 dieses
474 2626 660 2686 grandiose
711 2632 837 2692 sozlale

0 2664 61 2724 pos,
82 2666 133 2726 das
165 2667 227 2727 mit
248 2667 304 2727 der
330 2669 397 2729 Not
419 2673 563 2733 unserer
584 2673 656 2733 Zeit
683 2673 775 2733 mehr
801 2676 837 2736 zu

2 2709 99 2769 nhat
133 2711 181 2771 als
208 2712 360 2772 hundert
410 2718 680 2778 marktgängige
713 2720 838 2780 Gesell¬

7 2753 223 2813 aftaromane
252 2757 284 2817 up
311 2758 343 2818 to
366 2757 457 2817 date.
474 2760 544 2820 Man
577 2761 680 2821 greife
702 2761 718 2821 —
768 2765 821 2825 dem

2 2800 75 2860 ager
104 2799 297 2859 Deutschen
331 2805 478 2865 Theater
507 2803 557 2863 sei
581 2805 654 2865 dies
683 2806 835 2866 empfoh¬

76 2843 145 2903 auf
168 2843 377 2903 Schnitzlers
400 2846 556 2906 „Grünen
589 2849 750 2909 Kakadu“
783 2852 815 2912 zu

0 2885 46 2945 ck,
62 2887 118 2947 auf
139 2888 247 2948 diesen
273 2891 351 2951 nach
377 2890 433 2950 wie
454 2889 511 2949 vor
532 2894 702 2954 aktuellen
729 2895 836 2955 Revo¬

0 2929 249 2989 onseinakter.
293 2935 361 2995 Und
416 2936 489 2996 man
529 2936 592 2996 lese
622 2939 812 2999 Schnitzler

0 2975 61 3035 ztes
93 2975 205 3035 Werk,
227 2975 273 3035 die
299 2978 422 3038 wenige
449 2981 541 3041 Tage
567 2981 623 3041 vor
650 2984 706 3044 des
732 2985 835 3045 Dich¬

7 3020 11 3080 s
37 3017 102 3077 Tod
138 3020 354 3080 erschienene
386 3022 487 3082 große
517 3023 658 3083 Novelle
689 3026 835 3086 „Flucht

0 3059 44 3119 die
65 3062 271 3122 Finsternis“
302 3064 418 3124 (gleich
444 3066 523 3126 allen
554 3065 660 3125 seinen
690 3067 826 3127 Werken

11 3102 137 3162 Verlag
169 3107 206 3167 S.
228 3106 365 3166 Fischer
397 3108 423 3168 in
456 3106 561 3166 Berlin
598 3112 836 3172 erschienen),

0 3151 276 3211 Darstellung
339 3154 430 3214 eines
464 3154 640 3214 scheinbar
674 3158 822 3218 privaten

0 3192 245 3252 terreichischen
280 3196 674 3256 Menschenschicksals,
699 3202 748 3262 die
778 3201 831 3261 zu¬

0 3237 44 3297 ch
75 3237 120 3297 ein
146 3241 332 3301 Abschnitt
353 3241 413 3301 aus
439 3241 489 3301 der
515 3246 827 3306 Naturgeschichte

21 3282 298 3342 desorientierten
335 3285 510 3345 Menschen
547 3288 601 3348 von
632 3291 734 3351 heute
759 3291 824 3351 sein

3 3326 80 3386 unte.

0 3420 46 3480 Zum
85 3422 142 3482 60.
155 3425 360 3485 Geburtstag
386 3428 513 3488 Arthur
539 3430 743 3490 Schnitzlers
763 3431 826 3491 hat

0 3467 4 3527 n
35 3466 165 3526 Freund
196 3469 296 3529 Hugo
327 3471 387 3531 von
424 3473 831 3533 Hofmannstha.

34 3512 304 3572 nachfolgenden
359 3515 466 3575 Zeilen
506 3516 747 3576 geschrieben,
772 3520 820 3580 die

0 3554 146 3614 irdigung
177 3557 265 3617 eines
289 3559 445 3619 Dichters
476 3560 572 3620 durch
603 3562 692 3622 einen
715 3566 819 3626 Dich¬

2 3653 204 3713 Schnitzlers
235 3656 505 3716 Theaterstücke
549 3659 616 3719 sind
653 3661 818 3721 vollkom¬

0 3696 23 3756 ne
53 3698 342 3758 Theaterstücke,
362 3700 504 3760 gebaut,
529 3703 568 3763 um
612 3703 646 3763 zu
676 3703 822 3763 fesseln,

0 3742 257 3802 beschäftigen,
277 3744 312 3804 zu
348 3745 585 3805 unterhalten,
606 3748 636 3808 in
666 3748 822 3808 geistrei¬

0 3783 8 3843 r
37 3784 142 3844 Weise
172 3784 205 3844 zu
239 3787 488 3847 überraschen;
536 3789 584 3849 sie
632 3791 690 3851 tun
743 3792 799 3852 dem

0 3826 137 3886 genblick
167 3831 275 3891 genug
315 3832 373 3892 und
409 3831 581 3891 vermögen
611 3834 690 3894 noch
720 3838 822 3898 nach¬

0 3870 72 3930 glich
102 3871 160 3931 das
186 3873 308 3933 Gemüt
333 3875 391 3935 und
421 3876 469 3936 die
494 3876 670 3936 Gedanken
700 3879 734 3939 zu
764 3880 817 3940 be¬

0 3915 149 3975 äftigen;
165 3916 232 3976 ihre
253 3918 434 3978 Handlung
466 3921 522 3981 und
549 3921 600 3981 ihr
621 3923 740 3983 Dialog
766 3924 822 3984 be¬

0 3959 115 4019 wingen
153 3962 311 4022 einander
340 3963 605 4023 wechselweise,
624 3968 675 4028 die
727 3969 796 4029 Cha

0 4002 61 4062 tere
93 4004 165 4064 sind
202 4005 388 4065 vorzüglich
425 4011 611 4071 erfunden,
638 4011 730 4071 leben
767 4014 813 4074 ihr

0 4047 59 4107 enes
90 4050 190 4110 Leben
221 4051 275 4111 und
306 4053 411 4113 dienen
442 4055 517 4115 doch
547 4054 607 4114 nr
633 4056 688 4116 dem
723 4057 813 4117 Gan-
