3392 4352
224 302 300 362 2.
359 303 950 363 Schnitzler's
1030 306 1251 366 Death

1463 303 1596 363 box
1668 312 1902 372 43/19

505 688 674 748 Auns
741 685 966 745 LVII,
988 682 1147 742 N.45

590 765 815 825 Rilano

915 754 935 814 8
988 765 1319 825 Novendne
1383 767 1589 827 1931.

915 863 941 923 la
984 865 1132 925 signora
1180 867 1286 927 Anna
1323 870 1504 930 Sacher),
1536 870 1588 930 gli
1627 868 1812 928 ambienti
1849 870 1886 930 di

911 912 1008 972 lusso
1034 912 1049 972 e
1076 912 1111 972 di
1132 915 1261 975 bohème
1292 918 1353 978 nei
1380 919 1482 979 quali
1503 918 1528 978 la
1565 918 1668 978 dolce
1699 919 1874 979 biondina

487 950 753 1010 rnERIIEEE

914 962 1177 1022 troneggiava,
1206 967 1403 1027 fornivano
1437 968 1475 1028 al
1504 967 1662 1027 giovane
1696 967 1840 1027 Arturo
1874 970 1883 1030 i

906 1010 1065 1070 soggetti
1094 1010 1160 1070 che
1188 1014 1216 1074 il
1240 1016 1381 1076 salotto
1419 1016 1574 1076 paterno
1607 1014 1673 1074 per
1697 1016 1781 1076 caso
1810 1018 1875 1078 non

914 1060 1007 1120 fosse
1040 1061 1194 1121 riuscito
1228 1065 1270 1125 ad
1308 1067 1532 1127 accogliere.

1001 1109 1073 1169 tipi
1099 1109 1140 1169 di
1167 1115 1375 1175 Schnitzler
1412 1113 1676 1173 costituiscono
1713 1115 1744 1175 la
1781 1118 1879 1178 com¬

908 1156 1102 1216 binazione
1129 1159 1221 1219 delle
1248 1162 1409 1222 qualità,
1426 1163 1609 1223 degl'istin
1637 1164 1652 1224 i
1669 1163 1749 1223 (dei
1766 1164 1879 1224 buoni

228 1186 478 1246 SCHNITZI.ER

908 1206 1007 1266 come
1038 1207 1103 1267 dei
1129 1210 1254 1270 turpi)
1275 1213 1314 1273 da
1345 1213 1395 1273 lui
1420 1213 1566 1273 portati
1586 1213 1656 1273 alla
1682 1213 1762 1273 luce
1787 1215 1877 1275 ana¬

911 1258 1140 1318 tomizzando
1174 1259 1226 1319 gli
1250 1261 1374 1321 esseri
1399 1264 1427 1324 in
1461 1262 1579 1322 mezzo
1618 1263 1661 1323 ai
1690 1262 1799 1322 quali
1829 1264 1876 1324 vi¬

184 1261 218 1321 ia
264 1264 294 1324 la
345 1264 405 1324 cui
441 1267 511 1327 fine
562 1267 728 1327 coincide
779 1268 839 1328 con

913 1305 1018 1365 veva,
1041 1307 1213 1367 godendo
1248 1309 1261 1369 e
1297 1312 1526 1372 osservando
1557 1312 1720 1372 sempre,
1738 1313 1879 1373 mesco¬

185 1315 289 1375 lierno
326 1315 526 1375 malessere
558 1318 721 1378 europeo
753 1318 844 1378 ebbe

909 1353 1061 1413 landosi
1086 1356 1150 1416 con
1185 1357 1282 1417 tutti
1303 1359 1317 1419 e
1352 1360 1538 1420 unendosi
1559 1359 1617 1419 con
1647 1362 1779 1422 pochi.
1805 1362 1882 1422 Nel

174 1360 244 1420 tici
277 1362 385 1422 poeti
407 1365 434 1425 in
472 1363 586 1423 Peter
625 1368 851 1428 Altenberg,

911 1404 1019 1464 1901,
1044 1404 1058 1464 a
1093 1405 1229 1465 motivo
1264 1408 1362 1468 della
1397 1410 1538 1470 novella
1578 1411 1754 1471 Leulnant
1779 1411 1881 1471 Guoll

181 1413 398 1473 mannstahl
415 1413 425 1473 e
447 1413 589 1473 Arthur
617 1416 855 1476 Schnitzler:

987 1452 1015 1512 in
1059 1455 1245 1515 italiano:
1284 1460 1317 1520 Il
1346 1459 1561 1519 oottolenente
1600 1461 1786 1521 Guolavino
1821 1459 1834 1519 —

183 1461 216 1521 e,
236 1462 294 1522 con
323 1464 559 1524 Schnitzler,
579 1464 592 1524 è
627 1466 843 1526 scomparso

905 1503 999 1563 dové
1030 1503 1242 1563 rinunziare
1278 1507 1317 1567 al
1344 1509 1454 1569 grado
1485 1509 1520 1569 di
1541 1509 1702 1569 ufficiale
1737 1509 1873 1569 medico

177 1512 400 1572 gruppetto.
432 1512 634 1572 Cresciuti
667 1515 762 1575 nell'
773 1514 852 1574 am¬

904 1550 1001 1610 della
1030 1553 1193 1613 riserva,
1208 1556 1272 1616 per
1301 1556 1384 1616 aver
1413 1556 1539 1616 scritto
1567 1556 1628 1616 con
1656 1559 1791 1619 troppo
1820 1556 1880 1616 ve¬

180 1559 318 1619 teresse
343 1560 496 1620 politico
526 1562 728 1622 formatosi
749 1563 842 1623 dopo

906 1601 1035 1661 rismo.
1059 1601 1197 1661 Mezzo
1231 1604 1374 1664 secolo,
1394 1607 1460 1667 non
1494 1607 1589 1667 tutto
1618 1609 1656 1669 di
1676 1608 1790 1668 gioie,
1805 1610 1866 1670 non

182 1610 220 1670 ri
237 1607 386 1667 del’66,
398 1610 608 1670 Altenberg
631 1613 647 1673 e
675 1613 847 1673 Schnitz¬

907 1649 964 1709 era
998 1652 1145 1712 bastato
1184 1652 1198 1712 a
1233 1657 1409 1717 demolire
1433 1658 1461 1718 in
1491 1656 1639 1716 Austria
1678 1658 1706 1718 lo
1740 1658 1868 1718 spirito

228 1658 297 1718 una
349 1658 488 1718 Vienna
531 1661 652 1721 spinta
694 1661 801 1721 verso

904 1700 1062 1760 militare
1100 1703 1136 1763 di
1163 1705 1290 1765 casta,
1312 1706 1327 1766 e
1359 1706 1417 1766 gli
1444 1706 1581 1766 eretici
1613 1706 1766 1766 banditi
1793 1708 1877 1768 dal¬

201 1706 302 1766 verso
327 1709 585 1769 l’esaltazione
621 1712 717 1772 della
759 1710 849 1770 fem¬

905 1749 1089 1809 l'esercito
1125 1751 1260 1811 furono
1296 1755 1486 1815 parecchi.
1512 1756 1687 1816 Leulnant
1707 1756 1812 1816 Guoll
1838 1757 1867 1817 fu

213 1758 333 1818 voglia
369 1756 409 1816 di
435 1759 682 1819 dimenticare
718 1759 728 1819 i
754 1761 844 1821 pro¬

903 1798 1084 1858 giudicato
1121 1801 1355 1861 oltraggioso
1382 1804 1443 1864 per
1470 1804 1496 1864 la
1523 1804 1652 1864 casta,
1673 1804 1798 1864 sicché
1830 1806 1870 1866 un

174 1804 266 1864 vano
298 1806 359 1866 sui
386 1807 530 1867 destini
556 1810 622 1870 dei
649 1810 798 1870 popoli,
819 1811 834 1871 o

902 1849 1000 1909 giuri
1020 1849 1172 1909 d’onore
1197 1852 1232 1912 fu
1262 1852 1458 1912 incaricato
1488 1852 1522 1912 di
1547 1855 1773 1915 esaminarlo
1804 1854 1818 1914 e
1843 1855 1881 1915 di

170 1853 230 1913 ità
264 1855 308 1915 di
331 1858 558 1918 affrontarli
587 1858 603 1918 e
643 1858 853 1918 risolverli.

902 1897 1098 1957 decidere.
1118 1901 1334 1961 Schnitzler
1364 1903 1428 1963 non
1463 1903 1496 1963 si
1521 1903 1722 1963 presentò,
1748 1906 1874 1966 conte¬

183 1905 293 1965 sognò
317 1906 436 1966 invece
456 1908 522 1968 una
542 1909 666 1969 nobile
686 1911 833 1971 Austria

907 1947 1035 2007 stando
1067 1950 1092 2010 la
1128 1950 1366 2010 competenza
1403 1953 1656 2013 dell’istanza,
1677 1953 1692 2013 e
1723 1953 1754 2013 il
1780 1956 1878 2016 giuri

176 1956 260 2016 vano
292 1956 308 2016 i
335 1953 392 2013 tre
436 1956 578 2016 affinità
627 1959 849 2019 molteplici.

169 2004 368 2064 l’analogia
390 2007 440 2067 tra
468 2007 495 2067 la
523 2007 589 2067 fine
612 2007 650 2067 di
667 2007 844 2067 Schnitz¬

184 2052 219 2112 di
246 2055 579 2115 Hofmannstahl?
610 2058 849 2118 Hofmanns¬

184 2103 230 2163 di
256 2106 514 2166 crepacuore,
535 2106 597 2166 nel
633 2109 746 2169 luglio
783 2109 845 2169 del

186 2153 434 2213 impressione
481 2155 546 2215 del
583 2156 739 2216 suicidio
786 2156 851 2216 del

170 2203 265 2263 vane
311 2204 517 2264 perdutosi
547 2204 612 2264 nel
648 2207 834 2267 ginepraio

173 2252 410 2312 quotidiana,
440 2255 548 2315 assai
588 2255 735 2315 diverso
780 2257 844 2317 dal

164 2300 172 2360 p
204 2303 297 2363 nella
333 2303 465 2363 serena
501 2303 585 2363 casa
621 2306 803 2366 paterna,
826 2307 839 2367 e

162 2350 282 2410 diaca
313 2351 353 2411 ha
384 2353 500 2413 ucciso
531 2353 647 2413 anche
673 2356 844 2416 Schnitz¬

154 2399 214 2459 ni
234 2401 383 2461 rimasto
412 2403 435 2463 in
468 2402 585 2462 attesa
619 2404 683 2464 del
741 2404 838 2464 suo,

164 2448 317 2508 Jocando
361 2450 386 2510 il
414 2452 546 2512 dolore
589 2455 849 2515 cagionatogli

184 2500 303 2560 d’una
352 2500 449 2560 figlia
498 2503 757 2563 dilettissima.
791 2503 839 2563 Se

221 2550 372 2610 giovane
418 2550 631 2610 contemplò
677 2553 706 2613 la
758 2553 838 2613 bes¬

159 2596 231 2656 jiera
269 2598 327 2658 con
361 2601 650 2661 accoramento,
669 2604 842 2664 Schnitz¬

183 2648 276 2708 visto
305 2647 398 2707 nella
427 2649 544 2709 morte
578 2651 591 2711 e
620 2652 836 2712 nell'amore

164 2694 201 2754 ei
225 2697 313 2757 fatti
341 2700 486 2760 umani:
515 2700 528 2760 a
566 2700 768 2760 conoscere
805 2703 833 2763 la

148 2745 218 2805 ma,
240 2747 277 2807 di
305 2747 446 2807 leggeri
474 2747 505 2807 si
533 2750 625 2810 vede
653 2750 717 2810 che
750 2750 841 2810 l'in¬

116 2795 443 2855 ostantemente
485 2798 605 2858 amore
650 2798 662 2858 e
707 2801 844 2861 morte.

147 2844 220 2904 ahl
246 2846 363 2906 aveva
398 2847 491 2907 nelle
526 2849 613 2909 vene
648 2847 663 2907 —
717 2848 741 2908 il
771 2852 835 2912 che

180 2894 367 2954 austriaco
409 2894 422 2954 —
477 2897 619 2957 sangue
661 2897 702 2957 di
734 2900 839 2960 varie

159 2944 188 3004 ca
229 2945 442 3005 compresa.
468 2946 584 3006 Peter
614 2948 847 3008 Altenberg,

156 2995 253 3055 ventù
292 2992 408 3052 aveva
442 2998 609 3058 studiato
648 2998 848 3058 medicina,

161 3042 274 3102 ssione
309 3043 402 3103 delle
437 3045 574 3105 lettere
609 3046 623 3106 e
658 3046 687 3106 la
717 3049 829 3109 mania

183 3091 279 3151 sotto
313 3094 434 3154 forma
468 3094 511 3154 di
535 3094 689 3154 schizzi,
709 3097 742 3157 la
777 3097 839 3157 ro¬

175 3141 426 3201 vindobonese
471 3144 606 3204 furono
645 3144 702 3204 più
751 3145 847 3205 forti

179 3189 380 3249 scientifica
406 3192 420 3252 e
446 3192 541 3252 dello
572 3195 698 3255 spirito
734 3195 834 3255 d’ab¬

151 3240 166 3300 e
205 3240 372 3300 avrebbe
412 3242 456 3302 da
501 3243 658 3303 esistere
703 3243 731 3303 in
781 3244 840 3304 chi

161 3289 282 3349 crarsi
301 3291 370 3351 alla
399 3294 482 3354 cura
511 3292 576 3352 dei
595 3294 683 3354 mali
702 3294 842 3354 nostri.

155 3338 315 3398 anitzler,
341 3340 396 3400 lui
422 3341 518 3401 pure
548 3341 684 3401 ebreo,
710 3341 830 3401 studiò

152 3389 312 3449 pdicina:
339 3391 494 3451 siccome
526 3393 556 3453 il
583 3392 723 3452 padre,
750 3391 837 3451 Gio-

149 3435 228 3495 pore
271 3440 339 3500 all'
351 3440 568 3500 Università
606 3440 648 3500 di
681 3440 845 3500 Vienna,

144 3486 262 3546 fologo
297 3488 336 3548 di
366 3488 518 3548 valore,
539 3491 760 3551 laureatosi
785 3489 838 3549 in¬

147 3537 349 3597 psercitare
378 3538 406 3598 la
431 3538 690 3598 professione.
711 3538 777 3598 Fra
816 3539 840 3599 il

903 3538 1133 3598 vendicativo
1165 3541 1220 3601 gli
1240 3543 1407 3603 contestò
1432 3541 1457 3601 il
1478 3541 1603 3601 diritto
1629 3541 1669 3601 di
1690 3541 1860 3601 rivestire

144 3584 225 3644 B92,
245 3586 273 3646 il
297 3586 426 3646 futuro
460 3589 670 3649 novelliere
695 3586 709 3646 e
738 3587 838 3647 com¬

899 3589 1124 3649 l’uniforme.
1139 3591 1206 3651 “In
1231 3592 1317 3652 ogni
1332 3592 1447 3652 classe
1467 3589 1601 3649 sociale
1626 3589 1640 3649 —
1679 3590 1808 3650 scrisse
1833 3592 1856 3652 in

149 3634 303 3694 pubblicò
350 3637 381 3697 in
428 3637 557 3697 riviste
604 3637 831 3697 scientisiche

900 3639 984 3699 quei
1000 3637 1120 3697 giorni
1136 3640 1342 3700 Schnitzler
1368 3642 1382 3702 a
1413 3643 1447 3703 un
1478 3640 1598 3700 critice
1624 3640 1684 3700 che
1710 3640 1759 3700 gli
1780 3642 1860 3702 rim¬

148 3685 266 3745 nsioni
286 3688 330 3748 di
355 3685 468 3745 opere
503 3685 542 3745 di
572 3688 783 3748 medicina:
809 3688 842 3748 si

902 3685 1104 3745 proverava
1134 3688 1271 3748 l'offesa
1296 3691 1384 3751 fatta
1409 3691 1478 3751 alla
1503 3690 1615 3750 Corte
1641 3688 1812 3748 d'onore,

154 3733 286 3793 tologia
318 3735 334 3795 e
367 3735 605 3795 psicopatia,
621 3737 833 3797 dell'igiene

897 3735 1002 3795 esiste
1037 3735 1074 3795 un
1113 3738 1200 3798 gran
1239 3741 1388 3801 numero
1422 3740 1460 3800 di
1484 3738 1589 3798 bassi
1619 3738 1820 3798 individui,
1845 3740 1859 3800 e

149 3783 203 3843 lle
234 3783 297 3843 sue
328 3786 585 3846 conseguenze
621 3784 763 3844 etiche.

897 3786 921 3846 io
955 3784 1021 3844 non
1056 3786 1252 3846 riconosco
1287 3789 1301 3849 a
1335 3790 1488 3850 nessuna
1522 3786 1642 3846 classe
1676 3786 1705 3846 il
1729 3786 1858 3846 diritto

144 3828 159 3888 o
198 3834 414 3894 Schnitzler
447 3834 604 3894 debuttó
642 3834 701 3894 nel
734 3834 842 3894 1889,

898 3834 937 3894 di
958 3834 1124 3894 proibire
1160 3836 1225 3896 che
1261 3840 1387 3900 questa
1428 3837 1711 3897 constatazione
1747 3839 1857 3899 venga

155 3879 182 3939 la
227 3882 259 3942 Il
293 3882 359 3942 mio
393 3882 504 3942 amico
543 3884 592 3944 Y,
615 3883 830 3943 pubblicata

895 3882 1016 3942 fatta.
1049 3882 1133 3942 Nel
1165 3886 1234 3946 mio
1282 3888 1361 3948 caso
1409 3886 1600 3946 specifico,
1632 3886 1765 3946 vorrei
1802 3888 1865 3948 poi

181 3933 230 3993 An
266 3929 320 3989 der
356 3932 495 3992 schönen
541 3932 655 3992 blauen
700 3932 844 3992 Donau,

903 3932 1052 3992 mettere
1078 3931 1103 3991 in
1135 3933 1258 3993 rilievo
1284 3935 1340 3995 che
1367 3937 1397 3997 il
1413 3937 1474 3997 mio
1501 3935 1613 3995 Gustl
1634 3935 1649 3995 é
1676 3935 1711 3995 un
1738 3935 1850 3995 bravo

150 3980 211 4040 cui
238 3980 278 4040 da
310 3980 434 4040 tempo
471 3980 517 4040 s’è
549 3982 714 4042 perduto
751 3980 838 4040 per¬

900 3981 1070 4041 ragazzo,
1096 3983 1272 4043 guastato
1308 3987 1464 4047 soltanto
1500 3983 1565 4043 dai
1590 3984 1802 4044 pregiudizi
1828 3983 1867 4043 di

142 4025 183 4085 o.
209 4028 281 4088 Per
312 4028 467 4088 quattro
504 4029 596 4089 anni
628 4031 787 4091 ancora,
814 4028 839 4088 il

894 4031 1017 4091 casta,
1037 4031 1091 4091 ma
1121 4032 1185 4092 che
1220 4034 1283 4094 col
1309 4036 1427 4096 tempo
1452 4034 1634 4094 potrebbe
1659 4032 1856 4092 diventare

142 4076 165 4136 o
203 4079 375 4139 continuò
408 4079 445 4139 ad
483 4079 604 4139 essere
632 4079 832 4139 assistente

898 4081 937 4141 un
973 4080 1144 4140 valoroso
1180 4082 1194 4142 e
1231 4084 1341 4144 bravo
1376 4084 1608 4144 ufficiale....„
1649 4083 1664 4143 E
1710 4082 1855 4142 avendo

204 4129 412 4189 Policlinico
456 4132 472 4192 e
510 4129 549 4189 fu
587 4129 735 4189 iscritto
779 4129 844 4189 nei

900 4129 925 4189 lo
957 4129 1075 4189 stesso
1111 4131 1261 4191 critico,
1287 4135 1338 4195 più
1370 4135 1488 4195 tardi,
1504 4130 1597 4190 fatto
1628 4132 1757 4192 notare
1783 4132 1855 4192 allo

547 4177 572 4237 la
608 4174 781 4234 riserva.
802 4175 817 4235 !

899 4177 1066 4237 scrittore
1105 4180 1172 4240 che
1211 4183 1354 4243 oramai
1389 4183 1465 4243 egli
1494 4183 1589 4243 s'era
1629 4182 1781 4242 esposto
1825 4181 1839 4241 a

2129 731 2556 791 L'ILLUSTRAZIONE
2598 737 2816 797 ITALIANA

1942 871 2003 931 che
2037 874 2205 934 diverse,
2239 876 2301 936 una
2349 879 2512 939 raccolta
2556 882 2598 942 di
2628 882 2815 942 aforismi,
2839 882 2905 942 una

1941 924 2056 984 trama
2090 924 2157 984 per
2187 926 2253 986 una
2293 927 2465 987 pellicola
2500 930 2672 990 parlata.

1985 971 2036 1031 Lo
2062 974 2274 1034 Schnitzler
2301 975 2352 1035 più
2384 977 2472 1037 noto
2503 977 2518 1037 è
2550 977 2710 1037 l’autore
2747 978 2788 1038 di
2814 978 2912 1038 Ana¬

1943 1020 2009 1080 tol,
2030 1022 2194 1082 Liebelei,
2215 1022 2282 1082 del
2308 1025 2446 1085 Rilorno
2477 1025 2513 1085 di
2539 1028 2714 1088 Caoanova
2755 1028 2770 1088 e
2812 1028 2909 1088 delle

1940 1068 2097 1128 novelle,
2122 1071 2284 1131 infinite.
2310 1073 2358 1133 La
2393 1075 2540 1135 novella
2580 1076 2668 1136 era,
2689 1076 2752 1136 per
2792 1078 2914 1138 altro,

1937 1118 1963 1178 il
1991 1118 2050 1178 suo
2078 1121 2210 1181 genere
2229 1121 2242 1181 :
2266 1121 2292 1181 il
2320 1121 2384 1181 ben
2421 1124 2603 1184 costruito
2635 1124 2832 1184 romanzo,
2851 1127 2914 1187 che

1937 1166 2085 1226 riempie
2118 1168 2150 1228 le
2184 1169 2234 1229 tre
2263 1169 2271 1229 e
2300 1170 2327 1230 le
2365 1174 2630 1234 quattrocento
2664 1174 2812 1234 pagine,
2836 1175 2900 1235 non

1943 1216 2075 1276 l’attirò
2113 1217 2203 1277 mai,
2224 1219 2324 1279 forse
2357 1219 2420 1279 non
2453 1221 2479 1281 lo
2506 1222 2675 1282 sentiva.
2692 1222 2707 1282 E
2761 1223 2908 1283 difficile

1944 1267 2240 1327 preconizzargli
2255 1270 2303 1330 già
2333 1270 2397 1330 ora
2422 1272 2521 1332 fama
2551 1273 2757 1333 duratura,
2782 1273 2910 1333 poiché

1936 1315 2220 1375 rispecchiando
2255 1319 2279 1379 il
2304 1318 2362 1378 più
2397 1320 2495 1380 della
2526 1321 2589 1381 sua
2624 1321 2731 1381 opera
2771 1321 2809 1381 un
2844 1323 2907 1383 pe¬

1937 1362 2060 1422 riodo,
2085 1365 2296 1425 l’interesse
2336 1366 2405 1426 per
2445 1368 2582 1428 l'opera
2627 1368 2641 1428 è
2682 1369 2711 1429 in
2756 1371 2908 1431 ragione

1942 1413 2072 1473 diretta
2107 1416 2384 1476 dell'interesse
2410 1416 2475 1476 che
2501 1416 2566 1476 per
2591 1417 2616 1477 il
2637 1419 2787 1479 periodo
2823 1418 2903 1478 sarà

1937 1464 2100 1524 nutrito.
2125 1464 2258 1524 Anatol
2283 1464 2297 1524 è
2327 1465 2362 1525 la
2397 1467 2598 1527 commedia
2633 1467 2697 1527 del
2723 1468 2910 1528 gaudente

1936 1512 2084 1572 scapolo
2109 1513 2277 1573 viennese
2302 1515 2564 1575 (personaggio
2594 1518 2787 1578 stritolato
2812 1518 2906 1578 dalla

1937 1559 2025 1619 crisi
2044 1562 2281 1622 economica)
2295 1563 2361 1623 che
2384 1564 2444 1624 con
2477 1565 2608 1625 somma
2636 1565 2776 1625 facilità
2799 1566 2906 1626 trova

1937 1610 2051 1670 donne
2090 1610 2257 1670 disposte
2301 1613 2314 1673 a
2358 1613 2616 1673 contemplare
2655 1613 2688 1673 la
2727 1615 2803 1675 vita
2837 1616 2903 1676 con

1939 1659 2022 1719 pari
2057 1661 2278 1721 ottimismo,
2313 1662 2351 1722 un
2396 1664 2583 1724 gaudente
2627 1661 2695 1721 per
2730 1663 2759 1723 il
2794 1665 2902 1725 quale

1937 1709 1963 1769 la
2000 1709 2122 1769 vigilia
2154 1710 2217 1770 del
2244 1712 2481 1772 matrimonio
2514 1712 2529 1772 è
2562 1712 2688 1772 giorno
2726 1714 2762 1774 di
2790 1715 2884 1775 lutto

1934 1759 2106 1819 metterlo
2151 1760 2234 1820 oggi
2269 1762 2298 1822 in
2343 1762 2451 1822 scena
2497 1762 2659 1822 significa
2698 1763 2905 1823 affrontare

1938 1804 1947 1864 i
1973 1807 2088 1867 rischi
2114 1807 2179 1867 che
2210 1810 2375 1870 gravano
2411 1810 2501 1870 sulle
2532 1812 2733 1872 commedie
2769 1810 2808 1870 di
2829 1813 2909 1873 fat¬

1931 1856 2016 1916 tura
2059 1858 2123 1918 non
2166 1858 2315 1918 recente
2350 1859 2362 1919 e
2397 1859 2460 1919 non
2499 1861 2631 1921 ancora
2670 1861 2896 1921 abbastanza

1932 1906 2074 1966 antica.
2099 1909 2379 1969 Problematici
2409 1912 2516 1972 sono,
2541 1911 2640 1971 della
2675 1910 2905 1970 produzione

1940 1956 2098 2016 teatrale
2130 1957 2193 2017 del
2220 1959 2399 2019 defunto,
2421 1959 2547 2019 Reigen
2590 1959 2716 2019 (Ballo
2754 1959 2785 2019 in
2823 1959 2907 2019 cer¬

1934 2006 2038 2066 chio)
2081 2005 2096 2065 e
2139 2005 2175 2065 Il
2212 2010 2385 2070 profesoor
2428 2010 2638 2070 Bernbardi,
2670 2008 2801 2068 lavori
2833 2008 2900 2068 che

1938 2055 2053 2115 hanno
2089 2055 2270 2115 ambienti
2296 2058 2432 2118 affatto
2468 2058 2675 2118 differenti.

1979 2109 2127 2169 Reigen,
2147 2109 2262 2169 ch’era
2291 2111 2425 2171 pronto
2454 2111 2497 2171 da
2522 2112 2665 2172 tempo,
2680 2112 2795 2172 venne
2819 2112 2905 2172 rap¬

1937 2157 2150 2217 presentato
2188 2157 2224 2217 ai
2244 2159 2545 2219 Kammerspiele
2569 2160 2736 2220 viennesi
2755 2162 2899 2222 appena

1933 2207 1992 2267 nel
2023 2207 2129 2267 1920,
2155 2207 2230 2267 cioè
2271 2209 2285 2269 a
2331 2210 2406 2270 dire
2453 2210 2750 2270 nell’immediato
2786 2211 2906 2271 dopo¬

1932 2255 2095 2315 guerra:
2119 2255 2147 2315 in
2185 2258 2301 2318 verità
2335 2258 2367 2318 in
2400 2258 2652 2318 nessun'altra
2685 2261 2802 2321 epoca
2835 2261 2905 2321 una

1932 2306 2040 2366 simile
2077 2307 2437 2367 rappresentazione
2473 2306 2637 2366 avrebbe
2674 2309 2805 2369 potuto
2847 2308 2905 2368 es¬

1929 2354 2006 2414 sere
2035 2353 2218 2413 tollerata
2262 2356 2276 2416 e
2315 2356 2382 2416 del
2416 2356 2517 2416 resto
2561 2358 2676 2418 anche
2710 2356 2738 2416 in
2773 2359 2897 2419 quella

2010 2404 2204 2464 corrotta,
2235 2407 2248 2467 e
2292 2407 2583 2467 caratterizzata
2628 2407 2672 2467 da
2716 2407 2897 2467 tendenze

1927 2452 2086 2512 teatrali
2120 2456 2409 2516 rivoluzionarie
2452 2455 2553 2515 sotto
2587 2455 2765 2515 l’aspetto
2805 2456 2900 2516 etico

1930 2503 2025 2563 come
2059 2503 2154 2563 sotto
2183 2503 2212 2563 il
2231 2505 2379 2565 politico
2408 2503 2422 2563 —
2471 2506 2499 2566 le
2528 2506 2623 2566 dieci
2648 2505 2752 2565 scene
2786 2506 2901 2566 susci¬

1932 2550 2061 2610 tarono
2085 2553 2195 2613 aspre
2220 2553 2451 2613 vivacissime
2480 2553 2652 2613 critiche.
2677 2555 2907 2615 Schnitzler,

1932 2601 2080 2661 dicono,
2104 2601 2166 2661 non
2205 2602 2334 2662 voleva
2373 2604 2401 2664 la
2435 2604 2584 2664 recita:
2613 2602 2627 2662 e
2666 2604 2814 2664 allora?
2848 2605 2895 2665 Le

1932 2649 2025 2709 dieci
2050 2651 2153 2711 scene
2188 2652 2276 2712 sono
2311 2652 2349 2712 di
2370 2652 2433 2712 una
2468 2652 2541 2712 tale
2576 2652 2777 2712 brutalità,
2797 2654 2831 2714 di
2851 2654 2890 2714 un

1924 2700 2002 2760 tale
2026 2700 2203 2760 verismo,
2223 2700 2283 2760 nel
2302 2703 2531 2763 raffigurare
2555 2702 2690 2762 quanto
2718 2701 2746 2761 in
2775 2703 2895 2763 amore

1926 2747 1941 2807 è
1967 2747 2137 2807 ipocrisia
2173 2750 2188 2810 o
2220 2750 2394 2810 reazione
2421 2750 2652 2810 disgustosa,
2668 2751 2729 2811 che
2756 2753 2807 2813 gli
2823 2752 2900 2812 spi¬

1925 2798 1989 2858 riti
2009 2798 2072 2858 non
2102 2798 2308 2858 deformati
2328 2800 2426 2860 dallo
2456 2801 2676 2861 scetticismo
2711 2800 2765 2860 più
2800 2801 2893 2861 duro

1926 2846 2095 2906 debbono
2132 2847 2198 2907 per
2230 2849 2333 2909 forza
2359 2849 2576 2909 rigettarle.
2602 2849 2653 2909 Lo
2684 2849 2895 2909 Schnitzler

1926 2894 1965 2954 di
1991 2897 2203 2957 trent’anni
2228 2900 2425 2960 addietro,
2451 2900 2581 2960 autore
2617 2897 2657 2957 di
2683 2899 2829 2959 Reigen,
2854 2901 2894 2961 va

1929 2944 2043 3004 messo
2077 2944 2148 3004 alla
2182 2947 2277 3007 testa
2311 2948 2378 3008 del
2402 2948 2545 3008 gruppo
2574 2945 2899 3005 ebraico-scienti¬

1928 2995 1989 3055 sico
2031 2995 2093 3055 nel
2124 2995 2237 3055 quale
2279 2995 2310 3055 si
2347 2995 2579 3055 classificano
2631 2996 2848 3056 Weininger
2879 2995 2894 3055 e

1929 3043 2076 3103 Freud:
2096 3044 2135 3104 un
2165 3046 2224 3106 suo
2254 3046 2405 3106 critico,
2421 3046 2445 3106 il
2470 3046 2636 3106 Körner,
2661 3046 2897 3106 acutamente

1922 3094 2074 3154 osserva
2113 3094 2175 3154 che
2209 3095 2429 3155 nell’ultima
2463 3094 2606 3154 decade
2640 3094 2736 3154 dello
2770 3094 2893 3154 scorso

1923 3141 2044 3201 secolo
2077 3141 2109 3201 si
2133 3141 2273 3201 ebbero
2316 3144 2343 3204 in
2391 3144 2545 3204 Austria
2587 3142 2619 3202 la
2663 3144 2788 3204 poesia
2821 3140 2900 3200 ses¬

1925 3189 2020 3249 suale
2061 3190 2106 3250 di
2137 3192 2370 3252 Schnitzler,
2396 3192 2426 3252 la
2467 3192 2628 3252 filosofia
2665 3192 2831 3252 sessuale
2862 3190 2902 3250 di

1935 3240 2146 3300 Weininger
2178 3240 2193 3300 e
2226 3241 2257 3301 la
2294 3241 2453 3301 biologia
2490 3243 2653 3303 sessuale
2686 3240 2722 3300 di
2749 3240 2902 3300 Freud:

1920 3288 2058 3348 sempre
2093 3291 2107 3351 e
2138 3291 2176 3351 da
2207 3291 2270 3351 per
2295 3291 2419 3351 tutto,
2434 3291 2512 3351 egli
2528 3291 2725 3351 aggiunge,
2745 3291 2892 3351 l’ecces¬

1920 3335 1992 3395 sivo
2031 3336 2050 3396 o
2089 3338 2277 3398 esclusivo
2321 3338 2508 3398 interesse
2552 3338 2619 3398 per
2659 3338 2672 3398 i
2712 3338 2904 3398 problemi

1920 3386 2059 3446 erotici
2083 3386 2096 3446 e
2129 3387 2293 3447 sessuali
2312 3389 2325 3449 è
2354 3389 2451 3449 stato
2489 3389 2516 3449 la
2549 3386 2824 3446 caratteristica
2862 3389 2903 3449 di

1920 3437 2038 3497 tempi
2063 3437 2092 3497 in
2127 3437 2191 3497 cui
2211 3437 2245 3497 la
2285 3437 2432 3497 politica
2477 3437 2540 3497 era
2580 3437 2723 3497 morta.
2753 3437 2791 3497 Il
2821 3436 2899 3496 pro¬

1925 3485 2030 3545 fesoor
2073 3485 2283 3545 Bernbardi,
2312 3488 2465 3548 invece,
2503 3485 2632 3545 scritto
2685 3485 2747 3545 nel
2786 3488 2900 3548 1912,

1926 3532 1991 3592 alla
2027 3535 2143 3595 vigilia
2179 3535 2275 3595 della
2306 3535 2468 3595 guerra,
2484 3535 2559 3595 fece
2586 3535 2732 3595 rumore
2758 3535 2894 3595 perché

1920 3580 1947 3640 in
1979 3582 2061 3642 esso
2093 3583 2133 3643 un
2170 3583 2311 3643 medico
2353 3585 2484 3645 ebreo,
2503 3583 2780 3643 nell'interesse
2817 3584 2893 3644 del¬

1918 3631 2139 3691 l’ammalato
2170 3634 2296 3694 ignaro
2322 3634 2417 3694 della
2448 3634 2645 3694 probabile
2670 3634 2761 3694 sine,
2777 3634 2892 3694 impe¬

1924 3679 2016 3739 disce
2056 3682 2073 3742 a
2118 3683 2157 3743 un
2197 3684 2324 3744 prete,
2347 3682 2531 3742 chiamato
2576 3682 2620 3742 da
2655 3682 2721 3742 una
2766 3685 2897 3745 suora,

1918 3729 1959 3789 di
1974 3730 2183 3790 accostarsi
2202 3730 2267 3790 per
2291 3732 2482 3792 impartire
2510 3732 2697 3792 l’estrema
2725 3732 2897 3792 unzione.

1968 3779 2071 3839 Esito
2106 3780 2145 3840 un
2180 3780 2272 3840 poco
2307 3783 2322 3843 a
2352 3782 2573 3842 rispondere
2608 3780 2647 3840 al
2672 3780 2814 3840 quesito
2849 3783 2883 3843 se

1921 3828 1980 3888 nel
2008 3828 2190 3888 Professor
2223 3831 2428 3891 Bernbardi,
2445 3831 2455 3891 e
2488 3831 2514 3891 in
2547 3830 2633 3890 altri
2655 3830 2735 3890 suoi
2752 3831 2897 3891 lavori,

1923 3878 2128 3938 Schnitzler
2160 3877 2268 3937 abbia
2305 3879 2448 3939 sempre
2480 3879 2763 3939 benignamente
2795 3881 2892 3941 trat¬

1921 3926 1992 3986 tato
2029 3926 2059 3986 la
2097 3927 2209 3987 classe
2247 3929 2385 3989 media,
2412 3929 2509 3989 dalla
2541 3927 2654 3987 quale
2691 3929 2743 3989 lui
2769 3929 2887 3989 stesso

1925 3974 2078 4034 veniva:
2094 3977 2120 4037 il
2137 3977 2269 4037 dottor
2296 3977 2481 4037 Fridolin,
2498 3977 2592 4037 della
2625 3977 2900 4037 Traumnocelle,

1922 4025 2044 4085 marito
2079 4025 2192 4085 quasi
2217 4028 2344 4088 ottimo
2384 4028 2551 4088 travolto
2591 4027 2620 4087 in
2655 4025 2886 4085 fantastiche

1917 4076 2141 4136 avventure,
2175 4076 2291 4136 lascia
2339 4076 2507 4136 davvero
2559 4076 2774 4136 sospettare
2817 4076 2882 4136 che

1923 4123 2124 4183 Schnitzler
2156 4123 2261 4183 abbia
2299 4126 2426 4186 voluto
2463 4125 2664 4185 attribuire
2696 4124 2733 4184 ai
2755 4123 2892 4183 medici

1923 4174 1982 4234 una
2018 4174 2149 4234 doppia
2195 4177 2350 4237 natura,
2376 4177 2416 4237 di
2447 4177 2507 4237 cui
2533 4177 2563 4237 la
2598 4175 2709 4235 prima
2750 4174 2880 4234 basata
