3392 4320
118 238 182 298 12

1410 228 1535 288 box
1614 225 1848 285 43/26

318 237 883 297 Schuitzlers
952 234 1181 294 Death

2620 456 2978 516 VERa

2166 456 2506 516 OBSI

2250 515 2276 575 I.
2290 518 2412 578 österr.
2421 515 2575 575 behördl.
2589 512 2891 572 konzessionlertes

2212 558 2447 618 Unternehmen
2479 556 2523 616 für
2550 551 2941 611 Zeitungs-Ausschnitte

2270 614 2413 674 WIEN,
2441 616 2486 676 I.,
2513 613 2797 673 WOLLZEILE
2844 611 2889 671 11

1247 616 1336 676 NY
1379 617 1832 677 Herald-Tribune

234 640 504 700 OBS

617 644 948 704 ERVER

2363 664 2579 724 TELEPHON
2615 662 2791 722 R-23-0-43

321 694 347 754 I.
361 696 481 756 österr.
491 697 643 757 behördl.
657 700 957 760 konzessioniertes

272 739 510 799 Unternehmen
539 739 588 799 für
612 740 997 800 Zeitungs-Ausschnitte

329 795 474 855 WIEN,
501 798 547 858 I.,
574 798 860 858 WOLLZEILE
907 803 920 863 1

2166 810 2393 870 Ausschnitt
2421 810 2507 870 aus:

413 848 629 908 TELEPHON
668 850 845 910 R-23-0-43

1198 863 1401 923 Funeral
1428 864 1475 924 of
1503 864 1685 924 Pauper
1720 864 1861 924 Asked

1207 931 1247 991 In
1275 931 1445 991 Arthur
1467 930 1876 990 Schnitzler'sWill

220 989 441 1049 Ausschnitt
464 992 648 1052 aus:The
671 984 796 1044 Times
819 969 981 1029 London

1210 1016 1353 1076 Codicil
1372 1015 1407 1075 lo
1435 1016 1524 1076 Will
1552 1019 1686 1079 Directs
1714 1019 1856 1079 Oration

2172 1034 2241 1094 voi

2449 1056 2593 1116 Belfast
2622 1055 2733 1115 News
2789 1055 2917 1115 Letter

1266 1064 1332 1124 and
1369 1064 1537 1124 Wreatha
1569 1066 1614 1126 Be
1646 1066 1805 1126 Omitted

603 1121 673 1181 23
720 1103 849 1163 0KT.
874 1095 884 1155 1

1239 1109 1385 1169 VIENNA,
1415 1110 1485 1170 Oct.
1511 1112 1544 1172 22
1582 1112 1733 1172 (P).—Dr.
1763 1112 1875 1172 Arthur

1194 1151 1383 1211 Schnitzler,
1395 1154 1528 1214 Austrian
1556 1154 1614 1214 man
1642 1154 1669 1214 of
1689 1154 1787 1214 letters
1811 1154 1870 1214 who

2556 1175 2581 1235 2
2609 1177 2634 1237 3
2662 1184 2714 1244 t0

1194 1193 1261 1253 dled
1285 1195 1453 1255 yesterday,
1466 1195 1524 1255 will
1544 1195 1571 1255 bo
1595 1195 1674 1255 given
1702 1195 1713 1255 a
1737 1198 1870 1258 pauper'a

219 1213 332 1273 vom:

1197 1237 1322 1297 funeral
1352 1237 1376 1297 1f
1406 1237 1456 1297 his
1490 1239 1548 1299 own
1591 1238 1787 1298 instructions
1825 1238 1871 1298 aré

1191 1276 1333 1336 obeyed.

392 1310 768 1370 SCIINITZLIS
793 1288 920 1348 WIII

1229 1324 1245 1384 A
1275 1321 1384 1381 codiell
1401 1321 1434 1381 of
1456 1321 1501 1381 the
1527 1321 1661 1381 author's
1687 1322 1757 1382 will,
1775 1323 1862 1383 which

1196 1360 1251 1420 wan
1283 1361 1346 1421 rend
1378 1363 1512 1423 tonight,
1533 1363 1587 1423 not
1620 1365 1686 1425 only
1722 1363 1821 1423 orders
1853 1364 1864 1424 a

2394 1358 2620 1418 NOVELIST'S
2648 1364 2744 1424 LAST
2772 1369 2949 1429 REQUEST

358 1415 439 1475 FROM
473 1405 537 1465 OUN
565 1396 640 1456 OWY
669 1382 935 1442 CORRESTONDIN

1190 1393 1316 1453 funeral
1341 1393 1388 1453 “of
1416 1393 1467 1453 tho
1499 1394 1563 1454 very
1595 1396 1665 1456 last"
1698 1396 1729 1456 or
1757 1398 1872 1458 pauper

2727 1420 2849 1480 Vienna,
2875 1425 3046 1485 Thuraday.

661 1431 849 1491 VIENNA.
865 1420 951 1480 Oer.
967 1416 1002 1476 23

1193 1426 1285 1486 class,
1300 1427 1355 1487 but
1374 1426 1484 1486 forbids
1506 1428 1646 1488 wreaths,
1657 1428 1793 1488 obituary
1819 1428 1870 1488 an¬

2295 1440 2370 1500 "Let
2391 1447 2432 1507 me
2458 1449 2488 1509 be
2509 1452 2626 1512 stabbod
2652 1456 2779 1516 through
2806 1462 2851 1522 the
2877 1463 2959 1523 beurt
2980 1467 3071 1527 before

1189 1460 1408 1520 nouncements
1432 1461 1483 1521 and
1511 1461 1552 1521 all
1570 1461 1744 1521 accessorles
1765 1461 1792 1521 to
1816 1464 1864 1524 the

333 1508 380 1568 By
401 1504 411 1564 a
438 1498 553 1558 codieil
570 1491 595 1551 to
618 1485 664 1545 his
686 1479 759 1539 will,
776 1471 864 1531 dated
891 1463 986 1523 April
1002 1459 1054 1519 20.

2265 1476 2277 1536 I
2294 1478 2327 1538 am
2365 1481 2493 1541 burled,"
2523 1484 2544 1544 la
2565 1487 2610 1547 the
2632 1489 2690 1549 last
2707 1491 2827 1551 request
2845 1494 2877 1554 of
2895 1498 2948 1558 Dr.
2965 1501 3073 1561 Arthur

1190 1494 1308 1554 funoral
1324 1494 1428 1554 ritunl,
1439 1494 1506 1554 such
1532 1494 1558 1554 as
1577 1495 1587 1555 a
1606 1497 1696 1557 guurd
1718 1497 1748 1557 of
1763 1497 1874 1557 honor.

2262 1511 2444 1571 Schnitzler,
2464 1516 2512 1576 the
2538 1519 2675 1579 Austrian
2720 1525 2853 1585 novelist
2893 1534 2946 1594 and
2991 1538 3055 1598 play

296 1552 394 1612 10rz.
411 1542 472 1602 Dr.
489 1533 610 1593 Arthur
638 1518 831 1578 Selautzler,
848 1509 903 1569 the
926 1500 1058 1560 drun-

1217 1527 1273 1587 Dr.
1289 1527 1477 1587 Schnitzler,
1489 1527 1500 1587 a
1529 1527 1680 1587 phystelan
1708 1529 1804 1589 before
1832 1528 1864 1588 he

2261 1545 2379 1605 wright,
2400 1548 2555 1608 expressed
2584 1554 2608 1614 in
2638 1554 2686 1614 his
2711 1557 2789 1617 will.

1188 1558 1294 1618 turned
1337 1560 1512 1620 exclusively
1546 1560 1576 1620 to
1615 1563 1748 1623 writing,
1775 1563 1858 1623 asked

297 1595 347 1655 tat
374 1586 411 1646 an
463 1573 611 1633 novelst
637 1560 765 1620 whose
792 1550 888 1610 denth
921 1540 984 1600 wus
1004 1536 1054 1596 re-

2283 1575 2328 1635 Dr
2356 1578 2525 1638 Schnitzler
2544 1584 2603 1644 also
2626 1587 2777 1647 requested
2805 1590 2868 1650 that
2891 1593 2932 1653 bie
2951 1599 3069 1659 funeral

1190 1591 1260 1651 that
1288 1593 1339 1653 the
1367 1593 1473 1653 money
1501 1593 1584 1653 saved
1620 1593 1655 1653 by
1683 1595 1694 1655 a
1730 1596 1844 1656 pauper

302 1628 407 1688 ported
434 1621 454 1681 in
481 1614 544 1674 The
566 1604 671 1664 Timca
698 1593 893 1653 vesterday)
920 1578 1046 1638 ordered

2255 1607 2359 1667 should
2388 1610 2420 1670 be
2445 1612 2473 1672 of
2494 1614 2542 1674 the
2562 1616 2704 1676 simplest
2725 1623 2854 1683 posaible
2879 1628 2996 1688 nature,
3008 1630 3060 1690 and

1190 1625 1311 1685 funeral
1330 1625 1360 1685 be
1384 1625 1558 1685 distributed
1585 1628 1687 1688 among
1711 1628 1870 1688 hospitals.

302 1670 373 1730 that
400 1662 445 1722 his
472 1653 563 1713 heart
590 1646 625 1706 be
657 1637 774 1697 pierced
811 1626 913 1686 before
944 1617 1062 1677 burinl,

2247 1641 2310 1701 that
2343 1641 2378 1701 no
2406 1646 2568 1706 mourning
2600 1652 2707 1712 chould
2743 1652 2778 1712 be
2810 1657 2885 1717 worn
2917 1660 2961 1720 for
2993 1664 3068 1724 him,

1224 1658 1284 1718 The
1311 1658 1422 1718 codiell
1441 1660 1502 1720 also
1529 1661 1639 1721 forbids
1666 1663 1720 1723 any
1747 1663 1868 1723 funeral

308 1710 363 1770 and
398 1700 477 1760 that
500 1693 539 1753 no
568 1683 714 1743 wreuths
737 1674 777 1734 be
806 1666 912 1726 placed
947 1659 980 1719 on

2255 1673 2299 1733 te
2344 1675 2454 1735 money
2495 1682 2568 1742 thus
2609 1683 2694 1743 savod
2743 1689 2828 1749 boing
2874 1691 2991 1751 davoted
3036 1697 3060 1757 to

1188 1690 1336 1750 orations,
1352 1694 1404 1754 and
1432 1692 1565 1752 apecifles
1588 1694 1657 1754 that
1680 1697 1862 1757 “absolutely

2252 1709 2414 1769 hospitals.
2468 1712 2561 1772 Thero
2590 1715 2659 1775 were
2688 1718 2712 1778 to
2745 1718 2777 1778 be
2802 1720 2838 1780 no
2871 1726 3009 1786 wrenths,
3030 1731 3062 1791 no

308 1748 399 1808 grave
419 1740 455 1800 or
475 1731 597 1791 printed
630 1716 820 1776 notifieation
852 1705 882 1765 of
901 1700 951 1760 his
970 1695 1055 1755 deutl

1185 1724 1222 1784 no
1250 1724 1322 1784 one"
1353 1724 1371 1784 is
1406 1724 1432 1784 to
1471 1724 1543 1784 wear
1570 1728 1746 1788 mourning.
1781 1730 1807 1790 It
1842 1730 1864 1790 in

2251 1740 2423 1800 ceremony,
2444 1743 2478 1803 no
2510 1747 2620 1807 private
2648 1753 2765 1813 notices
2789 1754 2820 1814 of
2844 1756 2890 1816 his
2914 1760 2996 1820 death
3028 1765 3059 1825 by

320 1785 418 1845 ted
439 1778 469 1838 to
491 1771 609 1831 friends
625 1762 656 1822 or
672 1754 832 1814 pblished
859 1744 884 1804 in
906 1740 952 1800 the
973 1733 1081 1793 Press.

1189 1757 1273 1817 dutod
1303 1760 1383 1820 April
1400 1760 1448 1820 20,
1465 1761 1546 1821 1912,
1563 1760 1611 1820 and
1640 1760 1697 1820 also
1722 1763 1863 1823 instructs

2249 1769 2298 1829 the
2323 1774 2426 1834 family
2446 1778 2479 1838 or
2500 1781 2529 1841 by
2554 1784 2602 1844 the
2628 1787 2725 1847 Press,
2746 1791 2799 1851 and
2825 1793 2858 1853 no
2883 1795 3050 1855 speeches.—

1188 1790 1251 1850 that
1280 1791 1288 1851 a
1324 1790 1427 1850 needle
1459 1793 1491 1853 be
1519 1794 1626 1854 thrust
1655 1796 1782 1856 through
1818 1797 1862 1857 his

321 1826 359 1886 e
382 1821 443 1881 also
466 1810 578 1870 wished
606 1801 678 1861 that
696 1796 746 1856 his
763 1789 891 1849 funeral
909 1777 1015 1837 should
1044 1771 1076 1831 be

2252 1808 2384 1868 Router.

1190 1825 1273 1885 heart
1293 1825 1319 1885 to
1338 1825 1452 1885 romove
1471 1825 1524 1885 any
1544 1827 1638 1887 doubt
1654 1828 1684 1888 of
1700 1828 1745 1888 his
1764 1829 1866 1889 denth.

315 1864 348 1924 of
363 1861 411 1921 the
435 1852 555 1912 pujwr
575 1840 671 1900 clss,
681 1835 752 1895 that
772 1829 820 1889 the
844 1819 955 1879 money
979 1811 1065 1871 auved

2029 1842 2149 1902 Re

1224 1858 1277 1918 The
1300 1858 1472 1918 remainder
1492 1858 1522 1918 of
1546 1859 1595 1919 the
1622 1861 1691 1921 will,
1710 1861 1855 1921 disposing

315 1903 413 1963 shoul
464 1893 478 1953 b
533 1882 725 1942 distributed
766 1866 879 1926 nnong
914 1854 1086 1914 hospitals,

1189 1891 1218 1951 of
1239 1891 1284 1951 his
1306 1891 1460 1951 proporty,
1478 1894 1535 1954 will
1553 1894 1581 1954 be
1607 1894 1669 1954 read
1699 1896 1866 1956 tomorrow.
1879 1901 2062 1961 glonlertes

325 1943 380 2003 and
415 1936 488 1996 tht
512 1928 551 1988 no
580 1920 710 1980 funeral
733 1906 880 1966 ortions
903 1896 1011 1956 ahould
1045 1888 1056 1948 l

1189 1922 1245 1982 The
1272 1924 1339 1984 date
1365 1924 1401 1984 of
1428 1925 1479 1985 the
1501 1929 1625 1989 funeral
1652 1930 1703 1990 has
1729 1931 1786 1991 not
1808 1935 1859 1995 yet
1880 1944 2114 2004 „Ausschnitte

323 1981 417 2041 held.
457 1972 500 2032 No
536 1962 698 2022 accessory
729 1948 807 2008 rites
832 1943 866 2003 or
892 1931 1088 1991 ceremones

1196 1959 1263 2019 been
1283 1960 1423 2020 docidod.

333 2019 407 2079 were
428 2013 458 2073 to
479 2010 488 2070 b
534 2000 710 2060 performed
736 1990 816 2050 after
837 1985 881 2045 his
903 1978 1013 2038 death,
1029 1970 1078 2030 and

1870 2005 1967 2065 EILE
2016 2005 2036 2065 I

1447 2018 1557 2078 geau

330 2064 367 2124 no
391 2053 562 2113 mourning
586 2040 766 2100 observed.

1537 2063 1759 2123 TELEPIION
1791 2055 1965 2115 R.-23-0-43

1339 2211 1561 2271 Ausschnitt
1591 2208 1679 2268 aus:

1966 2226 2045 2286 Pras

389 2291 483 2351 Cork
538 2292 640 2352 Exam

1827 2380 1855 2440 9
1885 2372 1903 2432 2
1953 2361 2078 2421 OKT.
2099 2352 2194 2412 1931

1346 2437 1456 2497 vom:

468 2439 487 2499 2
530 2437 550 2497 3
582 2440 634 2500 00

1288 2568 1547 2628 Schnitzlers
1589 2563 1848 2623 Testament:
1881 2560 2010 2620 Feine
2052 2561 2238 2621 Trauer!

267 2609 400 2669 Request
424 2602 452 2662 In
481 2594 648 2654 Novellst's
668 2587 758 2647 WiII.

321 2643 375 2703 let
403 2639 448 2699 me
476 2636 507 2696 be
530 2631 652 2691 stabbed
699 2623 825 2683 through
858 2613 907 2673 the
949 2608 1034 2668 heart

1405 2627 1513 2687 Wien,
1551 2629 1610 2689 22.
1654 2626 1810 2686 Okiober.
1849 2626 1956 2686 (AN.)
2001 2625 2070 2685 Dr.
2114 2625 2238 2685 Arthur

271 2685 371 2745 before
397 2680 409 2740 1
431 2679 464 2739 am
506 2671 640 2731 burin,"
666 2664 690 2724 is
716 2661 762 2721 tbe
788 2654 846 2714 last
871 2648 989 2708 request
1010 2641 1039 2701 ot

1308 2682 1483 2742 Schnitzler
1515 2683 1571 2743 hat
1598 2681 1623 2741 in
1665 2679 1758 2739 seinem
1811 2679 1908 2739 letzten
1945 2678 2058 2738 Willen
2095 2676 2234 2736 folgende

278 2725 335 2785 Dr.
357 2719 468 2779 Arthur
493 2710 676 2770 Schnitzier,
697 2701 746 2761 tüs
776 2692 912 2752 Austrian
942 2683 1041 2743 novel¬

1314 2738 1542 2798 Verfügungen
1619 2734 1798 2794 getroffen:
1864 2735 2048 2795 „Herzstich,
2108 2731 2238 2791 keine

278 2766 322 2826 ist
345 2762 397 2822 and
420 2755 614 2815 Mlayuright,
638 2742 787 2802 expresad
810 2734 839 2794 in
870 2730 914 2790 his
938 2724 1012 2784 will.

1308 2796 1514 2856 [Kränze,
1556 2792 1639 2852 keine
1669 2792 1787 2852 Parte,
1829 2791 1899 2851 auch
1953 2790 1982 2850 in
2013 2790 2065 2850 der
2101 2787 2230 2847 Zeineng

2472 2832 2775 2892 RVER

1318 2848 1415 2908 nicht,
1455 2846 1643 2906 Bogräbnis
1670 2846 1766 2906 letzter
1800 2844 1923 2904 Klasse.
1962 2843 2040 2903 Das
2067 2842 2150 2902 durk
2184 2839 2235 2899 die
2255 2842 2274 2902 3

1312 2903 1492 2963 Befolgung
1528 2900 1624 2960 dieser
1655 2900 1916 2960 Bestimmungen
1957 2898 2118 2958 erübrigte
2154 2897 2234 2957 Geld
2250 2897 2305 2957 frr.
2316 2897 2466 2957 behördl.
2477 2890 2779 2950 konzessioniertes

1314 2957 1349 3017 ist
1368 2959 1627 3019 Spitalszweiken
1652 2954 1882 3014 zuzuwenden;
1907 2954 1985 3014 keine
2010 2953 2136 3013 Reden,
2155 2947 2337 3007 Ver=hmen
2368 2938 2415 2998 für
2434 2932 2821 2992 Zeitungs-Ausschnitte

1324 3013 1466 3073 meidung
1495 3014 1566 3074 aller
1596 3012 1731 3072 rituellen
1768 3009 1997 3069 Zeremonien,
2012 3011 2089 3071 keine
2119 3008 2240 3068 Trauer
2255 3002 2304 3062 N.
2334 3000 2384 3060 I.,
2406 2996 2692 3056 WOLLZEILE
2735 2991 2777 3051 11

2258 3050 2465 3110 TELEPHION
2505 3045 2679 3105 R-23-0-43

1735 3065 1882 3125 absolut
1909 3064 2010 3124 keine.

1323 3067 1393 3127 nach
1424 3067 1540 3127 meinem
1586 3068 1667 3128 Tode

2048 3202 2275 3262 Ausschnitt
2298 3196 2394 3256 aus:

2319 3261 2628 3321 oa
2682 3249 2711 3309 a

176 3298 563 3358 Pauper’s
610 3282 966 3342 Funeral
1013 3270 1355 3330 Orderea

328 3405 423 3465 By
473 3396 629 3456 Dr.
654 3388 1101 3448 Schnitzler
1151 3381 1210 3441 in
1284 3371 1476 3431 Wul

2062 3426 2173 3486 vom:

2398 3473 2416 3533 2
2446 3473 2464 3533 3
2524 3473 2660 3533 OKT.
2671 3473 2777 3533 1931

195 3498 389 3558 VIENNA,
423 3494 503 3554 Oct.
536 3490 574 3550 22
617 3485 849 3545 (AP».—Dr.,
855 3485 925 3545 ing,
942 3480 1039 3540 asked
1067 3477 1142 3537 that
1170 3475 1223 3535 the
1251 3470 1369 3530 moncy
1397 3466 1488 3526 saved

852 3521 882 3581 by
908 3521 921 3581 n
956 3516 1107 3576 pauper's
1134 3512 1273 3572 funeral
1295 3509 1329 3569 be
1360 3506 1494 3566 distrib¬

172 3551 300 3611 Arthur
328 3542 530 3602 Schnitzler,
558 3537 704 3597 Austrian
746 3533 814 3593 man

850 3557 923 3617 uted
952 3554 1066 3614 among
1095 3548 1273 3608 hospitals.

892 3593 958 3653 The
980 3590 1101 3650 codicil
1118 3589 1181 3649 also
1211 3584 1332 3644 forbids
1358 3579 1417 3639 any
1442 3577 1496 3637 fu¬

178 3598 214 3658 o:
253 3596 384 3656 letiers,
418 3591 483 3651 who
526 3587 596 3647 died
639 3581 832 3641 yesterday,

185 3645 248 3705 will
266 3644 300 3704 be
323 3642 409 3702 given
439 3641 449 3701 a
473 3636 628 3696 pauper's
646 3629 778 3689 funeral
796 3629 824 3689 li
854 3632 951 3692 neral
975 3628 1118 3688 orations
1148 3625 1210 3685 and
1240 3620 1389 3680 specifies
1419 3617 1493 3677 that

2146 3641 2222 3701 (Aus
2266 3644 2314 3704 dem
2367 3646 2540 3706 Testament
2579 3650 2636 3710 Sch

2830 3646 2905 3706 Aus

858 3667 1048 3727 "absolutely
1090 3664 1126 3724 no
1163 3660 1244 3720 one"
1285 3656 1309 3716 is
1346 3656 1374 3716 to
1416 3653 1496 3713 wear

2690 3658 2769 3718 i
2812 3684 2911 3744 ur

2069 3678 2194 3738 Wien,
2230 3677 2284 3737 22.
2310 3682 2459 3742 Oktober,
2490 3681 2644 3741 wirde

180 3695 232 3755 his
254 3692 313 3752 own
344 3688 555 3748 instructions
577 3682 633 3742 are
655 3676 792 3736 obeyed.

225 3733 237 3793 A
278 3728 396 3788 codicil
423 3724 458 3784 of
485 3722 537 3782 the
573 3716 718 3776 author's
753 3712 828 3772 will,
859 3708 1048 3768 mourning.
1088 3702 1118 3762 It
1145 3700 1171 3760 is
1203 3698 1295 3758 dated
1330 3694 1422 3754 April
1449 3691 1502 3751 29.

2065 3718 2285 3778 Schnitzler
2313 3720 2363 3780 hat
2387 3720 2409 3780 in
2442 3720 2533 3780 seinem
2580 3723 2750 3783 Testament
2773 3721 2906 3781 folgende

858 3745 949 3805 1012,
975 3745 1035 3805 and
1075 3741 1139 3801 also
1179 3734 1338 3794 instructs
1374 3729 1447 3789 that
1482 3728 1494 3788 a

2063 3754 2277 3814 Verfügungen
2310 3758 2479 3818 getroffen:
2502 3760 2657 3820 Herzstich,
2681 3763 2758 3823 keine
2786 3763 2913 3823 Kränze,

190 3768 285 3828 which
317 3765 380 3825 was
408 3762 476 3822 read
509 3757 653 3817 tonight,
672 3754 731 3814 not
754 3750 826 3810 only

856 3784 969 3844 needle
1020 3781 1053 3841 be
1100 3777 1213 3837 thrust
1260 3769 1398 3829 through
1453 3765 1503 3825 his

2062 3790 2143 3850 keine
2171 3793 2280 3853 Parte,
2304 3794 2367 3854 auch
2400 3794 2427 3854 in
2468 3797 2518 3857 der
2546 3799 2673 3859 Zeitung
2715 3800 2828 3860 nichts,
2852 3800 2915 3860 Be¬

184 3807 296 3867 orders
317 3805 325 3865 a
347 3801 484 3861 funeral
497 3797 551 3857 “of
572 3796 622 3856 the
648 3792 714 3852 very
739 3789 814 3849 last.

188 3849 222 3909 or
247 3844 374 3904 pauper
399 3837 501 3897 class,
521 3833 580 3893 but
605 3829 673 3889 also
703 3826 829 3886 forbids
859 3820 957 3880 heart
982 3820 1011 3880 to
1036 3817 1158 3877 remove
1183 3815 1246 3875 any
1271 3808 1373 3868 doubt
1393 3807 1427 3867 of
1447 3805 1501 3865 his

2062 3829 2192 3889 grabnis
2212 3831 2304 3891 letzter
2328 3832 2439 3892 Klasse.
2468 3835 2538 3895 Das
2562 3836 2640 3896 durch
2669 3837 2710 3897 die
2734 3838 2901 3898 Befolgung

196 3882 347 3942 wresths,
370 3876 516 3936 obituary
545 3868 832 3928 announcements
860 3859 978 3919 death.

2064 3867 2152 3927 dieser
2187 3869 2429 3929 Bestimmungen
2469 3873 2622 3933 erübrigte
2652 3872 2730 3932 Geld
2765 3873 2799 3933 ist
2834 3873 2912 3933 2pi¬

908 3894 971 3954 The
999 3891 1181 3951 remalnder
1200 3885 1237 3945 of
1256 3882 1310 3942 the
1339 3878 1420 3938 will,
1430 3875 1502 3935 dis-

2064 3905 2222 3965 talzwecken
2255 3909 2466 3969 zuzuwenden.
2508 3910 2601 3970 Keine
2630 3912 2746 3972 Reden,
2770 3912 2910 3972 Vermei¬

191 3922 247 3982 and
277 3920 324 3980 all
342 3913 540 3973 accessories
566 3908 592 3968 to
622 3905 674 3965 the
700 3903 816 3963 funera

863 3931 973 3991 posing
995 3931 1028 3991 of
1045 3932 1094 3992 his
1112 3926 1283 3986 property,
1295 3920 1361 3980 will
1372 3917 1405 3977 be
1428 3915 1493 3975 read

2063 3942 2141 4002 dung
2176 3942 2243 4002 aller
2272 3947 2408 4007 rituellen
2443 3948 2658 4008 Zeremonien,
2681 3950 2760 4010 keine
2789 3955 2924 4015 Tranzz¬

191 3960 311 4020 ritual,
325 3954 395 4014 such
423 3951 453 4011 as
476 3951 484 4011 a
512 3947 609 4007 guard
636 3942 667 4002 of
685 3939 805 3999 honor.

234 3996 292 4056 Dr.
311 3991 513 4051 Schnitzler,
532 3985 545 4045 a
577 3980 743 4040 physictan
775 3970 1055 4030 be-tomorrow.
1069 3966 1131 4026 The
1155 3963 1226 4023 date
1249 3960 1280 4020 of
1299 3960 1352 4020 the
1371 3957 1506 4017 funeral

2470 3986 2581 4046 absolut
2598 3987 2693 4047 teine!

202 4038 261 4098 fre
284 4037 322 4097 he
345 4031 455 4091 turned
483 4023 671 4083 exclusively
699 4017 726 4077 to
749 4014 836 4074 writ-
865 4013 931 4073 has
948 4010 1008 4070 not
1025 4008 1074 4068 yet
1097 4005 1169 4065 been
1197 3999 1345 4059 decided.
