<?xml version="1.0" encoding="UTF-8" standalone="yes"?>
<PcGts xmlns="http://schema.primaresearch.org/PAGE/gts/pagecontent/2013-07-15" xmlns:xsi="http://www.w3.org/2001/XMLSchema-instance" xsi:schemaLocation="http://schema.primaresearch.org/PAGE/gts/pagecontent/2013-07-15 http://schema.primaresearch.org/PAGE/gts/pagecontent/2013-07-15/pagecontent.xsd">
    <Metadata>
        <Creator>prov=READ-COOP:name=PyLaia@TranskribusPlatform:version=2.12.1:model_id=39995:lm=none:date=09_04_2024_22:51</Creator>
        <Created>2019-10-07T20:39:33.122+02:00</Created>
        <LastChange>2024-04-09T22:51:22.299+02:00</LastChange>
        <TranskribusMetadata docId="224459" pageId="9582867" pageNr="508" tsid="157630687" status="IN_PROGRESS" userId="64420" imgUrl="https://files.transkribus.eu/Get?id=MBUVVHQRDJGTWGZONRWZAHSW&amp;fileType=view" xmlUrl="https://files.transkribus.eu/Get?id=PSUQKDQDYTIQFUMZRYUFRGFX" imageId="6209259"/>
    </Metadata>
    <Page imageFilename="224459_0508.jpeg" imageWidth="3344" imageHeight="4384">
        <ReadingOrder>
            <OrderedGroup id="ro_1712938188973" caption="Regions reading order">
                <RegionRefIndexed index="0" regionRef="tr_1"/>
                <RegionRefIndexed index="1" regionRef="tr_2"/>
            </OrderedGroup>
        </ReadingOrder>
        <TextRegion orientation="0.0" id="tr_1" custom="readingOrder {index:0;}">
            <Coords points="185,181 185,4250 931,4250 931,181"/>
            <TextLine id="tr_1_tl_1" custom="readingOrder {index:0;}">
                <Coords points="341,229 617,227 684,207 885,225 884,167 864,163 685,165 655,191 542,162 340,170"/>
                <Baseline points="346,206 373,204 400,204 427,205 454,206 481,206 508,206 535,207 562,208 589,209 616,209 643,209 670,209 697,209 724,209 751,209 778,209 805,209 832,209 859,212 886,212"/>
                <Word id="tr_1_tl_1_w1" custom="readingOrder {index:0;}">
                    <Coords points="575,169 575,229 633,229 633,169"/>
                    <TextEquiv>
                        <Unicode>el</Unicode>
                    </TextEquiv>
                </Word>
                <TextEquiv>
                    <Unicode>el</Unicode>
                </TextEquiv>
            </TextLine>
            <TextLine id="tr_1_tl_2" custom="readingOrder {index:1;}">
                <Coords points="266,287 685,282 718,303 892,305 917,297 917,254 608,245 564,224 382,249 265,220"/>
                <Baseline points="271,277 303,275 335,274 368,274 400,277 433,277 465,278 497,280 530,280 562,280 595,280 627,280 659,280 692,280 724,280 757,283 789,285 821,286 854,286 886,284 919,283"/>
                <Word id="tr_1_tl_2_w1" custom="readingOrder {index:0;}">
                    <Coords points="264,234 264,294 381,294 381,234"/>
                    <TextEquiv>
                        <Unicode>r'orste</Unicode>
                    </TextEquiv>
                </Word>
                <Word id="tr_1_tl_2_w2" custom="readingOrder {index:1;}">
                    <Coords points="405,237 405,297 521,297 521,237"/>
                    <TextEquiv>
                        <Unicode>Cang.</Unicode>
                    </TextEquiv>
                </Word>
                <Word id="tr_1_tl_2_w3" custom="readingOrder {index:2;}">
                    <Coords points="536,240 536,300 672,300 672,240"/>
                    <TextEquiv>
                        <Unicode>hedder</Unicode>
                    </TextEquiv>
                </Word>
                <Word id="tr_1_tl_2_w4" custom="readingOrder {index:3;}">
                    <Coords points="696,240 696,300 766,300 766,240"/>
                    <TextEquiv>
                        <Unicode>det,</Unicode>
                    </TextEquiv>
                </Word>
                <Word id="tr_1_tl_2_w5" custom="readingOrder {index:4;}">
                    <Coords points="785,245 785,305 832,305 832,245"/>
                    <TextEquiv>
                        <Unicode>jeg</Unicode>
                    </TextEquiv>
                </Word>
                <Word id="tr_1_tl_2_w6" custom="readingOrder {index:5;}">
                    <Coords points="861,243 861,303 921,303 921,243"/>
                    <TextEquiv>
                        <Unicode>tal-</Unicode>
                    </TextEquiv>
                </Word>
                <TextEquiv>
                    <Unicode>r'orste Cang. hedder det, jeg tal-</Unicode>
                </TextEquiv>
            </TextLine>
            <TextLine id="tr_1_tl_3" custom="readingOrder {index:2;}">
                <Coords points="221,338 844,346 920,340 920,301 317,299 220,277"/>
                <Baseline points="226,328 260,326 295,325 330,325 365,325 400,328 434,328 469,328 504,328 539,328 574,328 608,330 643,331 678,331 713,334 748,332 782,332 817,334 852,334 887,334 922,334"/>
                <Word id="tr_1_tl_3_w1" custom="readingOrder {index:0;}">
                    <Coords points="218,287 218,347 240,347 240,287"/>
                    <TextEquiv>
                        <Unicode>te</Unicode>
                    </TextEquiv>
                </Word>
                <Word id="tr_1_tl_3_w2" custom="readingOrder {index:1;}">
                    <Coords points="272,285 272,345 347,345 347,285"/>
                    <TextEquiv>
                        <Unicode>med</Unicode>
                    </TextEquiv>
                </Word>
                <Word id="tr_1_tl_3_w3" custom="readingOrder {index:2;}">
                    <Coords points="383,288 383,348 511,348 511,288"/>
                    <TextEquiv>
                        <Unicode>Arthur</Unicode>
                    </TextEquiv>
                </Word>
                <Word id="tr_1_tl_3_w4" custom="readingOrder {index:3;}">
                    <Coords points="538,291 538,351 751,351 751,291"/>
                    <TextEquiv>
                        <Unicode>Schnitzler,</Unicode>
                    </TextEquiv>
                </Word>
                <Word id="tr_1_tl_3_w5" custom="readingOrder {index:4;}">
                    <Coords points="774,293 774,353 831,353 831,293"/>
                    <TextEquiv>
                        <Unicode>var</Unicode>
                    </TextEquiv>
                </Word>
                <Word id="tr_1_tl_3_w6" custom="readingOrder {index:5;}">
                    <Coords points="858,294 858,354 920,354 920,294"/>
                    <TextEquiv>
                        <Unicode>un-</Unicode>
                    </TextEquiv>
                </Word>
                <TextEquiv>
                    <Unicode>te med Arthur Schnitzler, var un-</Unicode>
                </TextEquiv>
            </TextLine>
            <TextLine id="tr_1_tl_4" custom="readingOrder {index:3;}">
                <Coords points="224,384 868,402 923,398 922,345 223,338"/>
                <Baseline points="229,376 263,374 298,375 333,376 368,376 403,379 437,379 472,379 507,379 542,379 577,379 611,379 646,380 681,382 716,382 751,382 785,382 820,383 855,385 890,385 925,388"/>
                <Word id="tr_1_tl_4_w1" custom="readingOrder {index:0;}">
                    <Coords points="217,334 217,394 278,394 278,334"/>
                    <TextEquiv>
                        <Unicode>der</Unicode>
                    </TextEquiv>
                </Word>
                <Word id="tr_1_tl_4_w2" custom="readingOrder {index:1;}">
                    <Coords points="297,336 297,396 447,396 447,336"/>
                    <TextEquiv>
                        <Unicode>Krigeni</Unicode>
                    </TextEquiv>
                </Word>
                <Word id="tr_1_tl_4_w3" custom="readingOrder {index:2;}">
                    <Coords points="466,339 466,399 504,399 504,339"/>
                    <TextEquiv>
                        <Unicode>en</Unicode>
                    </TextEquiv>
                </Word>
                <Word id="tr_1_tl_4_w4" custom="readingOrder {index:3;}">
                    <Coords points="528,339 528,399 710,399 710,339"/>
                    <TextEquiv>
                        <Unicode>overfyldt</Unicode>
                    </TextEquiv>
                </Word>
                <Word id="tr_1_tl_4_w5" custom="readingOrder {index:4;}">
                    <Coords points="725,343 725,403 927,403 927,343"/>
                    <TextEquiv>
                        <Unicode>Sporvogn.</Unicode>
                    </TextEquiv>
                </Word>
                <TextEquiv>
                    <Unicode>der Krigeni en overfyldt Sporvogn.</Unicode>
                </TextEquiv>
            </TextLine>
            <TextLine id="tr_1_tl_5" custom="readingOrder {index:4;}">
                <Coords points="227,431 911,451 925,399 226,386"/>
                <Baseline points="232,421 266,426 301,427 336,427 371,427 406,427 440,429 475,430 510,430 545,430 580,432 614,433 649,433 684,433 719,433 754,433 788,433 823,433 858,433 893,435 928,438"/>
                <Word id="tr_1_tl_5_w1" custom="readingOrder {index:0;}">
                    <Coords points="225,382 225,442 262,442 262,382"/>
                    <TextEquiv>
                        <Unicode>Vi</Unicode>
                    </TextEquiv>
                </Word>
                <Word id="tr_1_tl_5_w2" custom="readingOrder {index:1;}">
                    <Coords points="281,387 281,447 352,447 352,387"/>
                    <TextEquiv>
                        <Unicode>steg</Unicode>
                    </TextEquiv>
                </Word>
                <Word id="tr_1_tl_5_w3" custom="readingOrder {index:2;}">
                    <Coords points="386,387 386,447 418,447 418,387"/>
                    <TextEquiv>
                        <Unicode>ud</Unicode>
                    </TextEquiv>
                </Word>
                <Word id="tr_1_tl_5_w4" custom="readingOrder {index:3;}">
                    <Coords points="452,390 452,450 641,450 641,390"/>
                    <TextEquiv>
                        <Unicode>samtidig,</Unicode>
                    </TextEquiv>
                </Word>
                <Word id="tr_1_tl_5_w5" custom="readingOrder {index:4;}">
                    <Coords points="656,393 656,453 698,453 698,393"/>
                    <TextEquiv>
                        <Unicode>da</Unicode>
                    </TextEquiv>
                </Word>
                <Word id="tr_1_tl_5_w6" custom="readingOrder {index:5;}">
                    <Coords points="727,393 727,453 792,453 792,393"/>
                    <TextEquiv>
                        <Unicode>min</Unicode>
                    </TextEquiv>
                </Word>
                <Word id="tr_1_tl_5_w7" custom="readingOrder {index:6;}">
                    <Coords points="822,393 822,453 915,453 915,393"/>
                    <TextEquiv>
                        <Unicode>Bolig</Unicode>
                    </TextEquiv>
                </Word>
                <TextEquiv>
                    <Unicode>Vi steg ud samtidig, da min Bolig</Unicode>
                </TextEquiv>
            </TextLine>
            <TextLine id="tr_1_tl_6" custom="readingOrder {index:5;}">
                <Coords points="224,482 363,504 404,478 923,490 922,446 886,441 223,434"/>
                <Baseline points="229,477 263,475 298,476 333,476 368,474 403,477 437,477 472,477 507,477 542,477 577,479 611,480 646,480 681,480 716,480 751,480 785,480 820,480 855,480 890,480 925,483"/>
                <Word id="tr_1_tl_6_w1" custom="readingOrder {index:0;}">
                    <Coords points="222,435 222,495 275,495 275,435"/>
                    <TextEquiv>
                        <Unicode>var</Unicode>
                    </TextEquiv>
                </Word>
                <Word id="tr_1_tl_6_w2" custom="readingOrder {index:1;}">
                    <Coords points="299,436 299,496 313,496 313,436"/>
                    <TextEquiv>
                        <Unicode>i</Unicode>
                    </TextEquiv>
                </Word>
                <Word id="tr_1_tl_6_w3" custom="readingOrder {index:2;}">
                    <Coords points="338,437 338,497 530,497 530,437"/>
                    <TextEquiv>
                        <Unicode>Nwrheden</Unicode>
                    </TextEquiv>
                </Word>
                <Word id="tr_1_tl_6_w4" custom="readingOrder {index:3;}">
                    <Coords points="565,439 565,499 598,499 598,439"/>
                    <TextEquiv>
                        <Unicode>af</Unicode>
                    </TextEquiv>
                </Word>
                <Word id="tr_1_tl_6_w5" custom="readingOrder {index:4;}">
                    <Coords points="623,440 623,500 709,500 709,440"/>
                    <TextEquiv>
                        <Unicode>hans</Unicode>
                    </TextEquiv>
                </Word>
                <Word id="tr_1_tl_6_w6" custom="readingOrder {index:5;}">
                    <Coords points="739,440 739,500 849,500 849,440"/>
                    <TextEquiv>
                        <Unicode>Villa.</Unicode>
                    </TextEquiv>
                </Word>
                <Word id="tr_1_tl_6_w7" custom="readingOrder {index:6;}">
                    <Coords points="879,440 879,500 922,500 922,440"/>
                    <TextEquiv>
                        <Unicode>Vi</Unicode>
                    </TextEquiv>
                </Word>
                <TextEquiv>
                    <Unicode>var i Nwrheden af hans Villa. Vi</Unicode>
                </TextEquiv>
            </TextLine>
            <TextLine id="tr_1_tl_7" custom="readingOrder {index:6;}">
                <Coords points="224,533 701,534 743,554 923,537 922,493 877,484 364,504 223,482"/>
                <Baseline points="229,528 263,526 298,525 333,525 368,525 403,525 437,527 472,528 507,528 542,528 577,528 611,528 646,529 681,531 716,531 751,531 785,531 820,531 855,531 890,531 925,531"/>
                <Word id="tr_1_tl_7_w1" custom="readingOrder {index:0;}">
                    <Coords points="222,485 222,545 343,545 343,485"/>
                    <TextEquiv>
                        <Unicode>fulgtes</Unicode>
                    </TextEquiv>
                </Word>
                <Word id="tr_1_tl_7_w2" custom="readingOrder {index:1;}">
                    <Coords points="368,485 368,545 400,545 400,485"/>
                    <TextEquiv>
                        <Unicode>ad</Unicode>
                    </TextEquiv>
                </Word>
                <Word id="tr_1_tl_7_w3" custom="readingOrder {index:2;}">
                    <Coords points="429,488 429,548 527,548 527,488"/>
                    <TextEquiv>
                        <Unicode>nogle</Unicode>
                    </TextEquiv>
                </Word>
                <Word id="tr_1_tl_7_w4" custom="readingOrder {index:3;}">
                    <Coords points="551,488 551,548 687,548 687,488"/>
                    <TextEquiv>
                        <Unicode>Skridt,</Unicode>
                    </TextEquiv>
                </Word>
                <Word id="tr_1_tl_7_w5" custom="readingOrder {index:4;}">
                    <Coords points="702,491 702,551 734,551 734,491"/>
                    <TextEquiv>
                        <Unicode>og</Unicode>
                    </TextEquiv>
                </Word>
                <Word id="tr_1_tl_7_w6" custom="readingOrder {index:5;}">
                    <Coords points="763,491 763,551 913,551 913,491"/>
                    <TextEquiv>
                        <Unicode>allerede</Unicode>
                    </TextEquiv>
                </Word>
                <TextEquiv>
                    <Unicode>fulgtes ad nogle Skridt, og allerede</Unicode>
                </TextEquiv>
            </TextLine>
            <TextLine id="tr_1_tl_8" custom="readingOrder {index:7;}">
                <Coords points="224,592 923,602 923,545 621,557 574,534 363,531 296,553 223,530"/>
                <Baseline points="229,576 263,576 298,576 333,576 368,576 403,576 437,578 472,579 507,579 542,579 577,579 611,579 646,579 681,579 716,579 751,581 785,582 820,581 855,579 890,581 925,585"/>
                <Word id="tr_1_tl_8_w1" custom="readingOrder {index:0;}">
                    <Coords points="217,536 217,596 253,596 253,536"/>
                    <TextEquiv>
                        <Unicode>da</Unicode>
                    </TextEquiv>
                </Word>
                <Word id="tr_1_tl_8_w2" custom="readingOrder {index:1;}">
                    <Coords points="276,536 276,596 380,596 380,536"/>
                    <TextEquiv>
                        <Unicode>sagde</Unicode>
                    </TextEquiv>
                </Word>
                <Word id="tr_1_tl_8_w3" custom="readingOrder {index:2;}">
                    <Coords points="408,538 408,598 467,598 467,538"/>
                    <TextEquiv>
                        <Unicode>han</Unicode>
                    </TextEquiv>
                </Word>
                <Word id="tr_1_tl_8_w4" custom="readingOrder {index:3;}">
                    <Coords points="495,539 495,599 530,599 530,539"/>
                    <TextEquiv>
                        <Unicode>et</Unicode>
                    </TextEquiv>
                </Word>
                <Word id="tr_1_tl_8_w5" custom="readingOrder {index:4;}">
                    <Coords points="549,539 549,599 613,599 613,539"/>
                    <TextEquiv>
                        <Unicode>Par</Unicode>
                    </TextEquiv>
                </Word>
                <Word id="tr_1_tl_8_w6" custom="readingOrder {index:5;}">
                    <Coords points="632,539 632,599 827,599 827,539"/>
                    <TextEquiv>
                        <Unicode>oplysende</Unicode>
                    </TextEquiv>
                </Word>
                <Word id="tr_1_tl_8_w7" custom="readingOrder {index:6;}">
                    <Coords points="850,540 850,600 909,600 909,540"/>
                    <TextEquiv>
                        <Unicode>Ord</Unicode>
                    </TextEquiv>
                </Word>
                <TextEquiv>
                    <Unicode>da sagde han et Par oplysende Ord</Unicode>
                </TextEquiv>
            </TextLine>
            <TextLine id="tr_1_tl_9" custom="readingOrder {index:8;}">
                <Coords points="227,639 299,627 354,645 386,636 476,640 476,595 437,586 397,598 281,583 255,596 227,595"/>
                <Baseline points="232,627 259,625 286,625 313,626 340,627 368,627 395,627 422,627 449,627 477,630"/>
                <Word id="tr_1_tl_9_w1" custom="readingOrder {index:0;}">
                    <Coords points="221,586 221,646 252,646 252,586"/>
                    <TextEquiv>
                        <Unicode>om</Unicode>
                    </TextEquiv>
                </Word>
                <Word id="tr_1_tl_9_w2" custom="readingOrder {index:1;}">
                    <Coords points="298,586 298,646 348,646 348,586"/>
                    <TextEquiv>
                        <Unicode>sig</Unicode>
                    </TextEquiv>
                </Word>
                <Word id="tr_1_tl_9_w3" custom="readingOrder {index:2;}">
                    <Coords points="380,587 380,647 475,647 475,587"/>
                    <TextEquiv>
                        <Unicode>selv.</Unicode>
                    </TextEquiv>
                </Word>
                <TextEquiv>
                    <Unicode>om sig selv.</Unicode>
                </TextEquiv>
            </TextLine>
            <TextLine id="tr_1_tl_10" custom="readingOrder {index:9;}">
                <Coords points="266,679 910,699 925,644 265,637"/>
                <Baseline points="271,674 303,672 336,672 369,674 402,674 435,674 468,675 500,677 533,677 566,679 599,679 632,677 665,679 698,680 730,680 763,680 796,682 829,683 862,684 895,686 928,689"/>
                <Word id="tr_1_tl_10_w1" custom="readingOrder {index:0;}">
                    <Coords points="264,632 264,692 406,692 406,632"/>
                    <TextEquiv>
                        <Unicode>Digler?</Unicode>
                    </TextEquiv>
                </Word>
                <Word id="tr_1_tl_10_w2" custom="readingOrder {index:1;}">
                    <Coords points="452,636 452,696 516,696 516,636"/>
                    <TextEquiv>
                        <Unicode>Jeg</Unicode>
                    </TextEquiv>
                </Word>
                <Word id="tr_1_tl_10_w3" custom="readingOrder {index:2;}">
                    <Coords points="571,639 571,699 608,699 608,639"/>
                    <TextEquiv>
                        <Unicode>er</Unicode>
                    </TextEquiv>
                </Word>
                <Word id="tr_1_tl_10_w4" custom="readingOrder {index:3;}">
                    <Coords points="632,638 632,698 686,698 686,638"/>
                    <TextEquiv>
                        <Unicode>for</Unicode>
                    </TextEquiv>
                </Word>
                <Word id="tr_1_tl_10_w5" custom="readingOrder {index:4;}">
                    <Coords points="714,640 714,700 774,700 774,640"/>
                    <TextEquiv>
                        <Unicode>del</Unicode>
                    </TextEquiv>
                </Word>
                <Word id="tr_1_tl_10_w6" custom="readingOrder {index:5;}">
                    <Coords points="797,643 797,703 925,703 925,643"/>
                    <TextEquiv>
                        <Unicode>forste.</Unicode>
                    </TextEquiv>
                </Word>
                <TextEquiv>
                    <Unicode>Digler? Jeg er for del forste.</Unicode>
                </TextEquiv>
            </TextLine>
            <TextLine id="tr_1_tl_11" custom="readingOrder {index:10;}">
                <Coords points="218,728 921,746 920,696 883,691 779,710 436,678 353,706 274,678 218,694"/>
                <Baseline points="223,725 259,723 296,722 333,723 370,725 406,725 443,725 480,725 517,727 554,728 590,728 627,728 664,731 701,731 738,731 774,732 811,734 848,734 885,734 922,734"/>
                <Word id="tr_1_tl_11_w1" custom="readingOrder {index:0;}">
                    <Coords points="212,682 212,742 316,742 316,682"/>
                    <TextEquiv>
                        <Unicode>andet</Unicode>
                    </TextEquiv>
                </Word>
                <Word id="tr_1_tl_11_w2" custom="readingOrder {index:1;}">
                    <Coords points="345,684 345,744 383,744 383,684"/>
                    <TextEquiv>
                        <Unicode>og</Unicode>
                    </TextEquiv>
                </Word>
                <Word id="tr_1_tl_11_w3" custom="readingOrder {index:2;}">
                    <Coords points="421,685 421,745 535,745 535,685"/>
                    <TextEquiv>
                        <Unicode>tredie</Unicode>
                    </TextEquiv>
                </Word>
                <Word id="tr_1_tl_11_w4" custom="readingOrder {index:3;}">
                    <Coords points="574,688 574,748 692,748 692,688"/>
                    <TextEquiv>
                        <Unicode>Lage.</Unicode>
                    </TextEquiv>
                </Word>
                <Word id="tr_1_tl_11_w5" custom="readingOrder {index:4;}">
                    <Coords points="731,691 731,751 791,751 791,691"/>
                    <TextEquiv>
                        <Unicode>Jeg</Unicode>
                    </TextEquiv>
                </Word>
                <Word id="tr_1_tl_11_w6" custom="readingOrder {index:5;}">
                    <Coords points="826,694 826,754 920,754 920,694"/>
                    <TextEquiv>
                        <Unicode>foler</Unicode>
                    </TextEquiv>
                </Word>
                <TextEquiv>
                    <Unicode>andet og tredie Lage. Jeg foler</Unicode>
                </TextEquiv>
            </TextLine>
            <TextLine id="tr_1_tl_12" custom="readingOrder {index:11;}">
                <Coords points="221,788 917,797 923,746 805,762 716,736 566,760 220,728"/>
                <Baseline points="226,770 262,772 299,773 336,774 373,776 409,776 446,779 483,777 520,776 557,776 593,777 630,779 667,779 704,781 741,782 777,783 814,785 851,782 888,784 925,788"/>
                <Word id="tr_1_tl_12_w1" custom="readingOrder {index:0;}">
                    <Coords points="218,731 218,791 280,791 280,731"/>
                    <TextEquiv>
                        <Unicode>mig</Unicode>
                    </TextEquiv>
                </Word>
                <Word id="tr_1_tl_12_w2" custom="readingOrder {index:1;}">
                    <Coords points="316,735 316,795 417,795 417,735"/>
                    <TextEquiv>
                        <Unicode>langt</Unicode>
                    </TextEquiv>
                </Word>
                <Word id="tr_1_tl_12_w3" custom="readingOrder {index:2;}">
                    <Coords points="449,736 449,796 541,796 541,736"/>
                    <TextEquiv>
                        <Unicode>mere</Unicode>
                    </TextEquiv>
                </Word>
                <Word id="tr_1_tl_12_w4" custom="readingOrder {index:3;}">
                    <Coords points="577,737 577,797 634,797 634,737"/>
                    <TextEquiv>
                        <Unicode>som</Unicode>
                    </TextEquiv>
                </Word>
                <Word id="tr_1_tl_12_w5" custom="readingOrder {index:4;}">
                    <Coords points="688,741 688,801 790,801 790,741"/>
                    <TextEquiv>
                        <Unicode>Lwge</Unicode>
                    </TextEquiv>
                </Word>
                <Word id="tr_1_tl_12_w6" custom="readingOrder {index:5;}">
                    <Coords points="848,743 848,803 909,803 909,743"/>
                    <TextEquiv>
                        <Unicode>end</Unicode>
                    </TextEquiv>
                </Word>
                <TextEquiv>
                    <Unicode>mig langt mere som Lwge end</Unicode>
                </TextEquiv>
            </TextLine>
            <TextLine id="tr_1_tl_13" custom="readingOrder {index:12;}">
                <Coords points="224,834 690,831 806,860 850,832 911,847 911,806 223,794"/>
                <Baseline points="229,824 263,824 297,824 331,824 365,824 400,824 434,824 468,824 502,824 536,827 571,827 605,828 639,830 673,830 707,830 742,831 776,833 810,833 844,831 878,831 913,833"/>
                <Word id="tr_1_tl_13_w1" custom="readingOrder {index:0;}">
                    <Coords points="222,784 222,844 271,844 271,784"/>
                    <TextEquiv>
                        <Unicode>som</Unicode>
                    </TextEquiv>
                </Word>
                <Word id="tr_1_tl_13_w2" custom="readingOrder {index:1;}">
                    <Coords points="322,784 322,844 518,844 518,784"/>
                    <TextEquiv>
                        <Unicode>Forfatter.</Unicode>
                    </TextEquiv>
                </Word>
                <Word id="tr_1_tl_13_w3" custom="readingOrder {index:2;}">
                    <Coords points="550,787 550,847 646,847 646,787"/>
                    <TextEquiv>
                        <Unicode>Mine</Unicode>
                    </TextEquiv>
                </Word>
                <Word id="tr_1_tl_13_w4" custom="readingOrder {index:3;}">
                    <Coords points="678,791 678,851 829,851 829,791"/>
                    <TextEquiv>
                        <Unicode>Varker</Unicode>
                    </TextEquiv>
                </Word>
                <Word id="tr_1_tl_13_w5" custom="readingOrder {index:4;}">
                    <Coords points="875,791 875,851 892,851 892,791"/>
                    <TextEquiv>
                        <Unicode>e</Unicode>
                    </TextEquiv>
                </Word>
                <TextEquiv>
                    <Unicode>som Forfatter. Mine Varker e</Unicode>
                </TextEquiv>
            </TextLine>
            <TextLine id="tr_1_tl_14" custom="readingOrder {index:13;}">
                <Coords points="215,884 373,895 435,878 554,899 649,885 705,903 726,896 726,856 214,829"/>
                <Baseline points="220,872 245,872 270,872 296,872 321,872 347,872 372,873 397,875 423,875 448,875 474,875 499,875 524,875 550,876 575,877 601,877 626,877 651,877 677,878 702,879 728,880"/>
                <Word id="tr_1_tl_14_w1" custom="readingOrder {index:0;}">
                    <Coords points="213,832 213,892 471,892 471,832"/>
                    <TextEquiv>
                        <Unicode>udelukkende</Unicode>
                    </TextEquiv>
                </Word>
                <Word id="tr_1_tl_14_w2" custom="readingOrder {index:1;}">
                    <Coords points="512,837 512,897 730,897 730,837"/>
                    <TextEquiv>
                        <Unicode>Diagnoser.</Unicode>
                    </TextEquiv>
                </Word>
                <TextEquiv>
                    <Unicode>udelukkende Diagnoser.</Unicode>
                </TextEquiv>
            </TextLine>
            <TextLine id="tr_1_tl_15" custom="readingOrder {index:14;}">
                <Coords points="257,929 909,957 930,951 929,901 256,884"/>
                <Baseline points="262,922 295,922 328,922 362,923 395,925 429,925 462,925 496,925 529,925 563,927 596,928 629,928 663,928 696,930 730,931 763,931 797,931 830,933 864,934 897,935 931,937"/>
                <Word id="tr_1_tl_15_w1" custom="readingOrder {index:0;}">
                    <Coords points="259,882 259,942 351,942 351,882"/>
                    <TextEquiv>
                        <Unicode>Efter</Unicode>
                    </TextEquiv>
                </Word>
                <Word id="tr_1_tl_15_w2" custom="readingOrder {index:1;}">
                    <Coords points="410,885 410,945 534,945 534,885"/>
                    <TextEquiv>
                        <Unicode>mange</Unicode>
                    </TextEquiv>
                </Word>
                <Word id="tr_1_tl_15_w3" custom="readingOrder {index:2;}">
                    <Coords points="570,888 570,948 658,948 658,888"/>
                    <TextEquiv>
                        <Unicode>Aars</Unicode>
                    </TextEquiv>
                </Word>
                <Word id="tr_1_tl_15_w4" custom="readingOrder {index:3;}">
                    <Coords points="713,892 713,952 921,952 921,892"/>
                    <TextEquiv>
                        <Unicode>Samkvem.</Unicode>
                    </TextEquiv>
                </Word>
                <TextEquiv>
                    <Unicode>Efter mange Aars Samkvem.</Unicode>
                </TextEquiv>
            </TextLine>
            <TextLine id="tr_1_tl_16" custom="readingOrder {index:15;}">
                <Coords points="224,980 843,985 865,1005 920,1000 920,956 223,922"/>
                <Baseline points="229,973 263,971 298,972 332,973 367,973 402,976 436,976 471,976 506,976 540,976 575,976 610,977 644,978 679,976 714,978 748,981 783,982 818,982 852,985 887,987 922,988"/>
                <Word id="tr_1_tl_16_w1" custom="readingOrder {index:0;}">
                    <Coords points="217,932 217,992 273,992 273,932"/>
                    <TextEquiv>
                        <Unicode>der</Unicode>
                    </TextEquiv>
                </Word>
                <Word id="tr_1_tl_16_w2" custom="readingOrder {index:1;}">
                    <Coords points="302,932 302,992 353,992 353,932"/>
                    <TextEquiv>
                        <Unicode>for</Unicode>
                    </TextEquiv>
                </Word>
                <Word id="tr_1_tl_16_w3" custom="readingOrder {index:2;}">
                    <Coords points="381,936 381,996 446,996 446,936"/>
                    <TextEquiv>
                        <Unicode>mig</Unicode>
                    </TextEquiv>
                </Word>
                <Word id="tr_1_tl_16_w4" custom="readingOrder {index:3;}">
                    <Coords points="480,936 480,996 577,996 577,936"/>
                    <TextEquiv>
                        <Unicode>betod</Unicode>
                    </TextEquiv>
                </Word>
                <Word id="tr_1_tl_16_w5" custom="readingOrder {index:4;}">
                    <Coords points="611,936 611,996 751,996 751,936"/>
                    <TextEquiv>
                        <Unicode>Lykke,</Unicode>
                    </TextEquiv>
                </Word>
                <Word id="tr_1_tl_16_w6" custom="readingOrder {index:5;}">
                    <Coords points="770,942 770,1002 826,1002 826,942"/>
                    <TextEquiv>
                        <Unicode>saa</Unicode>
                    </TextEquiv>
                </Word>
                <Word id="tr_1_tl_16_w7" custom="readingOrder {index:6;}">
                    <Coords points="859,946 859,1006 910,1006 910,946"/>
                    <TextEquiv>
                        <Unicode>jeg</Unicode>
                    </TextEquiv>
                </Word>
                <TextEquiv>
                    <Unicode>der for mig betod Lykke, saa jeg</Unicode>
                </TextEquiv>
            </TextLine>
            <TextLine id="tr_1_tl_17" custom="readingOrder {index:16;}">
                <Coords points="215,1027 926,1044 925,1000 890,995 214,980"/>
                <Baseline points="220,1021 255,1023 290,1024 326,1024 361,1024 397,1024 432,1024 467,1026 503,1027 538,1027 574,1027 609,1027 644,1027 680,1028 715,1030 751,1030 786,1032 821,1033 857,1033 892,1033 928,1039"/>
                <Word id="tr_1_tl_17_w1" custom="readingOrder {index:0;}">
                    <Coords points="213,982 213,1042 273,1042 273,982"/>
                    <TextEquiv>
                        <Unicode>ham</Unicode>
                    </TextEquiv>
                </Word>
                <Word id="tr_1_tl_17_w2" custom="readingOrder {index:1;}">
                    <Coords points="316,984 316,1044 423,1044 423,984"/>
                    <TextEquiv>
                        <Unicode>sidste</Unicode>
                    </TextEquiv>
                </Word>
                <Word id="tr_1_tl_17_w3" custom="readingOrder {index:2;}">
                    <Coords points="452,986 452,1046 545,1046 545,986"/>
                    <TextEquiv>
                        <Unicode>Gang</Unicode>
                    </TextEquiv>
                </Word>
                <Word id="tr_1_tl_17_w4" custom="readingOrder {index:3;}">
                    <Coords points="574,987 574,1047 620,1047 620,987"/>
                    <TextEquiv>
                        <Unicode>tre</Unicode>
                    </TextEquiv>
                </Word>
                <Word id="tr_1_tl_17_w5" custom="readingOrder {index:4;}">
                    <Coords points="649,988 649,1048 742,1048 742,988"/>
                    <TextEquiv>
                        <Unicode>Dage</Unicode>
                    </TextEquiv>
                </Word>
                <Word id="tr_1_tl_17_w6" custom="readingOrder {index:5;}">
                    <Coords points="771,992 771,1052 822,1052 822,992"/>
                    <TextEquiv>
                        <Unicode>for</Unicode>
                    </TextEquiv>
                </Word>
                <Word id="tr_1_tl_17_w7" custom="readingOrder {index:6;}">
                    <Coords points="846,993 846,1053 906,1053 906,993"/>
                    <TextEquiv>
                        <Unicode>han</Unicode>
                    </TextEquiv>
                </Word>
                <TextEquiv>
                    <Unicode>ham sidste Gang tre Dage for han</Unicode>
                </TextEquiv>
            </TextLine>
            <TextLine id="tr_1_tl_18" custom="readingOrder {index:17;}">
                <Coords points="218,1078 883,1100 917,1089 917,1043 444,1054 217,1028"/>
                <Baseline points="223,1072 257,1072 292,1072 327,1073 362,1075 397,1075 431,1075 466,1075 501,1075 536,1075 571,1077 605,1078 640,1078 675,1078 710,1081 745,1081 779,1081 814,1082 849,1084 884,1084 919,1084"/>
                <Word id="tr_1_tl_18_w1" custom="readingOrder {index:0;}">
                    <Coords points="211,1032 211,1092 318,1092 318,1032"/>
                    <TextEquiv>
                        <Unicode>dode.</Unicode>
                    </TextEquiv>
                </Word>
                <Word id="tr_1_tl_18_w2" custom="readingOrder {index:1;}">
                    <Coords points="342,1035 342,1095 413,1095 413,1035"/>
                    <TextEquiv>
                        <Unicode>Han</Unicode>
                    </TextEquiv>
                </Word>
                <Word id="tr_1_tl_18_w3" custom="readingOrder {index:2;}">
                    <Coords points="441,1035 441,1095 498,1095 498,1035"/>
                    <TextEquiv>
                        <Unicode>saa</Unicode>
                    </TextEquiv>
                </Word>
                <Word id="tr_1_tl_18_w4" custom="readingOrder {index:3;}">
                    <Coords points="522,1037 522,1097 653,1097 653,1037"/>
                    <TextEquiv>
                        <Unicode>daarlig</Unicode>
                    </TextEquiv>
                </Word>
                <Word id="tr_1_tl_18_w5" custom="readingOrder {index:4;}">
                    <Coords points="682,1041 682,1101 742,1101 742,1041"/>
                    <TextEquiv>
                        <Unicode>ud.</Unicode>
                    </TextEquiv>
                </Word>
                <Word id="tr_1_tl_18_w6" custom="readingOrder {index:5;}">
                    <Coords points="757,1041 757,1101 818,1101 818,1041"/>
                    <TextEquiv>
                        <Unicode>det</Unicode>
                    </TextEquiv>
                </Word>
                <Word id="tr_1_tl_18_w7" custom="readingOrder {index:6;}">
                    <Coords points="837,1044 837,1104 921,1104 921,1044"/>
                    <TextEquiv>
                        <Unicode>hav-</Unicode>
                    </TextEquiv>
                </Word>
                <TextEquiv>
                    <Unicode>dode. Han saa daarlig ud. det hav-</Unicode>
                </TextEquiv>
            </TextLine>
            <TextLine id="tr_1_tl_19" custom="readingOrder {index:18;}">
                <Coords points="216,1134 926,1143 915,1097 215,1082"/>
                <Baseline points="220,1122 255,1122 290,1122 326,1122 361,1122 397,1125 432,1125 467,1123 503,1123 538,1125 574,1125 609,1127 644,1128 680,1128 715,1128 751,1128 786,1130 821,1131 857,1131 892,1131 928,1137"/>
                <Word id="tr_1_tl_19_w1" custom="readingOrder {index:0;}">
                    <Coords points="214,1082 214,1142 251,1142 251,1082"/>
                    <TextEquiv>
                        <Unicode>de</Unicode>
                    </TextEquiv>
                </Word>
                <Word id="tr_1_tl_19_w2" custom="readingOrder {index:1;}">
                    <Coords points="284,1082 284,1142 345,1142 345,1082"/>
                    <TextEquiv>
                        <Unicode>han</Unicode>
                    </TextEquiv>
                </Word>
                <Word id="tr_1_tl_19_w3" custom="readingOrder {index:2;}">
                    <Coords points="379,1085 379,1145 473,1145 473,1085"/>
                    <TextEquiv>
                        <Unicode>gjort</Unicode>
                    </TextEquiv>
                </Word>
                <Word id="tr_1_tl_19_w4" custom="readingOrder {index:3;}">
                    <Coords points="497,1084 497,1144 562,1144 562,1084"/>
                    <TextEquiv>
                        <Unicode>den</Unicode>
                    </TextEquiv>
                </Word>
                <Word id="tr_1_tl_19_w5" custom="readingOrder {index:4;}">
                    <Coords points="591,1088 591,1148 704,1148 704,1088"/>
                    <TextEquiv>
                        <Unicode>sidste</Unicode>
                    </TextEquiv>
                </Word>
                <Word id="tr_1_tl_19_w6" custom="readingOrder {index:5;}">
                    <Coords points="737,1089 737,1149 817,1149 817,1089"/>
                    <TextEquiv>
                        <Unicode>Tid:</Unicode>
                    </TextEquiv>
                </Word>
                <Word id="tr_1_tl_19_w7" custom="readingOrder {index:6;}">
                    <Coords points="841,1091 841,1151 911,1151 911,1091"/>
                    <TextEquiv>
                        <Unicode>men</Unicode>
                    </TextEquiv>
                </Word>
                <TextEquiv>
                    <Unicode>de han gjort den sidste Tid: men</Unicode>
                </TextEquiv>
            </TextLine>
            <TextLine id="tr_1_tl_20" custom="readingOrder {index:19;}">
                <Coords points="215,1182 926,1201 925,1156 815,1139 697,1157 214,1134"/>
                <Baseline points="220,1173 255,1171 290,1170 326,1171 361,1173 397,1173 432,1173 467,1173 503,1174 538,1176 574,1173 609,1175 644,1177 680,1179 715,1179 751,1179 786,1181 821,1182 857,1183 892,1188 928,1191"/>
                <Word id="tr_1_tl_20_w1" custom="readingOrder {index:0;}">
                    <Coords points="213,1132 213,1192 243,1192 243,1132"/>
                    <TextEquiv>
                        <Unicode>nu</Unicode>
                    </TextEquiv>
                </Word>
                <Word id="tr_1_tl_20_w2" custom="readingOrder {index:1;}">
                    <Coords points="285,1130 285,1190 347,1190 347,1130"/>
                    <TextEquiv>
                        <Unicode>var</Unicode>
                    </TextEquiv>
                </Word>
                <Word id="tr_1_tl_20_w3" custom="readingOrder {index:2;}">
                    <Coords points="379,1133 379,1193 442,1193 442,1133"/>
                    <TextEquiv>
                        <Unicode>han</Unicode>
                    </TextEquiv>
                </Word>
                <Word id="tr_1_tl_20_w4" custom="readingOrder {index:3;}">
                    <Coords points="483,1135 483,1195 573,1195 573,1135"/>
                    <TextEquiv>
                        <Unicode>uden</Unicode>
                    </TextEquiv>
                </Word>
                <Word id="tr_1_tl_20_w5" custom="readingOrder {index:4;}">
                    <Coords points="615,1137 615,1197 677,1197 677,1137"/>
                    <TextEquiv>
                        <Unicode>den</Unicode>
                    </TextEquiv>
                </Word>
                <Word id="tr_1_tl_20_w6" custom="readingOrder {index:5;}">
                    <Coords points="723,1140 723,1200 817,1200 817,1140"/>
                    <TextEquiv>
                        <Unicode>Aand</Unicode>
                    </TextEquiv>
                </Word>
                <Word id="tr_1_tl_20_w7" custom="readingOrder {index:6;}">
                    <Coords points="881,1148 881,1208 916,1208 916,1148"/>
                    <TextEquiv>
                        <Unicode>og</Unicode>
                    </TextEquiv>
                </Word>
                <TextEquiv>
                    <Unicode>nu var han uden den Aand og</Unicode>
                </TextEquiv>
            </TextLine>
            <TextLine id="tr_1_tl_21" custom="readingOrder {index:20;}">
                <Coords points="221,1229 906,1250 904,1197 871,1187 849,1207 220,1178"/>
                <Baseline points="226,1224 260,1222 294,1221 328,1221 362,1221 396,1223 430,1224 464,1224 498,1224 532,1224 566,1226 600,1228 634,1230 668,1227 702,1229 736,1230 770,1230 804,1233 838,1233 872,1235 907,1242"/>
                <Word id="tr_1_tl_21_w1" custom="readingOrder {index:0;}">
                    <Coords points="219,1181 219,1241 438,1241 438,1181"/>
                    <TextEquiv>
                        <Unicode>Lidenskab,</Unicode>
                    </TextEquiv>
                </Word>
                <Word id="tr_1_tl_21_w2" custom="readingOrder {index:1;}">
                    <Coords points="462,1184 462,1244 523,1244 523,1184"/>
                    <TextEquiv>
                        <Unicode>der</Unicode>
                    </TextEquiv>
                </Word>
                <Word id="tr_1_tl_21_w3" custom="readingOrder {index:2;}">
                    <Coords points="557,1188 557,1248 662,1248 662,1188"/>
                    <TextEquiv>
                        <Unicode>ellers</Unicode>
                    </TextEquiv>
                </Word>
                <Word id="tr_1_tl_21_w4" custom="readingOrder {index:3;}">
                    <Coords points="696,1190 696,1250 810,1250 810,1190"/>
                    <TextEquiv>
                        <Unicode>livede</Unicode>
                    </TextEquiv>
                </Word>
                <Word id="tr_1_tl_21_w5" custom="readingOrder {index:4;}">
                    <Coords points="844,1194 844,1254 881,1254 881,1194"/>
                    <TextEquiv>
                        <Unicode>op</Unicode>
                    </TextEquiv>
                </Word>
                <TextEquiv>
                    <Unicode>Lidenskab, der ellers livede op</Unicode>
                </TextEquiv>
            </TextLine>
            <TextLine id="tr_1_tl_22" custom="readingOrder {index:21;}">
                <Coords points="218,1288 284,1282 341,1297 493,1281 604,1299 632,1287 632,1245 590,1233 506,1238 476,1257 394,1232 295,1246 218,1229"/>
                <Baseline points="223,1275 248,1273 274,1272 299,1274 325,1275 351,1275 376,1275 402,1275 428,1275 453,1275 479,1275 504,1275 530,1275 556,1276 581,1278 607,1280 633,1281"/>
                <Word id="tr_1_tl_22_w1" custom="readingOrder {index:0;}">
                    <Coords points="217,1232 217,1292 297,1292 297,1232"/>
                    <TextEquiv>
                        <Unicode>hans</Unicode>
                    </TextEquiv>
                </Word>
                <Word id="tr_1_tl_22_w2" custom="readingOrder {index:1;}">
                    <Coords points="331,1235 331,1295 454,1295 454,1235"/>
                    <TextEquiv>
                        <Unicode>gustne</Unicode>
                    </TextEquiv>
                </Word>
                <Word id="tr_1_tl_22_w3" custom="readingOrder {index:2;}">
                    <Coords points="488,1236 488,1296 636,1296 636,1236"/>
                    <TextEquiv>
                        <Unicode>Ansigt.</Unicode>
                    </TextEquiv>
                </Word>
                <TextEquiv>
                    <Unicode>hans gustne Ansigt.</Unicode>
                </TextEquiv>
            </TextLine>
            <TextLine id="tr_1_tl_23" custom="readingOrder {index:22;}">
                <Coords points="251,1338 920,1334 919,1308 873,1288 844,1305 777,1282 709,1301 250,1286"/>
                <Baseline points="256,1325 289,1323 322,1322 355,1322 389,1322 422,1322 455,1322 489,1323 522,1325 555,1325 589,1326 622,1328 655,1328 688,1328 722,1328 755,1328 788,1328 822,1330 855,1331 888,1331 922,1328"/>
                <Word id="tr_1_tl_23_w1" custom="readingOrder {index:0;}">
                    <Coords points="249,1283 249,1343 319,1343 319,1283"/>
                    <TextEquiv>
                        <Unicode>an</Unicode>
                    </TextEquiv>
                </Word>
                <Word id="tr_1_tl_23_w2" custom="readingOrder {index:1;}">
                    <Coords points="358,1282 358,1342 442,1342 442,1282"/>
                    <TextEquiv>
                        <Unicode>talte</Unicode>
                    </TextEquiv>
                </Word>
                <Word id="tr_1_tl_23_w3" custom="readingOrder {index:2;}">
                    <Coords points="476,1284 476,1344 551,1344 551,1284"/>
                    <TextEquiv>
                        <Unicode>med</Unicode>
                    </TextEquiv>
                </Word>
                <Word id="tr_1_tl_23_w4" custom="readingOrder {index:3;}">
                    <Coords points="589,1287 589,1347 654,1347 654,1287"/>
                    <TextEquiv>
                        <Unicode>mig</Unicode>
                    </TextEquiv>
                </Word>
                <Word id="tr_1_tl_23_w5" custom="readingOrder {index:4;}">
                    <Coords points="693,1288 693,1348 730,1348 730,1288"/>
                    <TextEquiv>
                        <Unicode>om</Unicode>
                    </TextEquiv>
                </Word>
                <Word id="tr_1_tl_23_w6" custom="readingOrder {index:5;}">
                    <Coords points="778,1288 778,1348 829,1348 829,1288"/>
                    <TextEquiv>
                        <Unicode>sin</Unicode>
                    </TextEquiv>
                </Word>
                <Word id="tr_1_tl_23_w7" custom="readingOrder {index:6;}">
                    <Coords points="863,1290 863,1350 914,1350 914,1290"/>
                    <TextEquiv>
                        <Unicode>le¬</Unicode>
                    </TextEquiv>
                </Word>
                <TextEquiv>
                    <Unicode>an talte med mig om sin le¬</Unicode>
                </TextEquiv>
            </TextLine>
            <TextLine id="tr_1_tl_24" custom="readingOrder {index:23;}">
                <Coords points="213,1390 901,1399 923,1343 212,1325"/>
                <Baseline points="218,1376 253,1374 288,1373 324,1373 359,1373 394,1373 430,1373 465,1373 500,1374 536,1376 571,1376 606,1378 642,1379 677,1379 712,1379 748,1379 783,1379 818,1379 854,1379 889,1379 925,1382"/>
                <Word id="tr_1_tl_24_w1" custom="readingOrder {index:0;}">
                    <Coords points="206,1333 206,1393 356,1393 356,1333"/>
                    <TextEquiv>
                        <Unicode>gemlige</Unicode>
                    </TextEquiv>
                </Word>
                <Word id="tr_1_tl_24_w2" custom="readingOrder {index:1;}">
                    <Coords points="386,1333 386,1393 561,1393 561,1333"/>
                    <TextEquiv>
                        <Unicode>Tilstand,</Unicode>
                    </TextEquiv>
                </Word>
                <Word id="tr_1_tl_24_w3" custom="readingOrder {index:2;}">
                    <Coords points="582,1337 582,1397 616,1397 616,1337"/>
                    <TextEquiv>
                        <Unicode>og</Unicode>
                    </TextEquiv>
                </Word>
                <Word id="tr_1_tl_24_w4" custom="readingOrder {index:3;}">
                    <Coords points="642,1339 642,1399 706,1399 706,1339"/>
                    <TextEquiv>
                        <Unicode>han</Unicode>
                    </TextEquiv>
                </Word>
                <Word id="tr_1_tl_24_w5" custom="readingOrder {index:4;}">
                    <Coords points="737,1339 737,1399 916,1399 916,1339"/>
                    <TextEquiv>
                        <Unicode>bekendte</Unicode>
                    </TextEquiv>
                </Word>
                <TextEquiv>
                    <Unicode>gemlige Tilstand, og han bekendte</Unicode>
                </TextEquiv>
            </TextLine>
            <TextLine id="tr_1_tl_25" custom="readingOrder {index:24;}">
                <Coords points="210,1429 920,1449 919,1397 880,1387 777,1385 713,1415 392,1377 210,1391"/>
                <Baseline points="215,1424 250,1424 285,1424 321,1423 356,1421 391,1424 427,1424 462,1424 497,1424 533,1424 568,1427 603,1427 639,1427 674,1428 709,1430 745,1430 780,1430 815,1430 851,1431 886,1433 922,1436"/>
                <Word id="tr_1_tl_25_w1" custom="readingOrder {index:0;}">
                    <Coords points="204,1384 204,1444 250,1444 250,1384"/>
                    <TextEquiv>
                        <Unicode>sig</Unicode>
                    </TextEquiv>
                </Word>
                <Word id="tr_1_tl_25_w2" custom="readingOrder {index:1;}">
                    <Coords points="287,1382 287,1442 467,1442 467,1382"/>
                    <TextEquiv>
                        <Unicode>smilende</Unicode>
                    </TextEquiv>
                </Word>
                <Word id="tr_1_tl_25_w3" custom="readingOrder {index:2;}">
                    <Coords points="500,1384 500,1444 564,1444 564,1384"/>
                    <TextEquiv>
                        <Unicode>som</Unicode>
                    </TextEquiv>
                </Word>
                <Word id="tr_1_tl_25_w4" custom="readingOrder {index:3;}">
                    <Coords points="633,1387 633,1447 674,1447 674,1387"/>
                    <TextEquiv>
                        <Unicode>en</Unicode>
                    </TextEquiv>
                </Word>
                <Word id="tr_1_tl_25_w5" custom="readingOrder {index:4;}">
                    <Coords points="735,1390 735,1450 910,1450 910,1390"/>
                    <TextEquiv>
                        <Unicode>ulyksalig</Unicode>
                    </TextEquiv>
                </Word>
                <TextEquiv>
                    <Unicode>sig smilende som en ulyksalig</Unicode>
                </TextEquiv>
            </TextLine>
            <TextLine id="tr_1_tl_26" custom="readingOrder {index:25;}">
                <Coords points="211,1487 920,1490 919,1449 868,1441 605,1457 210,1431"/>
                <Baseline points="215,1469 250,1471 285,1472 321,1472 356,1472 391,1475 427,1475 462,1475 497,1476 533,1478 568,1478 603,1478 639,1478 674,1478 709,1478 745,1478 780,1480 815,1481 851,1481 886,1481 922,1484"/>
                <Word id="tr_1_tl_26_w1" custom="readingOrder {index:0;}">
                    <Coords points="209,1432 209,1492 378,1492 378,1432"/>
                    <TextEquiv>
                        <Unicode>Blanding</Unicode>
                    </TextEquiv>
                </Word>
                <Word id="tr_1_tl_26_w2" custom="readingOrder {index:1;}">
                    <Coords points="409,1435 409,1495 449,1495 449,1435"/>
                    <TextEquiv>
                        <Unicode>af</Unicode>
                    </TextEquiv>
                </Word>
                <Word id="tr_1_tl_26_w3" custom="readingOrder {index:2;}">
                    <Coords points="474,1437 474,1497 574,1497 574,1437"/>
                    <TextEquiv>
                        <Unicode>Læge</Unicode>
                    </TextEquiv>
                </Word>
                <Word id="tr_1_tl_26_w4" custom="readingOrder {index:3;}">
                    <Coords points="604,1438 604,1498 639,1498 639,1438"/>
                    <TextEquiv>
                        <Unicode>og</Unicode>
                    </TextEquiv>
                </Word>
                <Word id="tr_1_tl_26_w5" custom="readingOrder {index:4;}">
                    <Coords points="674,1440 674,1500 918,1500 918,1440"/>
                    <TextEquiv>
                        <Unicode>Hypokonder</Unicode>
                    </TextEquiv>
                </Word>
                <TextEquiv>
                    <Unicode>Blanding af Læge og Hypokonder</Unicode>
                </TextEquiv>
            </TextLine>
            <TextLine id="tr_1_tl_27" custom="readingOrder {index:26;}">
                <Coords points="211,1529 899,1551 916,1504 470,1475 386,1499 210,1487"/>
                <Baseline points="215,1523 250,1523 285,1523 320,1523 355,1523 391,1523 426,1523 461,1525 496,1525 531,1523 567,1526 602,1528 637,1529 672,1529 707,1529 743,1529 778,1529 813,1530 848,1532 883,1532 919,1534"/>
                <Word id="tr_1_tl_27_w1" custom="readingOrder {index:0;}">
                    <Coords points="209,1483 209,1543 243,1543 243,1483"/>
                    <TextEquiv>
                        <Unicode>og</Unicode>
                    </TextEquiv>
                </Word>
                <Word id="tr_1_tl_27_w2" custom="readingOrder {index:1;}">
                    <Coords points="279,1483 279,1543 421,1543 421,1483"/>
                    <TextEquiv>
                        <Unicode>stillede</Unicode>
                    </TextEquiv>
                </Word>
                <Word id="tr_1_tl_27_w3" custom="readingOrder {index:2;}">
                    <Coords points="452,1485 452,1545 530,1545 530,1485"/>
                    <TextEquiv>
                        <Unicode>selv</Unicode>
                    </TextEquiv>
                </Word>
                <Word id="tr_1_tl_27_w4" custom="readingOrder {index:3;}">
                    <Coords points="565,1489 565,1549 787,1549 787,1489"/>
                    <TextEquiv>
                        <Unicode>Diagnosen.</Unicode>
                    </TextEquiv>
                </Word>
                <Word id="tr_1_tl_27_w5" custom="readingOrder {index:4;}">
                    <Coords points="822,1492 822,1552 915,1552 915,1492"/>
                    <TextEquiv>
                        <Unicode>Nog¬</Unicode>
                    </TextEquiv>
                </Word>
                <TextEquiv>
                    <Unicode>og stillede selv Diagnosen. Nog¬</Unicode>
                </TextEquiv>
            </TextLine>
            <TextLine id="tr_1_tl_28" custom="readingOrder {index:27;}">
                <Coords points="218,1583 912,1599 920,1548 217,1535"/>
                <Baseline points="223,1573 259,1571 296,1572 333,1573 370,1573 406,1573 443,1573 480,1573 517,1575 554,1576 590,1576 627,1576 664,1579 701,1579 738,1579 774,1579 811,1579 848,1579 885,1581 922,1585"/>
                <Word id="tr_1_tl_28_w1" custom="readingOrder {index:0;}">
                    <Coords points="211,1532 211,1592 256,1592 256,1532"/>
                    <TextEquiv>
                        <Unicode>les</Unicode>
                    </TextEquiv>
                </Word>
                <Word id="tr_1_tl_28_w2" custom="readingOrder {index:1;}">
                    <Coords points="279,1532 279,1592 329,1592 329,1532"/>
                    <TextEquiv>
                        <Unicode>lod</Unicode>
                    </TextEquiv>
                </Word>
                <Word id="tr_1_tl_28_w3" custom="readingOrder {index:2;}">
                    <Coords points="362,1533 362,1593 421,1593 421,1533"/>
                    <TextEquiv>
                        <Unicode>paa</Unicode>
                    </TextEquiv>
                </Word>
                <Word id="tr_1_tl_28_w4" custom="readingOrder {index:3;}">
                    <Coords points="449,1533 449,1593 485,1593 485,1533"/>
                    <TextEquiv>
                        <Unicode>en</Unicode>
                    </TextEquiv>
                </Word>
                <Word id="tr_1_tl_28_w5" custom="readingOrder {index:4;}">
                    <Coords points="513,1536 513,1596 640,1596 640,1536"/>
                    <TextEquiv>
                        <Unicode>nervos</Unicode>
                    </TextEquiv>
                </Word>
                <Word id="tr_1_tl_28_w6" custom="readingOrder {index:5;}">
                    <Coords points="668,1539 668,1599 919,1599 919,1539"/>
                    <TextEquiv>
                        <Unicode>Mavelidelse.</Unicode>
                    </TextEquiv>
                </Word>
                <TextEquiv>
                    <Unicode>les lod paa en nervos Mavelidelse.</Unicode>
                </TextEquiv>
            </TextLine>
            <TextLine id="tr_1_tl_29" custom="readingOrder {index:28;}">
                <Coords points="210,1629 656,1652 891,1644 920,1638 920,1605 209,1579"/>
                <Baseline points="215,1624 250,1624 285,1622 321,1622 356,1624 391,1624 427,1624 462,1624 497,1624 533,1624 568,1627 603,1627 639,1628 674,1630 709,1630 745,1630 780,1630 815,1631 851,1633 886,1633 922,1630"/>
                <Word id="tr_1_tl_29_w1" custom="readingOrder {index:0;}">
                    <Coords points="208,1584 208,1644 278,1644 278,1584"/>
                    <TextEquiv>
                        <Unicode>men</Unicode>
                    </TextEquiv>
                </Word>
                <Word id="tr_1_tl_29_w2" custom="readingOrder {index:1;}">
                    <Coords points="321,1583 321,1643 382,1643 382,1583"/>
                    <TextEquiv>
                        <Unicode>der</Unicode>
                    </TextEquiv>
                </Word>
                <Word id="tr_1_tl_29_w3" custom="readingOrder {index:2;}">
                    <Coords points="420,1584 420,1644 481,1644 481,1584"/>
                    <TextEquiv>
                        <Unicode>var</Unicode>
                    </TextEquiv>
                </Word>
                <Word id="tr_1_tl_29_w4" custom="readingOrder {index:3;}">
                    <Coords points="514,1586 514,1646 613,1646 613,1586"/>
                    <TextEquiv>
                        <Unicode>dem,</Unicode>
                    </TextEquiv>
                </Word>
                <Word id="tr_1_tl_29_w5" custom="readingOrder {index:4;}">
                    <Coords points="637,1589 637,1649 697,1649 697,1589"/>
                    <TextEquiv>
                        <Unicode>som</Unicode>
                    </TextEquiv>
                </Word>
                <Word id="tr_1_tl_29_w6" custom="readingOrder {index:5;}">
                    <Coords points="750,1590 750,1650 801,1650 801,1590"/>
                    <TextEquiv>
                        <Unicode>lod</Unicode>
                    </TextEquiv>
                </Word>
                <Word id="tr_1_tl_29_w7" custom="readingOrder {index:6;}">
                    <Coords points="844,1593 844,1653 914,1653 914,1593"/>
                    <TextEquiv>
                        <Unicode>for¬</Unicode>
                    </TextEquiv>
                </Word>
                <TextEquiv>
                    <Unicode>men der var dem, som lod for¬</Unicode>
                </TextEquiv>
            </TextLine>
            <TextLine id="tr_1_tl_30" custom="readingOrder {index:29;}">
                <Coords points="210,1681 894,1698 924,1658 209,1635"/>
                <Baseline points="215,1672 250,1672 286,1672 321,1672 357,1673 392,1675 428,1675 463,1675 499,1675 534,1675 570,1678 605,1676 641,1677 676,1678 712,1678 747,1678 783,1678 818,1679 854,1681 889,1681 925,1684"/>
                <Word id="tr_1_tl_30_w1" custom="readingOrder {index:0;}">
                    <Coords points="208,1632 208,1692 306,1692 306,1632"/>
                    <TextEquiv>
                        <Unicode>mode</Unicode>
                    </TextEquiv>
                </Word>
                <Word id="tr_1_tl_30_w2" custom="readingOrder {index:1;}">
                    <Coords points="344,1634 344,1694 419,1694 419,1634"/>
                    <TextEquiv>
                        <Unicode>det,</Unicode>
                    </TextEquiv>
                </Word>
                <Word id="tr_1_tl_30_w3" custom="readingOrder {index:2;}">
                    <Coords points="448,1635 448,1695 513,1695 513,1635"/>
                    <TextEquiv>
                        <Unicode>der</Unicode>
                    </TextEquiv>
                </Word>
                <Word id="tr_1_tl_30_w4" custom="readingOrder {index:3;}">
                    <Coords points="551,1637 551,1697 612,1697 612,1637"/>
                    <TextEquiv>
                        <Unicode>var</Unicode>
                    </TextEquiv>
                </Word>
                <Word id="tr_1_tl_30_w5" custom="readingOrder {index:4;}">
                    <Coords points="646,1638 646,1698 777,1698 777,1638"/>
                    <TextEquiv>
                        <Unicode>værre.</Unicode>
                    </TextEquiv>
                </Word>
                <Word id="tr_1_tl_30_w6" custom="readingOrder {index:5;}">
                    <Coords points="829,1641 829,1701 904,1701 904,1641"/>
                    <TextEquiv>
                        <Unicode>Kun</Unicode>
                    </TextEquiv>
                </Word>
                <TextEquiv>
                    <Unicode>mode det, der var værre. Kun</Unicode>
                </TextEquiv>
            </TextLine>
            <TextLine id="tr_1_tl_31" custom="readingOrder {index:30;}">
                <Coords points="211,1737 920,1751 919,1708 817,1682 609,1707 210,1681"/>
                <Baseline points="215,1720 250,1720 285,1720 321,1721 356,1723 391,1723 427,1725 462,1726 497,1726 533,1726 568,1726 603,1728 639,1728 674,1727 709,1729 745,1729 780,1729 815,1729 851,1730 886,1732 922,1735"/>
                <Word id="tr_1_tl_31_w1" custom="readingOrder {index:0;}">
                    <Coords points="209,1680 209,1740 364,1740 364,1680"/>
                    <TextEquiv>
                        <Unicode>Hjertet,</Unicode>
                    </TextEquiv>
                </Word>
                <Word id="tr_1_tl_31_w2" custom="readingOrder {index:1;}">
                    <Coords points="379,1685 379,1745 488,1745 488,1685"/>
                    <TextEquiv>
                        <Unicode>sagde</Unicode>
                    </TextEquiv>
                </Word>
                <Word id="tr_1_tl_31_w3" custom="readingOrder {index:2;}">
                    <Coords points="517,1686 517,1746 601,1746 601,1686"/>
                    <TextEquiv>
                        <Unicode>han,</Unicode>
                    </TextEquiv>
                </Word>
                <Word id="tr_1_tl_31_w4" custom="readingOrder {index:3;}">
                    <Coords points="621,1687 621,1747 658,1747 658,1687"/>
                    <TextEquiv>
                        <Unicode>er</Unicode>
                    </TextEquiv>
                </Word>
                <Word id="tr_1_tl_31_w5" custom="readingOrder {index:4;}">
                    <Coords points="683,1689 683,1749 924,1749 924,1689"/>
                    <TextEquiv>
                        <Unicode>overrasken¬</Unicode>
                    </TextEquiv>
                </Word>
                <TextEquiv>
                    <Unicode>Hjertet, sagde han, er overrasken¬</Unicode>
                </TextEquiv>
            </TextLine>
            <TextLine id="tr_1_tl_32" custom="readingOrder {index:31;}">
                <Coords points="214,1777 920,1797 897,1741 213,1730"/>
                <Baseline points="218,1770 253,1770 288,1772 323,1773 358,1773 394,1773 429,1773 464,1773 499,1774 534,1776 570,1776 605,1776 640,1776 675,1776 710,1776 746,1778 781,1779 816,1779 851,1779 886,1779 922,1782"/>
                <Word id="tr_1_tl_32_w1" custom="readingOrder {index:0;}">
                    <Coords points="212,1730 212,1790 246,1790 246,1730"/>
                    <TextEquiv>
                        <Unicode>de</Unicode>
                    </TextEquiv>
                </Word>
                <Word id="tr_1_tl_32_w2" custom="readingOrder {index:1;}">
                    <Coords points="272,1733 272,1793 401,1793 401,1733"/>
                    <TextEquiv>
                        <Unicode>sundt.</Unicode>
                    </TextEquiv>
                </Word>
                <Word id="tr_1_tl_32_w3" custom="readingOrder {index:2;}">
                    <Coords points="426,1733 426,1793 471,1793 471,1733"/>
                    <TextEquiv>
                        <Unicode>Et</Unicode>
                    </TextEquiv>
                </Word>
                <Word id="tr_1_tl_32_w4" custom="readingOrder {index:3;}">
                    <Coords points="491,1735 491,1795 560,1795 560,1735"/>
                    <TextEquiv>
                        <Unicode>Par</Unicode>
                    </TextEquiv>
                </Word>
                <Word id="tr_1_tl_32_w5" custom="readingOrder {index:4;}">
                    <Coords points="586,1736 586,1796 690,1796 690,1736"/>
                    <TextEquiv>
                        <Unicode>Dusin</Unicode>
                    </TextEquiv>
                </Word>
                <Word id="tr_1_tl_32_w6" custom="readingOrder {index:5;}">
                    <Coords points="725,1739 725,1799 839,1799 839,1739"/>
                    <TextEquiv>
                        <Unicode>Timer</Unicode>
                    </TextEquiv>
                </Word>
                <Word id="tr_1_tl_32_w7" custom="readingOrder {index:6;}">
                    <Coords points="864,1739 864,1799 923,1799 923,1739"/>
                    <TextEquiv>
                        <Unicode>se¬</Unicode>
                    </TextEquiv>
                </Word>
                <TextEquiv>
                    <Unicode>de sundt. Et Par Dusin Timer se¬</Unicode>
                </TextEquiv>
            </TextLine>
            <TextLine id="tr_1_tl_33" custom="readingOrder {index:32;}">
                <Coords points="213,1844 917,1842 916,1799 828,1788 212,1791"/>
                <Baseline points="218,1824 253,1822 288,1821 323,1822 358,1824 393,1824 428,1824 463,1824 498,1824 533,1824 568,1826 603,1827 638,1827 673,1828 708,1830 743,1830 778,1830 813,1831 848,1833 883,1833 919,1833"/>
                <Word id="tr_1_tl_33_w1" custom="readingOrder {index:0;}">
                    <Coords points="211,1782 211,1842 290,1842 290,1782"/>
                    <TextEquiv>
                        <Unicode>nere</Unicode>
                    </TextEquiv>
                </Word>
                <Word id="tr_1_tl_33_w2" custom="readingOrder {index:1;}">
                    <Coords points="324,1784 324,1844 516,1844 516,1784"/>
                    <TextEquiv>
                        <Unicode>standsede</Unicode>
                    </TextEquiv>
                </Word>
                <Word id="tr_1_tl_33_w3" custom="readingOrder {index:2;}">
                    <Coords points="554,1786 554,1846 648,1846 648,1786"/>
                    <TextEquiv>
                        <Unicode>dette</Unicode>
                    </TextEquiv>
                </Word>
                <Word id="tr_1_tl_33_w4" custom="readingOrder {index:3;}">
                    <Coords points="691,1790 691,1850 836,1850 836,1790"/>
                    <TextEquiv>
                        <Unicode>Hjerte;</Unicode>
                    </TextEquiv>
                </Word>
                <Word id="tr_1_tl_33_w5" custom="readingOrder {index:4;}">
                    <Coords points="865,1793 865,1853 916,1853 916,1793"/>
                    <TextEquiv>
                        <Unicode>in¬</Unicode>
                    </TextEquiv>
                </Word>
                <TextEquiv>
                    <Unicode>nere standsede dette Hjerte; in¬</Unicode>
                </TextEquiv>
            </TextLine>
            <TextLine id="tr_1_tl_34" custom="readingOrder {index:33;}">
                <Coords points="214,1886 899,1897 913,1842 213,1844"/>
                <Baseline points="218,1875 252,1875 287,1873 322,1872 357,1872 392,1875 427,1875 462,1875 497,1875 532,1875 567,1875 601,1877 636,1878 671,1878 706,1881 741,1881 776,1881 811,1881 846,1881 881,1881 916,1884"/>
                <Word id="tr_1_tl_34_w1" custom="readingOrder {index:0;}">
                    <Coords points="207,1835 207,1895 264,1895 264,1835"/>
                    <TextEquiv>
                        <Unicode>gen</Unicode>
                    </TextEquiv>
                </Word>
                <Word id="tr_1_tl_34_w2" custom="readingOrder {index:1;}">
                    <Coords points="304,1832 304,1892 337,1892 337,1832"/>
                    <TextEquiv>
                        <Unicode>al</Unicode>
                    </TextEquiv>
                </Word>
                <Word id="tr_1_tl_34_w3" custom="readingOrder {index:2;}">
                    <Coords points="367,1834 367,1894 410,1894 410,1834"/>
                    <TextEquiv>
                        <Unicode>de</Unicode>
                    </TextEquiv>
                </Word>
                <Word id="tr_1_tl_34_w4" custom="readingOrder {index:3;}">
                    <Coords points="444,1835 444,1895 550,1895 550,1835"/>
                    <TextEquiv>
                        <Unicode>andre</Unicode>
                    </TextEquiv>
                </Word>
                <Word id="tr_1_tl_34_w5" custom="readingOrder {index:4;}">
                    <Coords points="584,1840 584,1900 821,1900 821,1840"/>
                    <TextEquiv>
                        <Unicode>Sygdomme,</Unicode>
                    </TextEquiv>
                </Word>
                <Word id="tr_1_tl_34_w6" custom="readingOrder {index:5;}">
                    <Coords points="846,1841 846,1901 917,1901 917,1841"/>
                    <TextEquiv>
                        <Unicode>vir¬</Unicode>
                    </TextEquiv>
                </Word>
                <TextEquiv>
                    <Unicode>gen al de andre Sygdomme, vir¬</Unicode>
                </TextEquiv>
            </TextLine>
            <TextLine id="tr_1_tl_35" custom="readingOrder {index:34;}">
                <Coords points="213,1941 708,1935 819,1968 920,1939 920,1891 735,1886 679,1909 568,1882 212,1885"/>
                <Baseline points="218,1926 253,1924 288,1921 323,1920 358,1920 394,1923 429,1923 464,1925 499,1926 534,1926 570,1926 605,1926 640,1927 675,1929 710,1929 746,1929 781,1931 816,1932 851,1932 886,1932 922,1935"/>
                <Word id="tr_1_tl_35_w1" custom="readingOrder {index:0;}">
                    <Coords points="207,1883 207,1943 316,1943 316,1883"/>
                    <TextEquiv>
                        <Unicode>kelige</Unicode>
                    </TextEquiv>
                </Word>
                <Word id="tr_1_tl_35_w2" custom="readingOrder {index:1;}">
                    <Coords points="354,1883 354,1943 444,1943 444,1883"/>
                    <TextEquiv>
                        <Unicode>eller</Unicode>
                    </TextEquiv>
                </Word>
                <Word id="tr_1_tl_35_w3" custom="readingOrder {index:2;}">
                    <Coords points="476,1886 476,1946 675,1946 675,1886"/>
                    <TextEquiv>
                        <Unicode>indbildte,</Unicode>
                    </TextEquiv>
                </Word>
                <Word id="tr_1_tl_35_w4" custom="readingOrder {index:3;}">
                    <Coords points="703,1889 703,1949 744,1949 744,1889"/>
                    <TextEquiv>
                        <Unicode>fik</Unicode>
                    </TextEquiv>
                </Word>
                <Word id="tr_1_tl_35_w5" custom="readingOrder {index:4;}">
                    <Coords points="787,1891 787,1951 844,1951 844,1891"/>
                    <TextEquiv>
                        <Unicode>Tid</Unicode>
                    </TextEquiv>
                </Word>
                <Word id="tr_1_tl_35_w6" custom="readingOrder {index:5;}">
                    <Coords points="882,1893 882,1953 923,1953 923,1893"/>
                    <TextEquiv>
                        <Unicode>til</Unicode>
                    </TextEquiv>
                </Word>
                <TextEquiv>
                    <Unicode>kelige eller indbildte, fik Tid til</Unicode>
                </TextEquiv>
            </TextLine>
            <TextLine id="tr_1_tl_36" custom="readingOrder {index:35;}">
                <Coords points="210,1981 410,1980 458,1997 514,1976 580,2003 735,1988 735,1944 712,1941 474,1949 385,1931 360,1948 210,1948"/>
                <Baseline points="215,1976 241,1976 267,1975 293,1974 319,1973 345,1973 371,1973 397,1973 423,1973 449,1974 476,1976 502,1976 528,1976 554,1978 580,1979 606,1979 632,1979 658,1979 684,1979 710,1979 737,1979"/>
                <Word id="tr_1_tl_36_w1" custom="readingOrder {index:0;}">
                    <Coords points="204,1936 204,1996 237,1996 237,1936"/>
                    <TextEquiv>
                        <Unicode>at</Unicode>
                    </TextEquiv>
                </Word>
                <Word id="tr_1_tl_36_w2" custom="readingOrder {index:1;}">
                    <Coords points="261,1933 261,1993 341,1993 341,1933"/>
                    <TextEquiv>
                        <Unicode>gore</Unicode>
                    </TextEquiv>
                </Word>
                <Word id="tr_1_tl_36_w3" custom="readingOrder {index:2;}">
                    <Coords points="375,1933 375,1993 436,1993 436,1933"/>
                    <TextEquiv>
                        <Unicode>det</Unicode>
                    </TextEquiv>
                </Word>
                <Word id="tr_1_tl_36_w4" custom="readingOrder {index:3;}">
                    <Coords points="460,1936 460,1996 497,1996 497,1936"/>
                    <TextEquiv>
                        <Unicode>af</Unicode>
                    </TextEquiv>
                </Word>
                <Word id="tr_1_tl_36_w5" custom="readingOrder {index:4;}">
                    <Coords points="526,1938 526,1998 601,1998 601,1938"/>
                    <TextEquiv>
                        <Unicode>med</Unicode>
                    </TextEquiv>
                </Word>
                <Word id="tr_1_tl_36_w6" custom="readingOrder {index:5;}">
                    <Coords points="635,1939 635,1999 734,1999 734,1939"/>
                    <TextEquiv>
                        <Unicode>ham.</Unicode>
                    </TextEquiv>
                </Word>
                <TextEquiv>
                    <Unicode>at gore det af med ham.</Unicode>
                </TextEquiv>
            </TextLine>
            <TextLine id="tr_1_tl_37" custom="readingOrder {index:36;}">
                <Coords points="246,2044 474,2031 574,2063 772,2040 903,2060 910,1996 834,1979 762,2013 712,1988 485,2011 359,1983 245,1993"/>
                <Baseline points="250,2030 283,2030 316,2030 349,2029 382,2027 415,2029 448,2030 482,2031 515,2033 548,2033 581,2034 614,2036 647,2033 680,2035 714,2037 747,2039 780,2039 813,2039 846,2039 879,2039 913,2039"/>
                <Word id="tr_1_tl_37_w1" custom="readingOrder {index:0;}">
                    <Coords points="244,1990 244,2050 340,2050 340,1990"/>
                    <TextEquiv>
                        <Unicode>Ilvem</Unicode>
                    </TextEquiv>
                </Word>
                <Word id="tr_1_tl_37_w2" custom="readingOrder {index:1;}">
                    <Coords points="393,1989 393,2049 456,2049 456,1989"/>
                    <TextEquiv>
                        <Unicode>der</Unicode>
                    </TextEquiv>
                </Word>
                <Word id="tr_1_tl_37_w3" custom="readingOrder {index:2;}">
                    <Coords points="505,1993 505,2053 577,2053 577,1993"/>
                    <TextEquiv>
                        <Unicode>har</Unicode>
                    </TextEquiv>
                </Word>
                <Word id="tr_1_tl_37_w4" custom="readingOrder {index:3;}">
                    <Coords points="630,1995 630,2055 745,2055 745,1995"/>
                    <TextEquiv>
                        <Unicode>kendt</Unicode>
                    </TextEquiv>
                </Word>
                <Word id="tr_1_tl_37_w5" custom="readingOrder {index:4;}">
                    <Coords points="775,1999 775,2059 910,2059 910,1999"/>
                    <TextEquiv>
                        <Unicode>Arthur</Unicode>
                    </TextEquiv>
                </Word>
                <TextEquiv>
                    <Unicode>Ilvem der har kendt Arthur</Unicode>
                </TextEquiv>
            </TextLine>
            <TextLine id="tr_1_tl_38" custom="readingOrder {index:37;}">
                <Coords points="213,2090 914,2096 913,2062 873,2050 573,2063 483,2037 417,2060 212,2027"/>
                <Baseline points="218,2081 252,2081 287,2081 322,2081 357,2081 392,2078 427,2082 462,2084 497,2084 532,2084 567,2084 601,2086 636,2087 671,2087 706,2087 741,2087 776,2087 811,2087 846,2087 881,2087 916,2087"/>
                <Word id="tr_1_tl_38_w1" custom="readingOrder {index:0;}">
                    <Coords points="211,2041 211,2101 398,2101 398,2041"/>
                    <TextEquiv>
                        <Unicode>Schnitzler</Unicode>
                    </TextEquiv>
                </Word>
                <Word id="tr_1_tl_38_w2" custom="readingOrder {index:1;}">
                    <Coords points="432,2042 432,2102 446,2102 446,2042"/>
                    <TextEquiv>
                        <Unicode>i</Unicode>
                    </TextEquiv>
                </Word>
                <Word id="tr_1_tl_38_w3" custom="readingOrder {index:2;}">
                    <Coords points="471,2044 471,2104 557,2104 557,2044"/>
                    <TextEquiv>
                        <Unicode>hans</Unicode>
                    </TextEquiv>
                </Word>
                <Word id="tr_1_tl_38_w4" custom="readingOrder {index:3;}">
                    <Coords points="591,2047 591,2107 701,2107 701,2047"/>
                    <TextEquiv>
                        <Unicode>sidste</Unicode>
                    </TextEquiv>
                </Word>
                <Word id="tr_1_tl_38_w5" custom="readingOrder {index:4;}">
                    <Coords points="740,2047 740,2107 826,2107 826,2047"/>
                    <TextEquiv>
                        <Unicode>Aar,</Unicode>
                    </TextEquiv>
                </Word>
                <Word id="tr_1_tl_38_w6" custom="readingOrder {index:5;}">
                    <Coords points="851,2047 851,2107 913,2107 913,2047"/>
                    <TextEquiv>
                        <Unicode>be¬</Unicode>
                    </TextEquiv>
                </Word>
                <TextEquiv>
                    <Unicode>Schnitzler i hans sidste Aar, be¬</Unicode>
                </TextEquiv>
            </TextLine>
            <TextLine id="tr_1_tl_39" custom="readingOrder {index:38;}">
                <Coords points="210,2150 914,2152 913,2096 692,2092 591,2117 428,2086 209,2099"/>
                <Baseline points="215,2132 250,2132 285,2132 320,2132 355,2132 390,2132 425,2132 460,2133 495,2135 530,2135 565,2135 600,2137 635,2137 670,2135 705,2135 740,2137 775,2138 810,2138 845,2138 880,2141 916,2141"/>
                <Word id="tr_1_tl_39_w1" custom="readingOrder {index:0;}">
                    <Coords points="208,2092 208,2152 308,2152 308,2092"/>
                    <TextEquiv>
                        <Unicode>varer</Unicode>
                    </TextEquiv>
                </Word>
                <Word id="tr_1_tl_39_w2" custom="readingOrder {index:1;}">
                    <Coords points="342,2092 342,2152 481,2152 481,2092"/>
                    <TextEquiv>
                        <Unicode>Mindet</Unicode>
                    </TextEquiv>
                </Word>
                <Word id="tr_1_tl_39_w3" custom="readingOrder {index:2;}">
                    <Coords points="510,2095 510,2155 548,2155 548,2095"/>
                    <TextEquiv>
                        <Unicode>om</Unicode>
                    </TextEquiv>
                </Word>
                <Word id="tr_1_tl_39_w4" custom="readingOrder {index:3;}">
                    <Coords points="597,2097 597,2157 634,2157 634,2097"/>
                    <TextEquiv>
                        <Unicode>et</Unicode>
                    </TextEquiv>
                </Word>
                <Word id="tr_1_tl_39_w5" custom="readingOrder {index:4;}">
                    <Coords points="659,2095 659,2155 764,2155 764,2095"/>
                    <TextEquiv>
                        <Unicode>stort,</Unicode>
                    </TextEquiv>
                </Word>
                <Word id="tr_1_tl_39_w6" custom="readingOrder {index:5;}">
                    <Coords points="789,2098 789,2158 913,2158 913,2098"/>
                    <TextEquiv>
                        <Unicode>ædelt,</Unicode>
                    </TextEquiv>
                </Word>
                <TextEquiv>
                    <Unicode>varer Mindet om et stort, ædelt,</Unicode>
                </TextEquiv>
            </TextLine>
            <TextLine id="tr_1_tl_40" custom="readingOrder {index:39;}">
                <Coords points="205,2194 914,2203 913,2160 885,2147 204,2151"/>
                <Baseline points="209,2183 244,2183 279,2183 315,2183 350,2183 385,2183 421,2185 456,2184 491,2184 527,2186 562,2186 597,2186 633,2186 668,2186 703,2186 739,2189 774,2189 809,2188 845,2187 880,2189 916,2194"/>
                <Word id="tr_1_tl_40_w1" custom="readingOrder {index:0;}">
                    <Coords points="203,2143 203,2203 323,2203 323,2143"/>
                    <TextEquiv>
                        <Unicode>emukt</Unicode>
                    </TextEquiv>
                </Word>
                <Word id="tr_1_tl_40_w2" custom="readingOrder {index:1;}">
                    <Coords points="343,2143 343,2203 381,2203 381,2143"/>
                    <TextEquiv>
                        <Unicode>og</Unicode>
                    </TextEquiv>
                </Word>
                <Word id="tr_1_tl_40_w3" custom="readingOrder {index:2;}">
                    <Coords points="411,2144 411,2204 473,2204 473,2144"/>
                    <TextEquiv>
                        <Unicode>frit</Unicode>
                    </TextEquiv>
                </Word>
                <Word id="tr_1_tl_40_w4" custom="readingOrder {index:3;}">
                    <Coords points="493,2146 493,2206 671,2206 671,2146"/>
                    <TextEquiv>
                        <Unicode>smilende</Unicode>
                    </TextEquiv>
                </Word>
                <Word id="tr_1_tl_40_w5" custom="readingOrder {index:4;}">
                    <Coords points="701,2148 701,2208 917,2208 917,2148"/>
                    <TextEquiv>
                        <Unicode>Menneske,</Unicode>
                    </TextEquiv>
                </Word>
                <TextEquiv>
                    <Unicode>emukt og frit smilende Menneske,</Unicode>
                </TextEquiv>
            </TextLine>
            <TextLine id="tr_1_tl_41" custom="readingOrder {index:40;}">
                <Coords points="207,2244 914,2244 913,2206 758,2194 206,2196"/>
                <Baseline points="212,2233 247,2233 282,2233 317,2233 352,2233 388,2233 423,2233 458,2233 493,2233 528,2233 564,2236 599,2236 634,2236 669,2236 704,2236 740,2238 775,2239 810,2239 845,2239 880,2239 916,2242"/>
                <Word id="tr_1_tl_41_w1" custom="readingOrder {index:0;}">
                    <Coords points="205,2193 205,2253 279,2253 279,2193"/>
                    <TextEquiv>
                        <Unicode>hvis</Unicode>
                    </TextEquiv>
                </Word>
                <Word id="tr_1_tl_41_w2" custom="readingOrder {index:1;}">
                    <Coords points="303,2193 303,2253 505,2253 505,2193"/>
                    <TextEquiv>
                        <Unicode>personlige</Unicode>
                    </TextEquiv>
                </Word>
                <Word id="tr_1_tl_41_w3" custom="readingOrder {index:2;}">
                    <Coords points="533,2196 533,2256 716,2256 716,2196"/>
                    <TextEquiv>
                        <Unicode>tiltaiende</Unicode>
                    </TextEquiv>
                </Word>
                <Word id="tr_1_tl_41_w4" custom="readingOrder {index:3;}">
                    <Coords points="750,2198 750,2258 782,2258 782,2198"/>
                    <TextEquiv>
                        <Unicode>og</Unicode>
                    </TextEquiv>
                </Word>
                <Word id="tr_1_tl_41_w5" custom="readingOrder {index:4;}">
                    <Coords points="815,2199 815,2259 913,2259 913,2199"/>
                    <TextEquiv>
                        <Unicode>mun-</Unicode>
                    </TextEquiv>
                </Word>
                <TextEquiv>
                    <Unicode>hvis personlige tiltaiende og mun-</Unicode>
                </TextEquiv>
            </TextLine>
            <TextLine id="tr_1_tl_42" custom="readingOrder {index:41;}">
                <Coords points="213,2292 897,2312 919,2243 759,2267 573,2242 537,2267 212,2242"/>
                <Baseline points="218,2287 253,2282 288,2283 323,2284 358,2284 394,2284 429,2284 464,2284 499,2285 534,2287 570,2287 605,2287 640,2287 675,2288 710,2290 746,2290 781,2290 816,2290 851,2290 886,2293 922,2296"/>
                <Word id="tr_1_tl_42_w1" custom="readingOrder {index:0;}">
                    <Coords points="206,2245 206,2305 249,2305 249,2245"/>
                    <TextEquiv>
                        <Unicode>tre</Unicode>
                    </TextEquiv>
                </Word>
                <Word id="tr_1_tl_42_w2" custom="readingOrder {index:1;}">
                    <Coords points="283,2244 283,2304 490,2304 490,2244"/>
                    <TextEquiv>
                        <Unicode>fornemme</Unicode>
                    </TextEquiv>
                </Word>
                <Word id="tr_1_tl_42_w3" custom="readingOrder {index:2;}">
                    <Coords points="548,2247 548,2307 726,2307 726,2247"/>
                    <TextEquiv>
                        <Unicode>Holdning</Unicode>
                    </TextEquiv>
                </Word>
                <Word id="tr_1_tl_42_w4" custom="readingOrder {index:3;}">
                    <Coords points="789,2250 789,2310 899,2310 899,2250"/>
                    <TextEquiv>
                        <Unicode>aldrig</Unicode>
                    </TextEquiv>
                </Word>
                <TextEquiv>
                    <Unicode>tre fornemme Holdning aldrig</Unicode>
                </TextEquiv>
            </TextLine>
            <TextLine id="tr_1_tl_43" custom="readingOrder {index:42;}">
                <Coords points="207,2340 908,2349 908,2312 865,2301 675,2292 593,2317 536,2292 207,2295"/>
                <Baseline points="212,2335 246,2335 281,2335 316,2335 351,2335 386,2335 421,2335 456,2335 491,2336 526,2338 561,2338 595,2338 630,2338 665,2338 700,2338 735,2340 770,2340 805,2339 840,2341 875,2341 910,2341"/>
                <Word id="tr_1_tl_43_w1" custom="readingOrder {index:0;}">
                    <Coords points="201,2295 201,2355 379,2355 379,2295"/>
                    <TextEquiv>
                        <Unicode>svigtede,</Unicode>
                    </TextEquiv>
                </Word>
                <Word id="tr_1_tl_43_w2" custom="readingOrder {index:1;}">
                    <Coords points="398,2295 398,2355 467,2355 467,2295"/>
                    <TextEquiv>
                        <Unicode>men</Unicode>
                    </TextEquiv>
                </Word>
                <Word id="tr_1_tl_43_w3" custom="readingOrder {index:2;}">
                    <Coords points="499,2298 499,2358 554,2358 554,2298"/>
                    <TextEquiv>
                        <Unicode>som</Unicode>
                    </TextEquiv>
                </Word>
                <Word id="tr_1_tl_43_w4" custom="readingOrder {index:3;}">
                    <Coords points="596,2298 596,2358 678,2358 678,2298"/>
                    <TextEquiv>
                        <Unicode>altid</Unicode>
                    </TextEquiv>
                </Word>
                <Word id="tr_1_tl_43_w5" custom="readingOrder {index:4;}">
                    <Coords points="706,2300 706,2360 783,2360 783,2300"/>
                    <TextEquiv>
                        <Unicode>bley</Unicode>
                    </TextEquiv>
                </Word>
                <Word id="tr_1_tl_43_w6" custom="readingOrder {index:5;}">
                    <Coords points="811,2301 811,2361 903,2361 903,2301"/>
                    <TextEquiv>
                        <Unicode>mere</Unicode>
                    </TextEquiv>
                </Word>
                <TextEquiv>
                    <Unicode>svigtede, men som altid bley mere</Unicode>
                </TextEquiv>
            </TextLine>
            <TextLine id="tr_1_tl_44" custom="readingOrder {index:43;}">
                <Coords points="213,2397 878,2404 917,2395 917,2365 212,2343"/>
                <Baseline points="218,2386 253,2384 288,2385 323,2386 358,2386 393,2386 428,2386 463,2386 498,2386 533,2386 568,2386 603,2386 638,2387 673,2389 708,2389 743,2389 778,2391 813,2392 848,2392 883,2392 919,2392"/>
                <Word id="tr_1_tl_44_w1" custom="readingOrder {index:0;}">
                    <Coords points="206,2345 206,2405 405,2405 405,2345"/>
                    <TextEquiv>
                        <Unicode>ulykkelig.</Unicode>
                    </TextEquiv>
                </Word>
                <Word id="tr_1_tl_44_w2" custom="readingOrder {index:1;}">
                    <Coords points="436,2346 436,2406 605,2406 605,2346"/>
                    <TextEquiv>
                        <Unicode>Grunden</Unicode>
                    </TextEquiv>
                </Word>
                <Word id="tr_1_tl_44_w3" custom="readingOrder {index:2;}">
                    <Coords points="641,2349 641,2409 756,2409 756,2349"/>
                    <TextEquiv>
                        <Unicode>hertil</Unicode>
                    </TextEquiv>
                </Word>
                <Word id="tr_1_tl_44_w4" custom="readingOrder {index:3;}">
                    <Coords points="781,2351 781,2411 836,2411 836,2351"/>
                    <TextEquiv>
                        <Unicode>var</Unicode>
                    </TextEquiv>
                </Word>
                <Word id="tr_1_tl_44_w5" custom="readingOrder {index:4;}">
                    <Coords points="866,2352 866,2412 920,2412 920,2352"/>
                    <TextEquiv>
                        <Unicode>ik-</Unicode>
                    </TextEquiv>
                </Word>
                <TextEquiv>
                    <Unicode>ulykkelig. Grunden hertil var ik-</Unicode>
                </TextEquiv>
            </TextLine>
            <TextLine id="tr_1_tl_45" custom="readingOrder {index:44;}">
                <Coords points="213,2448 914,2452 907,2399 812,2418 212,2396"/>
                <Baseline points="218,2433 252,2433 287,2433 322,2433 357,2433 392,2433 427,2435 462,2436 497,2436 532,2436 567,2436 601,2436 636,2436 671,2436 706,2439 741,2439 776,2439 811,2440 846,2442 881,2442 916,2442"/>
                <Word id="tr_1_tl_45_w1" custom="readingOrder {index:0;}">
                    <Coords points="206,2393 206,2453 243,2453 243,2393"/>
                    <TextEquiv>
                        <Unicode>ke</Unicode>
                    </TextEquiv>
                </Word>
                <Word id="tr_1_tl_45_w2" custom="readingOrder {index:1;}">
                    <Coords points="272,2393 272,2453 370,2453 370,2393"/>
                    <TextEquiv>
                        <Unicode>alene</Unicode>
                    </TextEquiv>
                </Word>
                <Word id="tr_1_tl_45_w3" custom="readingOrder {index:2;}">
                    <Coords points="403,2396 403,2456 641,2456 641,2396"/>
                    <TextEquiv>
                        <Unicode>Tragedierne</Unicode>
                    </TextEquiv>
                </Word>
                <Word id="tr_1_tl_45_w4" custom="readingOrder {index:3;}">
                    <Coords points="670,2396 670,2456 683,2456 683,2396"/>
                    <TextEquiv>
                        <Unicode>i</Unicode>
                    </TextEquiv>
                </Word>
                <Word id="tr_1_tl_45_w5" custom="readingOrder {index:4;}">
                    <Coords points="703,2399 703,2459 791,2459 791,2399"/>
                    <TextEquiv>
                        <Unicode>hans</Unicode>
                    </TextEquiv>
                </Word>
                <Word id="tr_1_tl_45_w6" custom="readingOrder {index:5;}">
                    <Coords points="820,2402 820,2462 899,2462 899,2402"/>
                    <TextEquiv>
                        <Unicode>egen</Unicode>
                    </TextEquiv>
                </Word>
                <TextEquiv>
                    <Unicode>ke alene Tragedierne i hans egen</Unicode>
                </TextEquiv>
            </TextLine>
            <TextLine id="tr_1_tl_46" custom="readingOrder {index:45;}">
                <Coords points="204,2492 914,2499 914,2463 805,2443 204,2440"/>
                <Baseline points="209,2484 244,2484 279,2484 315,2484 350,2484 385,2487 421,2487 456,2487 491,2487 527,2487 562,2487 597,2487 633,2487 668,2487 703,2487 739,2490 774,2490 809,2490 845,2491 880,2493 916,2496"/>
                <Word id="tr_1_tl_46_w1" custom="readingOrder {index:0;}">
                    <Coords points="203,2444 203,2504 351,2504 351,2444"/>
                    <TextEquiv>
                        <Unicode>Familie</Unicode>
                    </TextEquiv>
                </Word>
                <Word id="tr_1_tl_46_w2" custom="readingOrder {index:1;}">
                    <Coords points="382,2447 382,2507 421,2507 421,2447"/>
                    <TextEquiv>
                        <Unicode>og</Unicode>
                    </TextEquiv>
                </Word>
                <Word id="tr_1_tl_46_w3" custom="readingOrder {index:2;}">
                    <Coords points="456,2447 456,2507 540,2507 540,2447"/>
                    <TextEquiv>
                        <Unicode>hans</Unicode>
                    </TextEquiv>
                </Word>
                <Word id="tr_1_tl_46_w4" custom="readingOrder {index:3;}">
                    <Coords points="575,2447 575,2507 664,2507 664,2447"/>
                    <TextEquiv>
                        <Unicode>adle</Unicode>
                    </TextEquiv>
                </Word>
                <Word id="tr_1_tl_46_w5" custom="readingOrder {index:4;}">
                    <Coords points="700,2449 700,2509 769,2509 769,2449"/>
                    <TextEquiv>
                        <Unicode>Ven</Unicode>
                    </TextEquiv>
                </Word>
                <Word id="tr_1_tl_46_w6" custom="readingOrder {index:5;}">
                    <Coords points="809,2451 809,2511 907,2511 907,2451"/>
                    <TextEquiv>
                        <Unicode>Hugo</Unicode>
                    </TextEquiv>
                </Word>
                <TextEquiv>
                    <Unicode>Familie og hans adle Ven Hugo</Unicode>
                </TextEquiv>
            </TextLine>
            <TextLine id="tr_1_tl_47" custom="readingOrder {index:46;}">
                <Coords points="207,2542 915,2560 914,2499 207,2492"/>
                <Baseline points="212,2535 247,2535 282,2535 317,2535 352,2535 388,2535 423,2535 458,2535 493,2535 528,2535 564,2538 599,2538 634,2538 669,2539 704,2541 740,2541 775,2541 810,2541 845,2541 880,2541 916,2541"/>
                <Word id="tr_1_tl_47_w1" custom="readingOrder {index:0;}">
                    <Coords points="206,2495 206,2555 262,2555 262,2495"/>
                    <TextEquiv>
                        <Unicode>von</Unicode>
                    </TextEquiv>
                </Word>
                <Word id="tr_1_tl_47_w2" custom="readingOrder {index:1;}">
                    <Coords points="290,2495 290,2555 585,2555 585,2495"/>
                    <TextEquiv>
                        <Unicode>Hofmannsthals</Unicode>
                    </TextEquiv>
                </Word>
                <Word id="tr_1_tl_47_w3" custom="readingOrder {index:2;}">
                    <Coords points="614,2498 614,2558 707,2558 707,2498"/>
                    <TextEquiv>
                        <Unicode>Dod.</Unicode>
                    </TextEquiv>
                </Word>
                <Word id="tr_1_tl_47_w4" custom="readingOrder {index:3;}">
                    <Coords points="732,2501 732,2561 900,2561 900,2501"/>
                    <TextEquiv>
                        <Unicode>Grunden</Unicode>
                    </TextEquiv>
                </Word>
                <TextEquiv>
                    <Unicode>von Hofmannsthals Dod. Grunden</Unicode>
                </TextEquiv>
            </TextLine>
            <TextLine id="tr_1_tl_48" custom="readingOrder {index:47;}">
                <Coords points="204,2595 915,2606 914,2560 861,2548 304,2562 204,2542"/>
                <Baseline points="209,2586 244,2586 279,2584 315,2584 350,2586 385,2586 421,2586 456,2586 491,2586 527,2586 562,2589 597,2589 633,2590 668,2592 703,2592 739,2592 774,2594 809,2594 845,2592 880,2592 916,2595"/>
                <Word id="tr_1_tl_48_w1" custom="readingOrder {index:0;}">
                    <Coords points="203,2546 203,2606 264,2606 264,2546"/>
                    <TextEquiv>
                        <Unicode>kan</Unicode>
                    </TextEquiv>
                </Word>
                <Word id="tr_1_tl_48_w2" custom="readingOrder {index:1;}">
                    <Coords points="307,2546 307,2606 444,2606 444,2546"/>
                    <TextEquiv>
                        <Unicode>enhver</Unicode>
                    </TextEquiv>
                </Word>
                <Word id="tr_1_tl_48_w3" custom="readingOrder {index:2;}">
                    <Coords points="478,2546 478,2606 563,2606 563,2546"/>
                    <TextEquiv>
                        <Unicode>lase</Unicode>
                    </TextEquiv>
                </Word>
                <Word id="tr_1_tl_48_w4" custom="readingOrder {index:3;}">
                    <Coords points="602,2549 602,2609 653,2609 653,2549"/>
                    <TextEquiv>
                        <Unicode>sig</Unicode>
                    </TextEquiv>
                </Word>
                <Word id="tr_1_tl_48_w5" custom="readingOrder {index:4;}">
                    <Coords points="696,2552 696,2612 738,2612 738,2552"/>
                    <TextEquiv>
                        <Unicode>til</Unicode>
                    </TextEquiv>
                </Word>
                <Word id="tr_1_tl_48_w6" custom="readingOrder {index:5;}">
                    <Coords points="773,2554 773,2614 786,2614 786,2554"/>
                    <TextEquiv>
                        <Unicode>i</Unicode>
                    </TextEquiv>
                </Word>
                <Word id="tr_1_tl_48_w7" custom="readingOrder {index:6;}">
                    <Coords points="820,2552 820,2612 909,2612 909,2552"/>
                    <TextEquiv>
                        <Unicode>hans</Unicode>
                    </TextEquiv>
                </Word>
                <TextEquiv>
                    <Unicode>kan enhver lase sig til i hans</Unicode>
                </TextEquiv>
            </TextLine>
            <TextLine id="tr_1_tl_49" custom="readingOrder {index:48;}">
                <Coords points="213,2643 912,2653 889,2600 212,2596"/>
                <Baseline points="218,2633 252,2633 287,2633 322,2633 357,2633 391,2636 426,2636 461,2636 496,2636 530,2636 565,2636 600,2636 635,2637 669,2639 704,2639 739,2639 774,2639 808,2639 843,2639 878,2641 913,2645"/>
                <Word id="tr_1_tl_49_w1" custom="readingOrder {index:0;}">
                    <Coords points="211,2593 211,2653 350,2653 350,2593"/>
                    <TextEquiv>
                        <Unicode>Værker</Unicode>
                    </TextEquiv>
                </Word>
                <Word id="tr_1_tl_49_w2" custom="readingOrder {index:1;}">
                    <Coords points="375,2596 375,2656 466,2656 466,2596"/>
                    <TextEquiv>
                        <Unicode>efter</Unicode>
                    </TextEquiv>
                </Word>
                <Word id="tr_1_tl_49_w3" custom="readingOrder {index:2;}">
                    <Coords points="501,2596 501,2656 597,2656 597,2596"/>
                    <TextEquiv>
                        <Unicode>1918.</Unicode>
                    </TextEquiv>
                </Word>
                <Word id="tr_1_tl_49_w4" custom="readingOrder {index:3;}">
                    <Coords points="631,2599 631,2659 757,2659 757,2599"/>
                    <TextEquiv>
                        <Unicode>Denne</Unicode>
                    </TextEquiv>
                </Word>
                <Word id="tr_1_tl_49_w5" custom="readingOrder {index:4;}">
                    <Coords points="791,2599 791,2659 915,2659 915,2599"/>
                    <TextEquiv>
                        <Unicode>Mand.</Unicode>
                    </TextEquiv>
                </Word>
                <TextEquiv>
                    <Unicode>Værker efter 1918. Denne Mand.</Unicode>
                </TextEquiv>
            </TextLine>
            <TextLine id="tr_1_tl_50" custom="readingOrder {index:49;}">
                <Coords points="204,2696 564,2716 918,2696 908,2653 738,2667 617,2638 439,2661 204,2636"/>
                <Baseline points="209,2684 244,2684 280,2686 315,2687 351,2687 386,2687 422,2687 457,2687 493,2687 528,2687 564,2687 599,2687 635,2689 670,2690 706,2690 741,2690 777,2692 812,2692 848,2691 883,2693 919,2693"/>
                <Word id="tr_1_tl_50_w1" custom="readingOrder {index:0;}">
                    <Coords points="203,2644 203,2704 311,2704 311,2644"/>
                    <TextEquiv>
                        <Unicode>denne</Unicode>
                    </TextEquiv>
                </Word>
                <Word id="tr_1_tl_50_w2" custom="readingOrder {index:1;}">
                    <Coords points="341,2647 341,2707 483,2707 483,2647"/>
                    <TextEquiv>
                        <Unicode>Digter,</Unicode>
                    </TextEquiv>
                </Word>
                <Word id="tr_1_tl_50_w3" custom="readingOrder {index:2;}">
                    <Coords points="499,2647 499,2707 616,2707 616,2647"/>
                    <TextEquiv>
                        <Unicode>denne</Unicode>
                    </TextEquiv>
                </Word>
                <Word id="tr_1_tl_50_w4" custom="readingOrder {index:3;}">
                    <Coords points="646,2650 646,2710 744,2710 744,2650"/>
                    <TextEquiv>
                        <Unicode>Læge</Unicode>
                    </TextEquiv>
                </Word>
                <Word id="tr_1_tl_50_w5" custom="readingOrder {index:4;}">
                    <Coords points="770,2651 770,2711 902,2711 902,2651"/>
                    <TextEquiv>
                        <Unicode>tænkte</Unicode>
                    </TextEquiv>
                </Word>
                <TextEquiv>
                    <Unicode>denne Digter, denne Læge tænkte</Unicode>
                </TextEquiv>
            </TextLine>
            <TextLine id="tr_1_tl_51" custom="readingOrder {index:50;}">
                <Coords points="199,2746 911,2755 910,2702 198,2697"/>
                <Baseline points="203,2738 238,2736 274,2735 309,2736 345,2738 380,2738 416,2738 451,2738 487,2738 522,2738 558,2738 593,2738 629,2740 664,2741 700,2741 735,2744 771,2742 806,2741 842,2741 877,2741 913,2744"/>
                <Word id="tr_1_tl_51_w1" custom="readingOrder {index:0;}">
                    <Coords points="197,2697 197,2757 238,2757 238,2697"/>
                    <TextEquiv>
                        <Unicode>nu</Unicode>
                    </TextEquiv>
                </Word>
                <Word id="tr_1_tl_51_w2" custom="readingOrder {index:1;}">
                    <Coords points="272,2695 272,2755 337,2755 337,2695"/>
                    <TextEquiv>
                        <Unicode>kun</Unicode>
                    </TextEquiv>
                </Word>
                <Word id="tr_1_tl_51_w3" custom="readingOrder {index:2;}">
                    <Coords points="366,2698 366,2758 426,2758 426,2698"/>
                    <TextEquiv>
                        <Unicode>paa</Unicode>
                    </TextEquiv>
                </Word>
                <Word id="tr_1_tl_51_w4" custom="readingOrder {index:3;}">
                    <Coords points="455,2698 455,2758 548,2758 548,2698"/>
                    <TextEquiv>
                        <Unicode>dette</Unicode>
                    </TextEquiv>
                </Word>
                <Word id="tr_1_tl_51_w5" custom="readingOrder {index:4;}">
                    <Coords points="577,2698 577,2758 614,2758 614,2698"/>
                    <TextEquiv>
                        <Unicode>at</Unicode>
                    </TextEquiv>
                </Word>
                <Word id="tr_1_tl_51_w6" custom="readingOrder {index:5;}">
                    <Coords points="634,2701 634,2761 723,2761 723,2701"/>
                    <TextEquiv>
                        <Unicode>blive</Unicode>
                    </TextEquiv>
                </Word>
                <Word id="tr_1_tl_51_w7" custom="readingOrder {index:6;}">
                    <Coords points="751,2701 751,2761 910,2761 910,2701"/>
                    <TextEquiv>
                        <Unicode>gammel</Unicode>
                    </TextEquiv>
                </Word>
                <TextEquiv>
                    <Unicode>nu kun paa dette at blive gammel</Unicode>
                </TextEquiv>
            </TextLine>
            <TextLine id="tr_1_tl_52" custom="readingOrder {index:51;}">
                <Coords points="204,2796 911,2798 911,2756 884,2749 204,2757"/>
                <Baseline points="209,2789 244,2791 279,2790 314,2789 349,2789 385,2786 420,2788 455,2789 490,2789 525,2789 561,2789 596,2789 631,2789 666,2790 701,2792 737,2792 772,2792 807,2792 842,2792 877,2795 913,2798"/>
                <Word id="tr_1_tl_52_w1" custom="readingOrder {index:0;}">
                    <Coords points="198,2749 198,2809 232,2809 232,2749"/>
                    <TextEquiv>
                        <Unicode>og</Unicode>
                    </TextEquiv>
                </Word>
                <Word id="tr_1_tl_52_w2" custom="readingOrder {index:1;}">
                    <Coords points="266,2749 266,2809 328,2809 328,2749"/>
                    <TextEquiv>
                        <Unicode>paa</Unicode>
                    </TextEquiv>
                </Word>
                <Word id="tr_1_tl_52_w3" custom="readingOrder {index:2;}">
                    <Coords points="367,2748 367,2808 507,2808 507,2748"/>
                    <TextEquiv>
                        <Unicode>Doden.</Unicode>
                    </TextEquiv>
                </Word>
                <Word id="tr_1_tl_52_w4" custom="readingOrder {index:3;}">
                    <Coords points="542,2749 542,2809 614,2809 614,2749"/>
                    <TextEquiv>
                        <Unicode>Han</Unicode>
                    </TextEquiv>
                </Word>
                <Word id="tr_1_tl_52_w5" custom="readingOrder {index:4;}">
                    <Coords points="654,2751 654,2811 716,2811 716,2751"/>
                    <TextEquiv>
                        <Unicode>var</Unicode>
                    </TextEquiv>
                </Word>
                <Word id="tr_1_tl_52_w6" custom="readingOrder {index:5;}">
                    <Coords points="746,2752 746,2812 808,2812 808,2752"/>
                    <TextEquiv>
                        <Unicode>lige</Unicode>
                    </TextEquiv>
                </Word>
                <Word id="tr_1_tl_52_w7" custom="readingOrder {index:6;}">
                    <Coords points="843,2754 843,2814 900,2814 900,2754"/>
                    <TextEquiv>
                        <Unicode>ean</Unicode>
                    </TextEquiv>
                </Word>
                <TextEquiv>
                    <Unicode>og paa Doden. Han var lige ean</Unicode>
                </TextEquiv>
            </TextLine>
            <TextLine id="tr_1_tl_53" custom="readingOrder {index:52;}">
                <Coords points="204,2844 900,2860 911,2808 203,2796"/>
                <Baseline points="209,2837 244,2837 279,2837 314,2838 349,2840 385,2840 420,2838 455,2837 490,2838 525,2840 561,2840 596,2840 631,2840 666,2841 701,2843 737,2843 772,2843 807,2843 842,2843 877,2843 913,2846"/>
                <Word id="tr_1_tl_53_w1" custom="readingOrder {index:0;}">
                    <Coords points="202,2797 202,2857 296,2857 296,2797"/>
                    <TextEquiv>
                        <Unicode>langt</Unicode>
                    </TextEquiv>
                </Word>
                <Word id="tr_1_tl_53_w2" custom="readingOrder {index:1;}">
                    <Coords points="321,2799 321,2859 459,2859 459,2799"/>
                    <TextEquiv>
                        <Unicode>fjernet</Unicode>
                    </TextEquiv>
                </Word>
                <Word id="tr_1_tl_53_w3" custom="readingOrder {index:2;}">
                    <Coords points="485,2799 485,2859 538,2859 538,2799"/>
                    <TextEquiv>
                        <Unicode>fra</Unicode>
                    </TextEquiv>
                </Word>
                <Word id="tr_1_tl_53_w4" custom="readingOrder {index:3;}">
                    <Coords points="573,2800 573,2860 612,2860 612,2800"/>
                    <TextEquiv>
                        <Unicode>en</Unicode>
                    </TextEquiv>
                </Word>
                <Word id="tr_1_tl_53_w5" custom="readingOrder {index:4;}">
                    <Coords points="648,2803 648,2863 791,2863 791,2803"/>
                    <TextEquiv>
                        <Unicode>hvilken</Unicode>
                    </TextEquiv>
                </Word>
                <Word id="tr_1_tl_53_w6" custom="readingOrder {index:5;}">
                    <Coords points="826,2803 826,2863 885,2863 885,2803"/>
                    <TextEquiv>
                        <Unicode>som</Unicode>
                    </TextEquiv>
                </Word>
                <TextEquiv>
                    <Unicode>langt fjernet fra en hvilken som</Unicode>
                </TextEquiv>
            </TextLine>
            <TextLine id="tr_1_tl_54" custom="readingOrder {index:53;}">
                <Coords points="199,2901 799,2897 856,2917 908,2895 881,2851 198,2850"/>
                <Baseline points="203,2890 238,2890 273,2890 309,2890 344,2890 379,2893 415,2893 450,2893 485,2893 521,2893 556,2893 591,2893 627,2893 662,2894 697,2896 733,2896 768,2896 803,2895 839,2893 874,2893 910,2893"/>
                <Word id="tr_1_tl_54_w1" custom="readingOrder {index:0;}">
                    <Coords points="197,2850 197,2910 293,2910 293,2850"/>
                    <TextEquiv>
                        <Unicode>helst</Unicode>
                    </TextEquiv>
                </Word>
                <Word id="tr_1_tl_54_w2" custom="readingOrder {index:1;}">
                    <Coords points="313,2853 313,2913 539,2913 539,2853"/>
                    <TextEquiv>
                        <Unicode>Resignation</Unicode>
                    </TextEquiv>
                </Word>
                <Word id="tr_1_tl_54_w3" custom="readingOrder {index:2;}">
                    <Coords points="569,2853 569,2913 627,2913 627,2853"/>
                    <TextEquiv>
                        <Unicode>som</Unicode>
                    </TextEquiv>
                </Word>
                <Word id="tr_1_tl_54_w4" custom="readingOrder {index:3;}">
                    <Coords points="666,2855 666,2915 713,2915 713,2855"/>
                    <TextEquiv>
                        <Unicode>fra</Unicode>
                    </TextEquiv>
                </Word>
                <Word id="tr_1_tl_54_w5" custom="readingOrder {index:4;}">
                    <Coords points="748,2856 748,2916 781,2916 781,2856"/>
                    <TextEquiv>
                        <Unicode>en</Unicode>
                    </TextEquiv>
                </Word>
                <Word id="tr_1_tl_54_w6" custom="readingOrder {index:5;}">
                    <Coords points="811,2853 811,2913 907,2913 907,2853"/>
                    <TextEquiv>
                        <Unicode>lede¬</Unicode>
                    </TextEquiv>
                </Word>
                <TextEquiv>
                    <Unicode>helst Resignation som fra en lede¬</Unicode>
                </TextEquiv>
            </TextLine>
            <TextLine id="tr_1_tl_55" custom="readingOrder {index:54;}">
                <Coords points="207,2954 902,2952 902,2917 794,2901 207,2903"/>
                <Baseline points="212,2938 246,2940 281,2941 315,2942 350,2944 385,2941 419,2941 454,2941 488,2941 523,2941 558,2943 592,2944 627,2944 661,2944 696,2944 731,2944 765,2944 800,2944 834,2944 869,2946 904,2947"/>
                <Word id="tr_1_tl_55_w1" custom="readingOrder {index:0;}">
                    <Coords points="201,2898 201,2958 245,2958 245,2898"/>
                    <TextEquiv>
                        <Unicode>las</Unicode>
                    </TextEquiv>
                </Word>
                <Word id="tr_1_tl_55_w2" custom="readingOrder {index:1;}">
                    <Coords points="280,2903 280,2963 398,2963 398,2903"/>
                    <TextEquiv>
                        <Unicode>Frygt.</Unicode>
                    </TextEquiv>
                </Word>
                <Word id="tr_1_tl_55_w3" custom="readingOrder {index:2;}">
                    <Coords points="433,2901 433,2961 511,2961 511,2901"/>
                    <TextEquiv>
                        <Unicode>Men</Unicode>
                    </TextEquiv>
                </Word>
                <Word id="tr_1_tl_55_w4" custom="readingOrder {index:3;}">
                    <Coords points="541,2904 541,2964 817,2964 817,2904"/>
                    <TextEquiv>
                        <Unicode>Sporgsmaalet</Unicode>
                    </TextEquiv>
                </Word>
                <Word id="tr_1_tl_55_w5" custom="readingOrder {index:4;}">
                    <Coords points="842,2906 842,2966 900,2966 900,2906"/>
                    <TextEquiv>
                        <Unicode>var</Unicode>
                    </TextEquiv>
                </Word>
                <TextEquiv>
                    <Unicode>las Frygt. Men Sporgsmaalet var</Unicode>
                </TextEquiv>
            </TextLine>
            <TextLine id="tr_1_tl_56" custom="readingOrder {index:55;}">
                <Coords points="199,3004 903,3005 902,2966 860,2947 658,2972 198,2949"/>
                <Baseline points="203,2992 238,2992 273,2992 308,2992 343,2992 378,2992 413,2992 448,2992 483,2993 518,2995 553,2995 588,2995 623,2995 658,2995 693,2998 728,2998 763,2998 798,2998 833,2998 868,2995 904,2995"/>
                <Word id="tr_1_tl_56_w1" custom="readingOrder {index:0;}">
                    <Coords points="197,2952 197,3012 276,3012 276,2952"/>
                    <TextEquiv>
                        <Unicode>altid</Unicode>
                    </TextEquiv>
                </Word>
                <Word id="tr_1_tl_56_w2" custom="readingOrder {index:1;}">
                    <Coords points="309,2952 309,3012 575,3012 575,2952"/>
                    <TextEquiv>
                        <Unicode>nærværende,</Unicode>
                    </TextEquiv>
                </Word>
                <Word id="tr_1_tl_56_w3" custom="readingOrder {index:2;}">
                    <Coords points="599,2955 599,3015 631,3015 631,2955"/>
                    <TextEquiv>
                        <Unicode>en</Unicode>
                    </TextEquiv>
                </Word>
                <Word id="tr_1_tl_56_w4" custom="readingOrder {index:3;}">
                    <Coords points="664,2958 664,3018 776,3018 776,2958"/>
                    <TextEquiv>
                        <Unicode>stadig</Unicode>
                    </TextEquiv>
                </Word>
                <Word id="tr_1_tl_56_w5" custom="readingOrder {index:4;}">
                    <Coords points="814,2955 814,3015 902,3015 902,2955"/>
                    <TextEquiv>
                        <Unicode>Mar¬</Unicode>
                    </TextEquiv>
                </Word>
                <TextEquiv>
                    <Unicode>altid nærværende, en stadig Mar¬</Unicode>
                </TextEquiv>
            </TextLine>
            <TextLine id="tr_1_tl_57" custom="readingOrder {index:56;}">
                <Coords points="204,3043 901,3065 911,3029 858,3002 662,2998 576,3024 484,2999 203,3001"/>
                <Baseline points="209,3040 244,3040 279,3042 314,3042 349,3040 385,3043 420,3043 455,3043 490,3043 525,3043 561,3043 596,3043 631,3044 666,3046 701,3046 737,3044 772,3043 807,3044 842,3046 877,3046 913,3052"/>
                <Word id="tr_1_tl_57_w1" custom="readingOrder {index:0;}">
                    <Coords points="197,3000 197,3060 266,3060 266,3000"/>
                    <TextEquiv>
                        <Unicode>tren</Unicode>
                    </TextEquiv>
                </Word>
                <Word id="tr_1_tl_57_w2" custom="readingOrder {index:1;}">
                    <Coords points="302,3001 302,3061 336,3061 336,3001"/>
                    <TextEquiv>
                        <Unicode>af</Unicode>
                    </TextEquiv>
                </Word>
                <Word id="tr_1_tl_57_w3" custom="readingOrder {index:2;}">
                    <Coords points="361,3003 361,3063 576,3063 576,3003"/>
                    <TextEquiv>
                        <Unicode>Tankerne.</Unicode>
                    </TextEquiv>
                </Word>
                <Word id="tr_1_tl_57_w4" custom="readingOrder {index:3;}">
                    <Coords points="606,3005 606,3065 705,3065 705,3005"/>
                    <TextEquiv>
                        <Unicode>Hans</Unicode>
                    </TextEquiv>
                </Word>
                <Word id="tr_1_tl_57_w5" custom="readingOrder {index:4;}">
                    <Coords points="735,3005 735,3065 914,3065 914,3005"/>
                    <TextEquiv>
                        <Unicode>Arbejde,</Unicode>
                    </TextEquiv>
                </Word>
                <TextEquiv>
                    <Unicode>tren af Tankerne. Hans Arbejde,</Unicode>
                </TextEquiv>
            </TextLine>
            <TextLine id="tr_1_tl_58" custom="readingOrder {index:57;}">
                <Coords points="198,3098 906,3109 884,3053 398,3046 285,3075 198,3052"/>
                <Baseline points="203,3087 238,3089 273,3090 308,3090 343,3090 379,3090 414,3092 449,3093 484,3093 519,3093 555,3093 590,3093 625,3093 660,3094 695,3096 731,3096 766,3096 801,3096 836,3096 871,3096 907,3096"/>
                <Word id="tr_1_tl_58_w1" custom="readingOrder {index:0;}">
                    <Coords points="197,3048 197,3108 254,3108 254,3048"/>
                    <TextEquiv>
                        <Unicode>den</Unicode>
                    </TextEquiv>
                </Word>
                <Word id="tr_1_tl_58_w2" custom="readingOrder {index:1;}">
                    <Coords points="294,3050 294,3110 410,3110 410,3050"/>
                    <TextEquiv>
                        <Unicode>sidste</Unicode>
                    </TextEquiv>
                </Word>
                <Word id="tr_1_tl_58_w3" custom="readingOrder {index:2;}">
                    <Coords points="449,3053 449,3113 648,3113 648,3053"/>
                    <TextEquiv>
                        <Unicode>Strakning</Unicode>
                    </TextEquiv>
                </Word>
                <Word id="tr_1_tl_58_w4" custom="readingOrder {index:3;}">
                    <Coords points="716,3056 716,3116 754,3116 754,3056"/>
                    <TextEquiv>
                        <Unicode>af</Unicode>
                    </TextEquiv>
                </Word>
                <Word id="tr_1_tl_58_w5" custom="readingOrder {index:4;}">
                    <Coords points="814,3056 814,3116 900,3116 900,3056"/>
                    <TextEquiv>
                        <Unicode>hans</Unicode>
                    </TextEquiv>
                </Word>
                <TextEquiv>
                    <Unicode>den sidste Strakning af hans</Unicode>
                </TextEquiv>
            </TextLine>
            <TextLine id="tr_1_tl_59" custom="readingOrder {index:58;}">
                <Coords points="195,3153 905,3162 905,3109 872,3099 195,3097"/>
                <Baseline points="200,3144 235,3142 270,3141 306,3141 341,3141 376,3141 412,3141 447,3143 482,3144 518,3144 553,3144 588,3142 624,3141 659,3142 694,3144 730,3144 765,3144 800,3143 836,3141 871,3141 907,3144"/>
                <Word id="tr_1_tl_59_w1" custom="readingOrder {index:0;}">
                    <Coords points="195,3101 195,3161 442,3161 442,3101"/>
                    <TextEquiv>
                        <Unicode>glansfulde,</Unicode>
                    </TextEquiv>
                </Word>
                <Word id="tr_1_tl_59_w2" custom="readingOrder {index:1;}">
                    <Coords points="473,3101 473,3161 731,3161 731,3101"/>
                    <TextEquiv>
                        <Unicode>kunstneriske</Unicode>
                    </TextEquiv>
                </Word>
                <Word id="tr_1_tl_59_w3" custom="readingOrder {index:2;}">
                    <Coords points="792,3101 792,3161 903,3161 903,3101"/>
                    <TextEquiv>
                        <Unicode>Lobe¬</Unicode>
                    </TextEquiv>
                </Word>
                <TextEquiv>
                    <Unicode>glansfulde, kunstneriske Lobe¬</Unicode>
                </TextEquiv>
            </TextLine>
            <TextLine id="tr_1_tl_60" custom="readingOrder {index:59;}">
                <Coords points="201,3210 905,3204 882,3151 201,3154"/>
                <Baseline points="206,3192 241,3190 276,3191 311,3192 346,3192 381,3192 416,3192 451,3192 486,3192 521,3192 556,3192 591,3194 626,3195 661,3195 696,3192 731,3194 766,3195 801,3195 836,3195 871,3195 907,3195"/>
                <Word id="tr_1_tl_60_w1" custom="readingOrder {index:0;}">
                    <Coords points="195,3150 195,3210 279,3210 279,3150"/>
                    <TextEquiv>
                        <Unicode>bane</Unicode>
                    </TextEquiv>
                </Word>
                <Word id="tr_1_tl_60_w2" custom="readingOrder {index:1;}">
                    <Coords points="317,3152 317,3212 378,3212 378,3152"/>
                    <TextEquiv>
                        <Unicode>var</Unicode>
                    </TextEquiv>
                </Word>
                <Word id="tr_1_tl_60_w3" custom="readingOrder {index:2;}">
                    <Coords points="411,3152 411,3212 486,3212 486,3152"/>
                    <TextEquiv>
                        <Unicode>helt</Unicode>
                    </TextEquiv>
                </Word>
                <Word id="tr_1_tl_60_w4" custom="readingOrder {index:3;}">
                    <Coords points="514,3155 514,3215 758,3215 758,3155"/>
                    <TextEquiv>
                        <Unicode>overskygget</Unicode>
                    </TextEquiv>
                </Word>
                <Word id="tr_1_tl_60_w5" custom="readingOrder {index:4;}">
                    <Coords points="787,3155 787,3215 909,3215 909,3155"/>
                    <TextEquiv>
                        <Unicode>deraf.</Unicode>
                    </TextEquiv>
                </Word>
                <TextEquiv>
                    <Unicode>bane var helt overskygget deraf.</Unicode>
                </TextEquiv>
            </TextLine>
            <TextLine id="tr_1_tl_61" custom="readingOrder {index:60;}">
                <Coords points="240,3260 906,3261 905,3216 823,3205 670,3225 623,3203 239,3197"/>
                <Baseline points="244,3240 277,3240 310,3241 343,3242 376,3240 409,3242 442,3243 476,3243 509,3243 542,3243 575,3243 608,3243 641,3243 674,3243 708,3244 741,3246 774,3248 807,3249 840,3248 873,3246 907,3249"/>
                <Word id="tr_1_tl_61_w1" custom="readingOrder {index:0;}">
                    <Coords points="238,3201 238,3261 429,3261 429,3201"/>
                    <TextEquiv>
                        <Unicode>Schnitzler</Unicode>
                    </TextEquiv>
                </Word>
                <Word id="tr_1_tl_61_w2" custom="readingOrder {index:1;}">
                    <Coords points="459,3203 459,3263 655,3263 655,3203"/>
                    <TextEquiv>
                        <Unicode>arbejdede</Unicode>
                    </TextEquiv>
                </Word>
                <Word id="tr_1_tl_61_w3" custom="readingOrder {index:2;}">
                    <Coords points="684,3206 684,3266 799,3266 799,3206"/>
                    <TextEquiv>
                        <Unicode>stadig</Unicode>
                    </TextEquiv>
                </Word>
                <Word id="tr_1_tl_61_w4" custom="readingOrder {index:3;}">
                    <Coords points="829,3206 829,3266 890,3266 890,3206"/>
                    <TextEquiv>
                        <Unicode>paa</Unicode>
                    </TextEquiv>
                </Word>
                <TextEquiv>
                    <Unicode>Schnitzler arbejdede stadig paa</Unicode>
                </TextEquiv>
            </TextLine>
            <TextLine id="tr_1_tl_62" custom="readingOrder {index:61;}">
                <Coords points="192,3296 907,3311 906,3261 882,3256 192,3253"/>
                <Baseline points="197,3290 232,3288 268,3288 303,3289 339,3290 374,3290 410,3290 445,3292 481,3293 516,3293 552,3293 587,3295 623,3296 658,3296 694,3296 729,3296 765,3296 800,3296 836,3296 871,3296 907,3299"/>
                <Word id="tr_1_tl_62_w1" custom="readingOrder {index:0;}">
                    <Coords points="191,3248 191,3308 272,3308 272,3248"/>
                    <TextEquiv>
                        <Unicode>Here</Unicode>
                    </TextEquiv>
                </Word>
                <Word id="tr_1_tl_62_w2" custom="readingOrder {index:1;}">
                    <Coords points="296,3250 296,3310 440,3310 440,3250"/>
                    <TextEquiv>
                        <Unicode>Værker</Unicode>
                    </TextEquiv>
                </Word>
                <Word id="tr_1_tl_62_w3" custom="readingOrder {index:2;}">
                    <Coords points="460,3253 460,3313 647,3313 647,3253"/>
                    <TextEquiv>
                        <Unicode>samtidig,</Unicode>
                    </TextEquiv>
                </Word>
                <Word id="tr_1_tl_62_w4" custom="readingOrder {index:3;}">
                    <Coords points="662,3256 662,3316 714,3316 714,3256"/>
                    <TextEquiv>
                        <Unicode>som</Unicode>
                    </TextEquiv>
                </Word>
                <Word id="tr_1_tl_62_w5" custom="readingOrder {index:4;}">
                    <Coords points="753,3256 753,3316 815,3316 815,3256"/>
                    <TextEquiv>
                        <Unicode>han</Unicode>
                    </TextEquiv>
                </Word>
                <Word id="tr_1_tl_62_w6" custom="readingOrder {index:5;}">
                    <Coords points="839,3256 839,3316 887,3316 887,3256"/>
                    <TextEquiv>
                        <Unicode>lod</Unicode>
                    </TextEquiv>
                </Word>
                <TextEquiv>
                    <Unicode>Here Værker samtidig, som han lod</Unicode>
                </TextEquiv>
            </TextLine>
            <TextLine id="tr_1_tl_63" custom="readingOrder {index:62;}">
                <Coords points="198,3346 897,3367 897,3313 832,3296 711,3319 198,3298"/>
                <Baseline points="203,3344 237,3344 272,3341 307,3339 342,3341 376,3341 411,3341 446,3341 481,3341 515,3341 550,3343 585,3344 620,3345 654,3347 689,3347 724,3347 759,3346 793,3344 828,3344 863,3344 898,3344"/>
                <Word id="tr_1_tl_63_w1" custom="readingOrder {index:0;}">
                    <Coords points="198,3303 198,3363 278,3363 278,3303"/>
                    <TextEquiv>
                        <Unicode>ligxe</Unicode>
                    </TextEquiv>
                </Word>
                <Word id="tr_1_tl_63_w2" custom="readingOrder {index:1;}">
                    <Coords points="314,3301 314,3361 424,3361 424,3301"/>
                    <TextEquiv>
                        <Unicode>længe</Unicode>
                    </TextEquiv>
                </Word>
                <Word id="tr_1_tl_63_w3" custom="readingOrder {index:2;}">
                    <Coords points="460,3303 460,3363 653,3363 653,3303"/>
                    <TextEquiv>
                        <Unicode>ufuldendt</Unicode>
                    </TextEquiv>
                </Word>
                <Word id="tr_1_tl_63_w4" custom="readingOrder {index:3;}">
                    <Coords points="683,3307 683,3367 718,3367 718,3307"/>
                    <TextEquiv>
                        <Unicode>og</Unicode>
                    </TextEquiv>
                </Word>
                <Word id="tr_1_tl_63_w5" custom="readingOrder {index:4;}">
                    <Coords points="754,3304 754,3364 900,3364 900,3304"/>
                    <TextEquiv>
                        <Unicode>uaffile¬</Unicode>
                    </TextEquiv>
                </Word>
                <TextEquiv>
                    <Unicode>ligxe længe ufuldendt og uaffile¬</Unicode>
                </TextEquiv>
            </TextLine>
            <TextLine id="tr_1_tl_64" custom="readingOrder {index:63;}">
                <Coords points="192,3400 471,3395 627,3424 715,3396 866,3430 902,3424 902,3371 447,3344 406,3369 331,3347 239,3365 191,3341"/>
                <Baseline points="197,3389 232,3389 267,3389 303,3390 338,3392 373,3392 409,3392 444,3392 479,3392 515,3392 550,3395 585,3395 621,3395 656,3395 691,3395 727,3395 762,3397 797,3397 833,3395 868,3395 904,3392"/>
                <Word id="tr_1_tl_64_w1" custom="readingOrder {index:0;}">
                    <Coords points="190,3349 190,3409 250,3409 250,3349"/>
                    <TextEquiv>
                        <Unicode>de.</Unicode>
                    </TextEquiv>
                </Word>
                <Word id="tr_1_tl_64_w2" custom="readingOrder {index:1;}">
                    <Coords points="289,3351 289,3411 364,3411 364,3351"/>
                    <TextEquiv>
                        <Unicode>Man</Unicode>
                    </TextEquiv>
                </Word>
                <Word id="tr_1_tl_64_w3" custom="readingOrder {index:2;}">
                    <Coords points="407,3352 407,3412 458,3412 458,3352"/>
                    <TextEquiv>
                        <Unicode>vil</Unicode>
                    </TextEquiv>
                </Word>
                <Word id="tr_1_tl_64_w4" custom="readingOrder {index:3;}">
                    <Coords points="482,3353 482,3413 576,3413 576,3353"/>
                    <TextEquiv>
                        <Unicode>finde</Unicode>
                    </TextEquiv>
                </Word>
                <Word id="tr_1_tl_64_w5" custom="readingOrder {index:4;}">
                    <Coords points="614,3355 614,3415 708,3415 708,3355"/>
                    <TextEquiv>
                        <Unicode>store</Unicode>
                    </TextEquiv>
                </Word>
                <Word id="tr_1_tl_64_w6" custom="readingOrder {index:5;}">
                    <Coords points="741,3355 741,3415 896,3415 896,3355"/>
                    <TextEquiv>
                        <Unicode>literare</Unicode>
                    </TextEquiv>
                </Word>
                <TextEquiv>
                    <Unicode>de. Man vil finde store literare</Unicode>
                </TextEquiv>
            </TextLine>
            <TextLine id="tr_1_tl_65" custom="readingOrder {index:64;}">
                <Coords points="195,3458 262,3445 294,3460 423,3446 463,3463 562,3450 561,3411 479,3403 467,3415 418,3399 379,3416 358,3401 319,3414 302,3400 273,3411 194,3400"/>
                <Baseline points="200,3443 226,3441 252,3440 278,3440 304,3440 330,3440 356,3440 382,3440 408,3440 434,3441 460,3442 486,3443 512,3443 538,3445 564,3446"/>
                <Word id="tr_1_tl_65_w1" custom="readingOrder {index:0;}">
                    <Coords points="193,3400 193,3460 565,3460 565,3400"/>
                    <TextEquiv>
                        <Unicode>Efterladenskaber.</Unicode>
                    </TextEquiv>
                </Word>
                <TextEquiv>
                    <Unicode>Efterladenskaber.</Unicode>
                </TextEquiv>
            </TextLine>
            <TextLine id="tr_1_tl_66" custom="readingOrder {index:65;}">
                <Coords points="233,3493 286,3517 322,3495 897,3514 897,3463 828,3451 233,3456"/>
                <Baseline points="238,3488 271,3490 304,3491 337,3492 370,3494 403,3492 436,3492 469,3494 502,3494 535,3494 568,3494 601,3494 634,3496 667,3497 700,3497 733,3497 766,3497 799,3497 832,3497 865,3497 898,3497"/>
                <Word id="tr_1_tl_66_w1" custom="readingOrder {index:0;}">
                    <Coords points="232,3449 232,3509 291,3509 291,3449"/>
                    <TextEquiv>
                        <Unicode>Jeg</Unicode>
                    </TextEquiv>
                </Word>
                <Word id="tr_1_tl_66_w2" custom="readingOrder {index:1;}">
                    <Coords points="326,3452 326,3512 460,3512 460,3452"/>
                    <TextEquiv>
                        <Unicode>frygter</Unicode>
                    </TextEquiv>
                </Word>
                <Word id="tr_1_tl_66_w3" custom="readingOrder {index:2;}">
                    <Coords points="490,3454 490,3514 564,3514 564,3454"/>
                    <TextEquiv>
                        <Unicode>for.</Unicode>
                    </TextEquiv>
                </Word>
                <Word id="tr_1_tl_66_w4" custom="readingOrder {index:3;}">
                    <Coords points="589,3454 589,3514 628,3514 628,3454"/>
                    <TextEquiv>
                        <Unicode>at</Unicode>
                    </TextEquiv>
                </Word>
                <Word id="tr_1_tl_66_w5" custom="readingOrder {index:4;}">
                    <Coords points="653,3457 653,3517 717,3517 717,3457"/>
                    <TextEquiv>
                        <Unicode>han</Unicode>
                    </TextEquiv>
                </Word>
                <Word id="tr_1_tl_66_w6" custom="readingOrder {index:5;}">
                    <Coords points="757,3457 757,3517 772,3517 772,3457"/>
                    <TextEquiv>
                        <Unicode>1</Unicode>
                    </TextEquiv>
                </Word>
                <Word id="tr_1_tl_66_w7" custom="readingOrder {index:6;}">
                    <Coords points="797,3457 797,3517 890,3517 890,3457"/>
                    <TextEquiv>
                        <Unicode>mine</Unicode>
                    </TextEquiv>
                </Word>
                <TextEquiv>
                    <Unicode>Jeg frygter for. at han 1 mine</Unicode>
                </TextEquiv>
            </TextLine>
            <TextLine id="tr_1_tl_67" custom="readingOrder {index:66;}">
                <Coords points="198,3554 892,3571 899,3507 197,3503"/>
                <Baseline points="203,3544 237,3544 272,3544 307,3544 342,3544 377,3544 412,3544 447,3545 482,3547 517,3547 552,3547 586,3545 621,3545 656,3547 691,3550 726,3550 761,3550 796,3550 831,3550 866,3552 901,3556"/>
                <Word id="tr_1_tl_67_w1" custom="readingOrder {index:0;}">
                    <Coords points="196,3504 196,3564 354,3564 354,3504"/>
                    <TextEquiv>
                        <Unicode>Dromme</Unicode>
                    </TextEquiv>
                </Word>
                <Word id="tr_1_tl_67_w2" custom="readingOrder {index:1;}">
                    <Coords points="378,3504 378,3564 429,3564 429,3504"/>
                    <TextEquiv>
                        <Unicode>vil</Unicode>
                    </TextEquiv>
                </Word>
                <Word id="tr_1_tl_67_w3" custom="readingOrder {index:2;}">
                    <Coords points="444,3506 444,3566 518,3566 518,3506"/>
                    <TextEquiv>
                        <Unicode>staa</Unicode>
                    </TextEquiv>
                </Word>
                <Word id="tr_1_tl_67_w4" custom="readingOrder {index:3;}">
                    <Coords points="542,3505 542,3565 706,3565 706,3505"/>
                    <TextEquiv>
                        <Unicode>saaledes</Unicode>
                    </TextEquiv>
                </Word>
                <Word id="tr_1_tl_67_w5" custom="readingOrder {index:4;}">
                    <Coords points="730,3510 730,3570 781,3570 781,3510"/>
                    <TextEquiv>
                        <Unicode>for</Unicode>
                    </TextEquiv>
                </Word>
                <Word id="tr_1_tl_67_w6" custom="readingOrder {index:5;}">
                    <Coords points="810,3511 810,3571 898,3571 898,3511"/>
                    <TextEquiv>
                        <Unicode>mig:</Unicode>
                    </TextEquiv>
                </Word>
                <TextEquiv>
                    <Unicode>Dromme vil staa saaledes for mig:</Unicode>
                </TextEquiv>
            </TextLine>
            <TextLine id="tr_1_tl_68" custom="readingOrder {index:67;}">
                <Coords points="192,3611 899,3606 899,3566 812,3556 192,3554"/>
                <Baseline points="197,3595 232,3595 267,3595 302,3595 337,3595 373,3595 408,3593 443,3595 478,3598 513,3598 549,3595 584,3597 619,3598 654,3597 689,3595 725,3597 760,3598 795,3598 830,3598 865,3598 901,3598"/>
                <Word id="tr_1_tl_68_w1" custom="readingOrder {index:0;}">
                    <Coords points="191,3555 191,3615 279,3615 279,3555"/>
                    <TextEquiv>
                        <Unicode>lille,</Unicode>
                    </TextEquiv>
                </Word>
                <Word id="tr_1_tl_68_w2" custom="readingOrder {index:1;}">
                    <Coords points="303,3555 303,3615 382,3615 382,3555"/>
                    <TextEquiv>
                        <Unicode>grau</Unicode>
                    </TextEquiv>
                </Word>
                <Word id="tr_1_tl_68_w3" custom="readingOrder {index:2;}">
                    <Coords points="439,3555 439,3615 457,3615 457,3555"/>
                    <TextEquiv>
                        <Unicode>i</Unicode>
                    </TextEquiv>
                </Word>
                <Word id="tr_1_tl_68_w4" custom="readingOrder {index:3;}">
                    <Coords points="486,3556 486,3616 654,3616 654,3556"/>
                    <TextEquiv>
                        <Unicode>Ansigtet</Unicode>
                    </TextEquiv>
                </Word>
                <Word id="tr_1_tl_68_w5" custom="readingOrder {index:4;}">
                    <Coords points="711,3558 711,3618 898,3618 898,3558"/>
                    <TextEquiv>
                        <Unicode>ammen-</Unicode>
                    </TextEquiv>
                </Word>
                <TextEquiv>
                    <Unicode>lille, grau i Ansigtet ammen-</Unicode>
                </TextEquiv>
            </TextLine>
            <TextLine id="tr_1_tl_69" custom="readingOrder {index:68;}">
                <Coords points="198,3656 890,3666 890,3612 867,3606 717,3604 691,3625 425,3594 198,3610"/>
                <Baseline points="203,3646 237,3644 271,3645 306,3646 340,3646 375,3646 409,3646 444,3646 478,3646 513,3646 547,3646 581,3646 616,3647 650,3649 685,3647 719,3646 754,3647 788,3649 823,3646 857,3648 892,3649"/>
                <Word id="tr_1_tl_69_w1" custom="readingOrder {index:0;}">
                    <Coords points="192,3605 192,3665 374,3665 374,3605"/>
                    <TextEquiv>
                        <Unicode>krumpen</Unicode>
                    </TextEquiv>
                </Word>
                <Word id="tr_1_tl_69_w2" custom="readingOrder {index:1;}">
                    <Coords points="402,3606 402,3666 416,3666 416,3606"/>
                    <TextEquiv>
                        <Unicode>i</Unicode>
                    </TextEquiv>
                </Word>
                <Word id="tr_1_tl_69_w3" custom="readingOrder {index:2;}">
                    <Coords points="431,3606 431,3666 491,3666 491,3606"/>
                    <TextEquiv>
                        <Unicode>den</Unicode>
                    </TextEquiv>
                </Word>
                <Word id="tr_1_tl_69_w4" custom="readingOrder {index:3;}">
                    <Coords points="520,3606 520,3666 679,3666 679,3606"/>
                    <TextEquiv>
                        <Unicode>elegani.</Unicode>
                    </TextEquiv>
                </Word>
                <Word id="tr_1_tl_69_w5" custom="readingOrder {index:4;}">
                    <Coords points="703,3608 703,3668 894,3668 894,3608"/>
                    <TextEquiv>
                        <Unicode>Overfrak-</Unicode>
                    </TextEquiv>
                </Word>
                <TextEquiv>
                    <Unicode>krumpen i den elegani. Overfrak-</Unicode>
                </TextEquiv>
            </TextLine>
            <TextLine id="tr_1_tl_70" custom="readingOrder {index:69;}">
                <Coords points="186,3703 900,3711 877,3659 186,3660"/>
                <Baseline points="191,3691 226,3691 262,3693 297,3695 333,3696 368,3694 404,3696 439,3697 475,3697 510,3697 546,3697 581,3697 617,3697 652,3698 688,3700 723,3697 759,3697 794,3697 830,3697 865,3697 901,3700"/>
                <Word id="tr_1_tl_70_w1" custom="readingOrder {index:0;}">
                    <Coords points="185,3651 185,3711 245,3711 245,3651"/>
                    <TextEquiv>
                        <Unicode>ke.</Unicode>
                    </TextEquiv>
                </Word>
                <Word id="tr_1_tl_70_w2" custom="readingOrder {index:1;}">
                    <Coords points="283,3655 283,3715 352,3715 352,3655"/>
                    <TextEquiv>
                        <Unicode>Han</Unicode>
                    </TextEquiv>
                </Word>
                <Word id="tr_1_tl_70_w3" custom="readingOrder {index:2;}">
                    <Coords points="390,3657 390,3717 549,3717 549,3657"/>
                    <TextEquiv>
                        <Unicode>trækker</Unicode>
                    </TextEquiv>
                </Word>
                <Word id="tr_1_tl_70_w4" custom="readingOrder {index:3;}">
                    <Coords points="577,3657 577,3717 642,3717 642,3657"/>
                    <TextEquiv>
                        <Unicode>paa</Unicode>
                    </TextEquiv>
                </Word>
                <Word id="tr_1_tl_70_w5" custom="readingOrder {index:4;}">
                    <Coords points="675,3657 675,3717 894,3717 894,3657"/>
                    <TextEquiv>
                        <Unicode>Skuldrene,</Unicode>
                    </TextEquiv>
                </Word>
                <TextEquiv>
                    <Unicode>ke. Han trækker paa Skuldrene,</Unicode>
                </TextEquiv>
            </TextLine>
            <TextLine id="tr_1_tl_71" custom="readingOrder {index:70;}">
                <Coords points="186,3746 900,3764 900,3711 835,3701 740,3721 186,3703"/>
                <Baseline points="191,3744 226,3742 262,3743 297,3744 333,3744 368,3744 404,3744 439,3744 475,3744 510,3744 546,3744 581,3746 617,3747 652,3747 688,3747 723,3747 759,3747 794,3747 830,3747 865,3747 901,3750"/>
                <Word id="tr_1_tl_71_w1" custom="readingOrder {index:0;}">
                    <Coords points="185,3704 185,3764 539,3764 539,3704"/>
                    <TextEquiv>
                        <Unicode>Schnitzler-Lokken</Unicode>
                    </TextEquiv>
                </Word>
                <Word id="tr_1_tl_71_w2" custom="readingOrder {index:1;}">
                    <Coords points="573,3707 573,3767 684,3767 684,3707"/>
                    <TextEquiv>
                        <Unicode>flyver</Unicode>
                    </TextEquiv>
                </Word>
                <Word id="tr_1_tl_71_w3" custom="readingOrder {index:2;}">
                    <Coords points="713,3707 713,3767 796,3767 796,3707"/>
                    <TextEquiv>
                        <Unicode>over</Unicode>
                    </TextEquiv>
                </Word>
                <Word id="tr_1_tl_71_w4" custom="readingOrder {index:3;}">
                    <Coords points="820,3707 820,3767 880,3767 880,3707"/>
                    <TextEquiv>
                        <Unicode>den</Unicode>
                    </TextEquiv>
                </Word>
                <TextEquiv>
                    <Unicode>Schnitzler-Lokken flyver over den</Unicode>
                </TextEquiv>
            </TextLine>
            <TextLine id="tr_1_tl_72" custom="readingOrder {index:71;}">
                <Coords points="198,3802 899,3810 899,3763 854,3756 198,3753"/>
                <Baseline points="203,3795 237,3795 272,3795 307,3795 342,3795 377,3795 412,3795 447,3795 482,3795 517,3795 552,3795 586,3795 621,3795 656,3795 691,3795 726,3797 761,3798 796,3797 831,3795 866,3797 901,3798"/>
                <Word id="tr_1_tl_72_w1" custom="readingOrder {index:0;}">
                    <Coords points="192,3755 192,3815 433,3815 433,3755"/>
                    <TextEquiv>
                        <Unicode>idunderlige</Unicode>
                    </TextEquiv>
                </Word>
                <Word id="tr_1_tl_72_w2" custom="readingOrder {index:1;}">
                    <Coords points="473,3755 473,3815 613,3815 613,3755"/>
                    <TextEquiv>
                        <Unicode>Pande,</Unicode>
                    </TextEquiv>
                </Word>
                <Word id="tr_1_tl_72_w3" custom="readingOrder {index:2;}">
                    <Coords points="637,3757 637,3817 893,3817 893,3757"/>
                    <TextEquiv>
                        <Unicode>Hageskagets</Unicode>
                    </TextEquiv>
                </Word>
                <TextEquiv>
                    <Unicode>idunderlige Pande, Hageskagets</Unicode>
                </TextEquiv>
            </TextLine>
            <TextLine id="tr_1_tl_73" custom="readingOrder {index:72;}">
                <Coords points="187,3854 896,3857 895,3816 841,3810 186,3801"/>
                <Baseline points="191,3846 226,3844 261,3843 297,3843 332,3843 367,3843 403,3845 438,3846 473,3846 509,3846 544,3846 579,3846 615,3846 650,3846 685,3846 721,3849 756,3849 791,3849 827,3849 862,3849 898,3849"/>
                <Word id="tr_1_tl_73_w1" custom="readingOrder {index:0;}">
                    <Coords points="185,3803 185,3863 283,3863 283,3803"/>
                    <TextEquiv>
                        <Unicode>hvide</Unicode>
                    </TextEquiv>
                </Word>
                <Word id="tr_1_tl_73_w2" custom="readingOrder {index:1;}">
                    <Coords points="313,3803 313,3863 383,3863 383,3803"/>
                    <TextEquiv>
                        <Unicode>Har</Unicode>
                    </TextEquiv>
                </Word>
                <Word id="tr_1_tl_73_w3" custom="readingOrder {index:2;}">
                    <Coords points="403,3806 403,3866 525,3866 525,3806"/>
                    <TextEquiv>
                        <Unicode>sitrer.</Unicode>
                    </TextEquiv>
                </Word>
                <Word id="tr_1_tl_73_w4" custom="readingOrder {index:3;}">
                    <Coords points="550,3806 550,3866 611,3866 611,3806"/>
                    <TextEquiv>
                        <Unicode>Jeg</Unicode>
                    </TextEquiv>
                </Word>
                <Word id="tr_1_tl_73_w5" custom="readingOrder {index:4;}">
                    <Coords points="635,3806 635,3866 696,3866 696,3806"/>
                    <TextEquiv>
                        <Unicode>ser</Unicode>
                    </TextEquiv>
                </Word>
                <Word id="tr_1_tl_73_w6" custom="readingOrder {index:5;}">
                    <Coords points="716,3809 716,3869 776,3869 776,3809"/>
                    <TextEquiv>
                        <Unicode>ham</Unicode>
                    </TextEquiv>
                </Word>
                <Word id="tr_1_tl_73_w7" custom="readingOrder {index:6;}">
                    <Coords points="815,3809 815,3869 885,3869 885,3809"/>
                    <TextEquiv>
                        <Unicode>staa</Unicode>
                    </TextEquiv>
                </Word>
                <TextEquiv>
                    <Unicode>hvide Har sitrer. Jeg ser ham staa</Unicode>
                </TextEquiv>
            </TextLine>
            <TextLine id="tr_1_tl_74" custom="readingOrder {index:73;}">
                <Coords points="186,3903 900,3904 874,3864 808,3856 186,3855"/>
                <Baseline points="191,3894 226,3894 262,3894 297,3894 333,3894 368,3894 404,3894 439,3894 475,3894 510,3894 546,3894 581,3896 617,3897 652,3897 688,3897 723,3897 759,3897 794,3898 830,3899 865,3897 901,3897"/>
                <Word id="tr_1_tl_74_w1" custom="readingOrder {index:0;}">
                    <Coords points="185,3854 185,3914 363,3914 363,3854"/>
                    <TextEquiv>
                        <Unicode>fortv:vlet</Unicode>
                    </TextEquiv>
                </Word>
                <Word id="tr_1_tl_74_w2" custom="readingOrder {index:1;}">
                    <Coords points="387,3854 387,3914 598,3914 598,3854"/>
                    <TextEquiv>
                        <Unicode>trækkende</Unicode>
                    </TextEquiv>
                </Word>
                <Word id="tr_1_tl_74_w3" custom="readingOrder {index:2;}">
                    <Coords points="627,3857 627,3917 687,3917 687,3857"/>
                    <TextEquiv>
                        <Unicode>paa</Unicode>
                    </TextEquiv>
                </Word>
                <Word id="tr_1_tl_74_w4" custom="readingOrder {index:3;}">
                    <Coords points="721,3858 721,3918 894,3918 894,3858"/>
                    <TextEquiv>
                        <Unicode>Skuldre-</Unicode>
                    </TextEquiv>
                </Word>
                <TextEquiv>
                    <Unicode>fortv:vlet trækkende paa Skuldre-</Unicode>
                </TextEquiv>
            </TextLine>
            <TextLine id="tr_1_tl_75" custom="readingOrder {index:74;}">
                <Coords points="186,3958 900,3959 900,3916 814,3905 186,3917"/>
                <Baseline points="191,3945 226,3945 262,3945 297,3945 333,3945 368,3945 404,3945 439,3945 475,3946 510,3947 546,3947 581,3947 617,3947 652,3947 688,3947 723,3947 759,3947 794,3948 830,3950 865,3950 901,3950"/>
                <Word id="tr_1_tl_75_w1" custom="readingOrder {index:0;}">
                    <Coords points="185,3905 185,3965 223,3965 223,3905"/>
                    <TextEquiv>
                        <Unicode>ne</Unicode>
                    </TextEquiv>
                </Word>
                <Word id="tr_1_tl_75_w2" custom="readingOrder {index:1;}">
                    <Coords points="248,3905 248,3965 314,3965 314,3905"/>
                    <TextEquiv>
                        <Unicode>paa</Unicode>
                    </TextEquiv>
                </Word>
                <Word id="tr_1_tl_75_w3" custom="readingOrder {index:2;}">
                    <Coords points="344,3905 344,3965 594,3965 594,3905"/>
                    <TextEquiv>
                        <Unicode>Afslutningen</Unicode>
                    </TextEquiv>
                </Word>
                <Word id="tr_1_tl_75_w4" custom="readingOrder {index:3;}">
                    <Coords points="625,3907 625,3967 662,3967 662,3907"/>
                    <TextEquiv>
                        <Unicode>af</Unicode>
                    </TextEquiv>
                </Word>
                <Word id="tr_1_tl_75_w5" custom="readingOrder {index:4;}">
                    <Coords points="687,3907 687,3967 774,3967 774,3907"/>
                    <TextEquiv>
                        <Unicode>hans</Unicode>
                    </TextEquiv>
                </Word>
                <Word id="tr_1_tl_75_w6" custom="readingOrder {index:5;}">
                    <Coords points="798,3910 798,3970 894,3970 894,3910"/>
                    <TextEquiv>
                        <Unicode>glor¬</Unicode>
                    </TextEquiv>
                </Word>
                <TextEquiv>
                    <Unicode>ne paa Afslutningen af hans glor¬</Unicode>
                </TextEquiv>
            </TextLine>
            <TextLine id="tr_1_tl_76" custom="readingOrder {index:75;}">
                <Coords points="192,4006 893,4013 877,3955 743,3979 661,3952 635,3972 192,3958"/>
                <Baseline points="197,3995 231,3995 266,3995 301,3994 336,3992 371,3995 406,3995 441,3995 476,3995 511,3995 546,3995 580,3997 615,3998 650,3998 685,3995 720,3995 755,3996 790,3998 825,3998 860,3998 895,3998"/>
                <Word id="tr_1_tl_76_w1" custom="readingOrder {index:0;}">
                    <Coords points="191,3955 191,4015 229,4015 229,3955"/>
                    <TextEquiv>
                        <Unicode>rig</Unicode>
                    </TextEquiv>
                </Word>
                <Word id="tr_1_tl_76_w2" custom="readingOrder {index:1;}">
                    <Coords points="288,3955 288,4015 486,4015 486,3955"/>
                    <TextEquiv>
                        <Unicode>halvfjerds</Unicode>
                    </TextEquiv>
                </Word>
                <Word id="tr_1_tl_76_w3" custom="readingOrder {index:2;}">
                    <Coords points="520,3956 520,4016 606,4016 606,3956"/>
                    <TextEquiv>
                        <Unicode>Aar,</Unicode>
                    </TextEquiv>
                </Word>
                <Word id="tr_1_tl_76_w4" custom="readingOrder {index:3;}">
                    <Coords points="631,3955 631,4015 722,4015 722,3955"/>
                    <TextEquiv>
                        <Unicode>efter</Unicode>
                    </TextEquiv>
                </Word>
                <Word id="tr_1_tl_76_w5" custom="readingOrder {index:4;}">
                    <Coords points="752,3956 752,4016 790,4016 790,3956"/>
                    <TextEquiv>
                        <Unicode>et</Unicode>
                    </TextEquiv>
                </Word>
                <Word id="tr_1_tl_76_w6" custom="readingOrder {index:5;}">
                    <Coords points="815,3958 815,4018 896,4018 896,3958"/>
                    <TextEquiv>
                        <Unicode>saa-</Unicode>
                    </TextEquiv>
                </Word>
                <TextEquiv>
                    <Unicode>rig halvfjerds Aar, efter et saa-</Unicode>
                </TextEquiv>
            </TextLine>
            <TextLine id="tr_1_tl_77" custom="readingOrder {index:76;}">
                <Coords points="180,4052 887,4054 887,4011 833,4006 180,4013"/>
                <Baseline points="185,4043 220,4043 255,4043 290,4043 325,4043 361,4043 396,4043 431,4043 466,4043 501,4043 537,4046 572,4046 607,4046 642,4046 677,4046 713,4046 748,4046 783,4046 818,4046 853,4049 889,4049"/>
                <Word id="tr_1_tl_77_w1" custom="readingOrder {index:0;}">
                    <Coords points="180,4003 180,4063 270,4063 270,4003"/>
                    <TextEquiv>
                        <Unicode>dant</Unicode>
                    </TextEquiv>
                </Word>
                <Word id="tr_1_tl_77_w2" custom="readingOrder {index:1;}">
                    <Coords points="295,4003 295,4063 466,4063 466,4003"/>
                    <TextEquiv>
                        <Unicode>Arbejde,</Unicode>
                    </TextEquiv>
                </Word>
                <Word id="tr_1_tl_77_w3" custom="readingOrder {index:2;}">
                    <Coords points="487,4006 487,4066 668,4066 668,4006"/>
                    <TextEquiv>
                        <Unicode>saadanne</Unicode>
                    </TextEquiv>
                </Word>
                <Word id="tr_1_tl_77_w4" custom="readingOrder {index:3;}">
                    <Coords points="699,4006 699,4066 890,4066 890,4006"/>
                    <TextEquiv>
                        <Unicode>Triumfer.</Unicode>
                    </TextEquiv>
                </Word>
                <TextEquiv>
                    <Unicode>dant Arbejde, saadanne Triumfer.</Unicode>
                </TextEquiv>
            </TextLine>
            <TextLine id="tr_1_tl_78" custom="readingOrder {index:77;}">
                <Coords points="195,4107 890,4111 889,4071 821,4059 194,4050"/>
                <Baseline points="200,4094 234,4092 269,4093 303,4094 338,4094 373,4091 407,4093 442,4094 476,4094 511,4094 546,4094 580,4095 615,4097 649,4097 684,4097 719,4097 753,4098 788,4100 822,4097 857,4099 892,4100"/>
                <Word id="tr_1_tl_78_w1" custom="readingOrder {index:0;}">
                    <Coords points="194,4052 194,4112 255,4112 255,4052"/>
                    <TextEquiv>
                        <Unicode>Han</Unicode>
                    </TextEquiv>
                </Word>
                <Word id="tr_1_tl_78_w2" custom="readingOrder {index:1;}">
                    <Coords points="287,4054 287,4114 343,4114 343,4054"/>
                    <TextEquiv>
                        <Unicode>var</Unicode>
                    </TextEquiv>
                </Word>
                <Word id="tr_1_tl_78_w3" custom="readingOrder {index:2;}">
                    <Coords points="365,4052 365,4112 426,4112 426,4052"/>
                    <TextEquiv>
                        <Unicode>dog</Unicode>
                    </TextEquiv>
                </Word>
                <Word id="tr_1_tl_78_w4" custom="readingOrder {index:3;}">
                    <Coords points="458,4054 458,4114 608,4114 608,4054"/>
                    <TextEquiv>
                        <Unicode>fremfor</Unicode>
                    </TextEquiv>
                </Word>
                <Word id="tr_1_tl_78_w5" custom="readingOrder {index:4;}">
                    <Coords points="629,4057 629,4117 680,4117 680,4057"/>
                    <TextEquiv>
                        <Unicode>alt</Unicode>
                    </TextEquiv>
                </Word>
                <Word id="tr_1_tl_78_w6" custom="readingOrder {index:5;}">
                    <Coords points="707,4057 707,4117 738,4117 738,4057"/>
                    <TextEquiv>
                        <Unicode>en</Unicode>
                    </TextEquiv>
                </Word>
                <Word id="tr_1_tl_78_w7" custom="readingOrder {index:6;}">
                    <Coords points="770,4057 770,4117 893,4117 893,4057"/>
                    <TextEquiv>
                        <Unicode>Lage,</Unicode>
                    </TextEquiv>
                </Word>
                <TextEquiv>
                    <Unicode>Han var dog fremfor alt en Lage,</Unicode>
                </TextEquiv>
            </TextLine>
            <TextLine id="tr_1_tl_79" custom="readingOrder {index:78;}">
                <Coords points="186,4151 893,4159 878,4108 686,4126 528,4100 186,4101"/>
                <Baseline points="191,4142 226,4142 261,4144 296,4145 331,4145 367,4145 402,4145 437,4145 472,4145 507,4145 543,4145 578,4145 613,4146 648,4148 683,4148 719,4148 754,4150 789,4151 824,4151 859,4148 895,4148"/>
                <Word id="tr_1_tl_79_w1" custom="readingOrder {index:0;}">
                    <Coords points="187,4102 187,4162 292,4162 292,4102"/>
                    <TextEquiv>
                        <Unicode>stadig</Unicode>
                    </TextEquiv>
                </Word>
                <Word id="tr_1_tl_79_w2" custom="readingOrder {index:1;}">
                    <Coords points="332,4105 332,4165 410,4165 410,4105"/>
                    <TextEquiv>
                        <Unicode>med</Unicode>
                    </TextEquiv>
                </Word>
                <Word id="tr_1_tl_79_w3" custom="readingOrder {index:2;}">
                    <Coords points="449,4105 449,4165 622,4165 622,4105"/>
                    <TextEquiv>
                        <Unicode>Fingeren</Unicode>
                    </TextEquiv>
                </Word>
                <Word id="tr_1_tl_79_w4" custom="readingOrder {index:3;}">
                    <Coords points="689,4108 689,4168 756,4168 756,4108"/>
                    <TextEquiv>
                        <Unicode>paa</Unicode>
                    </TextEquiv>
                </Word>
                <Word id="tr_1_tl_79_w5" custom="readingOrder {index:4;}">
                    <Coords points="796,4109 796,4169 879,4169 879,4109"/>
                    <TextEquiv>
                        <Unicode>egen</Unicode>
                    </TextEquiv>
                </Word>
                <TextEquiv>
                    <Unicode>stadig med Fingeren paa egen</Unicode>
                </TextEquiv>
            </TextLine>
            <TextLine id="tr_1_tl_80" custom="readingOrder {index:79;}">
                <Coords points="183,4196 783,4221 822,4212 822,4157 501,4150 455,4170 333,4152 300,4176 182,4148"/>
                <Baseline points="188,4189 219,4191 251,4192 283,4192 315,4195 347,4195 378,4195 410,4195 442,4195 474,4195 506,4195 537,4195 569,4197 601,4198 633,4198 665,4198 696,4197 728,4195 760,4195 792,4196 824,4195"/>
                <Word id="tr_1_tl_80_w1" custom="readingOrder {index:0;}">
                    <Coords points="183,4151 183,4211 284,4211 284,4151"/>
                    <TextEquiv>
                        <Unicode>l'uls,</Unicode>
                    </TextEquiv>
                </Word>
                <Word id="tr_1_tl_80_w2" custom="readingOrder {index:1;}">
                    <Coords points="302,4155 302,4215 336,4215 336,4155"/>
                    <TextEquiv>
                        <Unicode>og</Unicode>
                    </TextEquiv>
                </Word>
                <Word id="tr_1_tl_80_w3" custom="readingOrder {index:2;}">
                    <Coords points="370,4155 370,4215 426,4215 426,4155"/>
                    <TextEquiv>
                        <Unicode>han</Unicode>
                    </TextEquiv>
                </Word>
                <Word id="tr_1_tl_80_w4" custom="readingOrder {index:3;}">
                    <Coords points="461,4155 461,4215 597,4215 597,4155"/>
                    <TextEquiv>
                        <Unicode>vidste,</Unicode>
                    </TextEquiv>
                </Word>
                <Word id="tr_1_tl_80_w5" custom="readingOrder {index:4;}">
                    <Coords points="615,4158 615,4218 648,4218 648,4158"/>
                    <TextEquiv>
                        <Unicode>at</Unicode>
                    </TextEquiv>
                </Word>
                <Word id="tr_1_tl_80_w6" custom="readingOrder {index:5;}">
                    <Coords points="672,4155 672,4215 790,4215 790,4155"/>
                    <TextEquiv>
                        <Unicode>Doden</Unicode>
                    </TextEquiv>
                </Word>
                <TextEquiv>
                    <Unicode>l'uls, og han vidste, at Doden</Unicode>
                </TextEquiv>
            </TextLine>
            <TextLine id="tr_1_tl_81" custom="readingOrder {index:80;}">
                <Coords points="189,4248 277,4247 289,4255 300,4247 312,4256 323,4246 355,4255 413,4246 413,4209 329,4212 257,4196 231,4210 212,4197 189,4197"/>
                <Baseline points="194,4240 221,4238 249,4238 276,4240 304,4240 332,4240 359,4238 387,4238 415,4240"/>
                <Word id="tr_1_tl_81_w1" custom="readingOrder {index:0;}">
                    <Coords points="190,4200 190,4260 410,4260 410,4200"/>
                    <TextEquiv>
                        <Unicode>komme.</Unicode>
                    </TextEquiv>
                </Word>
                <TextEquiv>
                    <Unicode>komme.</Unicode>
                </TextEquiv>
            </TextLine>
            <TextEquiv>
                <Unicode></Unicode>
            </TextEquiv>
        </TextRegion>
        <TextRegion orientation="0.0" id="tr_2" custom="readingOrder {index:1;}">
            <Coords points="1729,259 1729,4263 2478,4263 2478,259"/>
            <TextLine id="tr_2_tl_1" custom="readingOrder {index:0;}">
                <Coords points="1732,305 1738,303 1746,308 1756,298 1774,295 1785,301 1793,295 1813,296 1820,302 1834,297 1828,234 1809,235 1786,249 1763,244 1755,249 1726,240"/>
                <Baseline points="1735,283 1760,285 1785,287 1810,290 1836,292"/>
                <Word id="tr_2_tl_1_w1" custom="readingOrder {index:0;}">
                    <Coords points="1725,246 1725,306 1833,306 1833,246"/>
                    <TextEquiv>
                        <Unicode>vom:</Unicode>
                    </TextEquiv>
                </Word>
                <TextEquiv>
                    <Unicode>vom:</Unicode>
                </TextEquiv>
            </TextLine>
            <TextLine id="tr_2_tl_2" custom="readingOrder {index:1;}">
                <Coords points="1824,424 1842,417 1910,433 1923,422 1942,420 1988,432 1981,360 1962,364 1912,351 1899,362 1847,362 1819,374"/>
                <Baseline points="1827,403 1853,405 1880,407 1907,411 1934,413 1961,415 1988,418"/>
                <Word id="tr_2_tl_2_w1" custom="readingOrder {index:0;}">
                    <Coords points="1822,370 1822,430 1989,430 1989,370"/>
                    <TextEquiv>
                        <Unicode>Bladet;</Unicode>
                    </TextEquiv>
                </Word>
                <TextEquiv>
                    <Unicode>Bladet;</Unicode>
                </TextEquiv>
            </TextLine>
            <TextLine id="tr_2_tl_3" custom="readingOrder {index:2;}">
                <Coords points="1980,558 2431,621 2456,618 2446,542 2272,532 2057,472 1968,467"/>
                <Baseline points="1982,537 2008,540 2034,544 2060,547 2086,551 2113,554 2139,558 2165,561 2191,565 2218,568 2244,570 2270,574 2296,579 2322,582 2349,586 2375,590 2401,592 2427,594 2454,597"/>
                <Word id="tr_2_tl_3_w1" custom="readingOrder {index:0;}">
                    <Coords points="1982,526 1982,586 2426,586 2426,526"/>
                    <TextEquiv>
                        <Unicode>Aarhusposten</Unicode>
                    </TextEquiv>
                </Word>
                <TextEquiv>
                    <Unicode>Aarhusposten</Unicode>
                </TextEquiv>
            </TextLine>
            <TextLine id="tr_2_tl_4" custom="readingOrder {index:3;}">
                <Coords points="1797,703 2288,735 2438,788 2474,777 2464,675 2167,648 2065,688 1884,637 1793,668"/>
                <Baseline points="1800,689 1833,693 1867,696 1901,699 1935,701 1968,706 2002,709 2036,712 2070,716 2103,716 2137,716 2171,717 2205,719 2238,724 2272,730 2306,737 2340,743 2373,750 2407,755 2441,761 2475,767"/>
                <Word id="tr_2_tl_4_w1" custom="readingOrder {index:0;}">
                    <Coords points="1794,655 1794,715 1932,715 1932,655"/>
                    <TextEquiv>
                        <Unicode>skriver</Unicode>
                    </TextEquiv>
                </Word>
                <Word id="tr_2_tl_4_w2" custom="readingOrder {index:1;}">
                    <Coords points="1957,667 1957,727 2015,727 2015,667"/>
                    <TextEquiv>
                        <Unicode>den</Unicode>
                    </TextEquiv>
                </Word>
                <Word id="tr_2_tl_4_w3" custom="readingOrder {index:2;}">
                    <Coords points="2121,676 2121,736 2142,736 2142,676"/>
                    <TextEquiv>
                        <Unicode>4</Unicode>
                    </TextEquiv>
                </Word>
                <Word id="tr_2_tl_4_w4" custom="readingOrder {index:3;}">
                    <Coords points="2190,687 2190,747 2330,747 2330,687"/>
                    <TextEquiv>
                        <Unicode>N0V.</Unicode>
                    </TextEquiv>
                </Word>
                <Word id="tr_2_tl_4_w5" custom="readingOrder {index:4;}">
                    <Coords points="2343,712 2343,772 2434,772 2434,712"/>
                    <TextEquiv>
                        <Unicode>193</Unicode>
                    </TextEquiv>
                </Word>
                <TextEquiv>
                    <Unicode>skriver den 4 N0V. 193</Unicode>
                </TextEquiv>
            </TextLine>
            <TextLine id="tr_2_tl_5" custom="readingOrder {index:4;}">
                <Coords points="2040,886 2096,871 2139,885 2164,869 2201,888 2252,870 2275,885 2336,871 2390,898 2434,883 2435,787 2041,792"/>
                <Baseline points="2045,863 2071,863 2097,863 2123,861 2149,860 2175,860 2201,860 2227,860 2253,860 2279,860 2305,860 2331,860 2357,860 2383,860 2409,860 2436,863"/>
                <Word id="tr_2_tl_5_w1" custom="readingOrder {index:0;}">
                    <Coords points="2050,820 2050,880 2402,880 2402,820"/>
                    <TextEquiv>
                        <Unicode>Schnitzler</Unicode>
                    </TextEquiv>
                </Word>
                <TextEquiv>
                    <Unicode>Schnitzler</Unicode>
                </TextEquiv>
            </TextLine>
            <TextLine id="tr_2_tl_6" custom="readingOrder {index:5;}">
                <Coords points="1724,878 1759,895 1809,874 1881,884 1905,869 1932,871 1992,902 1995,805 1938,810 1860,784 1795,805 1768,787 1753,794 1726,783"/>
                <Baseline points="1729,869 1755,867 1782,865 1808,863 1835,863 1861,863 1888,861 1914,860 1941,860 1967,862 1994,866"/>
                <Word id="tr_2_tl_6_w1" custom="readingOrder {index:0;}">
                    <Coords points="1735,823 1735,883 1958,883 1958,823"/>
                    <TextEquiv>
                        <Unicode>Arthur</Unicode>
                    </TextEquiv>
                </Word>
                <TextEquiv>
                    <Unicode>Arthur</Unicode>
                </TextEquiv>
            </TextLine>
            <TextLine id="tr_2_tl_7" custom="readingOrder {index:6;}">
                <Coords points="2043,921 2051,920 2066,930 2082,933 2099,928 2137,941 2136,872 2125,871 2115,881 2097,872 2077,887 2072,883 2050,889 2042,887"/>
                <Baseline points="2048,916 2078,916 2108,917 2138,919"/>
                <TextEquiv>
                    <Unicode></Unicode>
                </TextEquiv>
            </TextLine>
            <TextLine id="tr_2_tl_8" custom="readingOrder {index:7;}">
                <Coords points="1894,994 1979,987 1999,1004 2133,977 2337,998 2363,980 2430,985 2431,948 2384,929 2329,945 2274,926 2132,940 2056,923 2007,944 1895,942"/>
                <Baseline points="1899,976 1925,976 1952,976 1979,976 2005,976 2032,976 2059,974 2085,973 2112,973 2139,973 2166,973 2192,973 2219,973 2246,973 2272,973 2299,973 2326,973 2352,972 2379,971 2406,970 2433,970"/>
                <Word id="tr_2_tl_8_w1" custom="readingOrder {index:0;}">
                    <Coords points="1894,936 1894,996 1989,996 1989,936"/>
                    <TextEquiv>
                        <Unicode>VriM</Unicode>
                    </TextEquiv>
                </Word>
                <Word id="tr_2_tl_8_w2" custom="readingOrder {index:1;}">
                    <Coords points="2025,933 2025,993 2120,993 2120,933"/>
                    <TextEquiv>
                        <Unicode>Ioell</Unicode>
                    </TextEquiv>
                </Word>
                <Word id="tr_2_tl_8_w3" custom="readingOrder {index:2;}">
                    <Coords points="2141,933 2141,993 2288,993 2288,933"/>
                    <TextEquiv>
                        <Unicode>fortaller</Unicode>
                    </TextEquiv>
                </Word>
                <Word id="tr_2_tl_8_w4" custom="readingOrder {index:3;}">
                    <Coords points="2309,931 2309,991 2434,991 2434,931"/>
                    <TextEquiv>
                        <Unicode>Ber-</Unicode>
                    </TextEquiv>
                </Word>
                <TextEquiv>
                    <Unicode>VriM Ioell fortaller Ber-</Unicode>
                </TextEquiv>
            </TextLine>
            <TextLine id="tr_2_tl_9" custom="readingOrder {index:8;}">
                <Coords points="1852,1034 2437,1037 2437,982 1911,998 1852,958"/>
                <Baseline points="1857,1027 1886,1027 1915,1026 1944,1024 1973,1026 2002,1026 2031,1024 2060,1024 2089,1024 2118,1024 2148,1024 2177,1024 2206,1024 2235,1024 2264,1024 2293,1022 2322,1021 2351,1021 2380,1023 2409,1024 2439,1024"/>
                <Word id="tr_2_tl_9_w1" custom="readingOrder {index:0;}">
                    <Coords points="1853,986 1853,1046 1928,1046 1928,986"/>
                    <TextEquiv>
                        <Unicode>tner</Unicode>
                    </TextEquiv>
                </Word>
                <Word id="tr_2_tl_9_w2" custom="readingOrder {index:1;}">
                    <Coords points="1952,984 1952,1044 2137,1044 2137,984"/>
                    <TextEquiv>
                        <Unicode>Tageblatt"</Unicode>
                    </TextEquiv>
                </Word>
                <Word id="tr_2_tl_9_w3" custom="readingOrder {index:2;}">
                    <Coords points="2161,984 2161,1044 2195,1044 2195,984"/>
                    <TextEquiv>
                        <Unicode>am</Unicode>
                    </TextEquiv>
                </Word>
                <Word id="tr_2_tl_9_w4" custom="readingOrder {index:3;}">
                    <Coords points="2236,983 2236,1043 2294,1043 2294,983"/>
                    <TextEquiv>
                        <Unicode>den</Unicode>
                    </TextEquiv>
                </Word>
                <Word id="tr_2_tl_9_w5" custom="readingOrder {index:4;}">
                    <Coords points="2324,983 2324,1043 2439,1043 2439,983"/>
                    <TextEquiv>
                        <Unicode>ostrig-</Unicode>
                    </TextEquiv>
                </Word>
                <TextEquiv>
                    <Unicode>tner Tageblatt" am den ostrig-</Unicode>
                </TextEquiv>
            </TextLine>
            <TextLine id="tr_2_tl_10" custom="readingOrder {index:9;}">
                <Coords points="1846,1081 2028,1114 2152,1077 2216,1101 2293,1077 2425,1091 2425,1039 2282,1026 2161,1049 2093,1032 1846,1045"/>
                <Baseline points="1851,1075 1879,1075 1908,1075 1937,1075 1966,1075 1995,1075 2023,1075 2052,1075 2081,1074 2110,1072 2139,1072 2167,1072 2196,1072 2225,1072 2254,1072 2283,1072 2311,1071 2340,1069 2369,1069 2398,1069 2427,1069"/>
                <Word id="tr_2_tl_10_w1" custom="readingOrder {index:0;}">
                    <Coords points="1845,1035 1845,1095 1894,1095 1894,1035"/>
                    <TextEquiv>
                        <Unicode>ske</Unicode>
                    </TextEquiv>
                </Word>
                <Word id="tr_2_tl_10_w2" custom="readingOrder {index:1;}">
                    <Coords points="1926,1035 1926,1095 2043,1095 2043,1035"/>
                    <TextEquiv>
                        <Unicode>Digter</Unicode>
                    </TextEquiv>
                </Word>
                <Word id="tr_2_tl_10_w3" custom="readingOrder {index:2;}">
                    <Coords points="2076,1032 2076,1092 2193,1092 2193,1032"/>
                    <TextEquiv>
                        <Unicode>Arthur</Unicode>
                    </TextEquiv>
                </Word>
                <Word id="tr_2_tl_10_w4" custom="readingOrder {index:3;}">
                    <Coords points="2230,1029 2230,1089 2429,1089 2429,1029"/>
                    <TextEquiv>
                        <Unicode>Schnitzler:</Unicode>
                    </TextEquiv>
                </Word>
                <TextEquiv>
                    <Unicode>ske Digter Arthur Schnitzler:</Unicode>
                </TextEquiv>
            </TextLine>
            <TextLine id="tr_2_tl_11" custom="readingOrder {index:10;}">
                <Coords points="1774,1159 2440,1153 2419,1106 1936,1104 1913,1122 1774,1100"/>
                <Baseline points="1779,1149 1812,1146 1845,1146 1878,1145 1911,1143 1944,1146 1977,1148 2011,1148 2044,1146 2077,1146 2110,1144 2143,1143 2176,1143 2209,1143 2243,1145 2276,1146 2309,1146 2342,1144 2375,1143 2408,1143 2442,1143"/>
                <Word id="tr_2_tl_11_w1" custom="readingOrder {index:0;}">
                    <Coords points="1773,1106 1773,1166 1889,1166 1889,1106"/>
                    <TextEquiv>
                        <Unicode>Forste</Unicode>
                    </TextEquiv>
                </Word>
                <Word id="tr_2_tl_11_w2" custom="readingOrder {index:1;}">
                    <Coords points="1919,1108 1919,1168 2035,1168 2035,1108"/>
                    <TextEquiv>
                        <Unicode>Gang,</Unicode>
                    </TextEquiv>
                </Word>
                <Word id="tr_2_tl_11_w3" custom="readingOrder {index:2;}">
                    <Coords points="2051,1103 2051,1163 2186,1163 2186,1103"/>
                    <TextEquiv>
                        <Unicode>hedder</Unicode>
                    </TextEquiv>
                </Word>
                <Word id="tr_2_tl_11_w4" custom="readingOrder {index:3;}">
                    <Coords points="2206,1105 2206,1165 2283,1165 2283,1105"/>
                    <TextEquiv>
                        <Unicode>det,</Unicode>
                    </TextEquiv>
                </Word>
                <Word id="tr_2_tl_11_w5" custom="readingOrder {index:4;}">
                    <Coords points="2299,1105 2299,1165 2347,1165 2347,1105"/>
                    <TextEquiv>
                        <Unicode>jeg</Unicode>
                    </TextEquiv>
                </Word>
                <Word id="tr_2_tl_11_w6" custom="readingOrder {index:5;}">
                    <Coords points="2377,1103 2377,1163 2439,1163 2439,1103"/>
                    <TextEquiv>
                        <Unicode>tal-</Unicode>
                    </TextEquiv>
                </Word>
                <TextEquiv>
                    <Unicode>Forste Gang, hedder det, jeg tal-</Unicode>
                </TextEquiv>
            </TextLine>
            <TextLine id="tr_2_tl_12" custom="readingOrder {index:11;}">
                <Coords points="1733,1203 2362,1192 2443,1216 2443,1170 2416,1161 1893,1155 1779,1179 1733,1155"/>
                <Baseline points="1738,1200 1773,1200 1808,1200 1844,1198 1879,1197 1914,1197 1950,1197 1985,1197 2020,1197 2056,1196 2091,1194 2126,1194 2162,1194 2197,1194 2232,1194 2268,1194 2303,1194 2338,1192 2374,1191 2409,1191 2445,1191"/>
                <Word id="tr_2_tl_12_w1" custom="readingOrder {index:0;}">
                    <Coords points="1732,1160 1732,1220 1759,1220 1759,1160"/>
                    <TextEquiv>
                        <Unicode>te</Unicode>
                    </TextEquiv>
                </Word>
                <Word id="tr_2_tl_12_w2" custom="readingOrder {index:1;}">
                    <Coords points="1791,1157 1791,1217 2029,1217 2029,1157"/>
                    <TextEquiv>
                        <Unicode>medArthur</Unicode>
                    </TextEquiv>
                </Word>
                <Word id="tr_2_tl_12_w3" custom="readingOrder {index:2;}">
                    <Coords points="2057,1154 2057,1214 2268,1214 2268,1154"/>
                    <TextEquiv>
                        <Unicode>Schnitzler,</Unicode>
                    </TextEquiv>
                </Word>
                <Word id="tr_2_tl_12_w4" custom="readingOrder {index:3;}">
                    <Coords points="2291,1152 2291,1212 2351,1212 2351,1152"/>
                    <TextEquiv>
                        <Unicode>var</Unicode>
                    </TextEquiv>
                </Word>
                <Word id="tr_2_tl_12_w5" custom="readingOrder {index:4;}">
                    <Coords points="2379,1151 2379,1211 2438,1211 2438,1151"/>
                    <TextEquiv>
                        <Unicode>un-</Unicode>
                    </TextEquiv>
                </Word>
                <TextEquiv>
                    <Unicode>te medArthur Schnitzler, var un-</Unicode>
                </TextEquiv>
            </TextLine>
            <TextLine id="tr_2_tl_13" custom="readingOrder {index:12;}">
                <Coords points="1736,1255 1896,1275 1977,1250 2443,1259 2418,1207 1736,1205"/>
                <Baseline points="1741,1251 1776,1248 1811,1248 1846,1248 1881,1248 1917,1247 1952,1245 1987,1245 2022,1245 2057,1245 2093,1245 2128,1245 2163,1245 2198,1245 2233,1245 2269,1245 2304,1242 2339,1242 2374,1242 2409,1242 2445,1242"/>
                <Word id="tr_2_tl_13_w1" custom="readingOrder {index:0;}">
                    <Coords points="1735,1209 1735,1269 1792,1269 1792,1209"/>
                    <TextEquiv>
                        <Unicode>der</Unicode>
                    </TextEquiv>
                </Word>
                <Word id="tr_2_tl_13_w2" custom="readingOrder {index:1;}">
                    <Coords points="1817,1207 1817,1267 1967,1267 1967,1207"/>
                    <TextEquiv>
                        <Unicode>Krigeni</Unicode>
                    </TextEquiv>
                </Word>
                <Word id="tr_2_tl_13_w3" custom="readingOrder {index:2;}">
                    <Coords points="1987,1205 1987,1265 2020,1265 2020,1205"/>
                    <TextEquiv>
                        <Unicode>en</Unicode>
                    </TextEquiv>
                </Word>
                <Word id="tr_2_tl_13_w4" custom="readingOrder {index:3;}">
                    <Coords points="2045,1205 2045,1265 2228,1265 2228,1205"/>
                    <TextEquiv>
                        <Unicode>overfyldt</Unicode>
                    </TextEquiv>
                </Word>
                <Word id="tr_2_tl_13_w5" custom="readingOrder {index:4;}">
                    <Coords points="2243,1202 2243,1262 2446,1262 2446,1202"/>
                    <TextEquiv>
                        <Unicode>Sporvogn.</Unicode>
                    </TextEquiv>
                </Word>
                <TextEquiv>
                    <Unicode>der Krigeni en overfyldt Sporvogn.</Unicode>
                </TextEquiv>
            </TextLine>
            <TextLine id="tr_2_tl_14" custom="readingOrder {index:13;}">
                <Coords points="1742,1320 2446,1305 2446,1258 2407,1253 1895,1276 1742,1256"/>
                <Baseline points="1747,1299 1782,1299 1817,1299 1852,1299 1887,1299 1922,1299 1957,1299 1992,1298 2027,1296 2062,1296 2097,1296 2132,1296 2167,1296 2202,1296 2237,1296 2272,1294 2307,1293 2342,1293 2377,1293 2412,1296 2448,1299"/>
                <Word id="tr_2_tl_14_w1" custom="readingOrder {index:0;}">
                    <Coords points="1737,1259 1737,1319 1870,1319 1870,1259"/>
                    <TextEquiv>
                        <Unicode>Visteg</Unicode>
                    </TextEquiv>
                </Word>
                <Word id="tr_2_tl_14_w2" custom="readingOrder {index:1;}">
                    <Coords points="1903,1259 1903,1319 1940,1319 1940,1259"/>
                    <TextEquiv>
                        <Unicode>ud</Unicode>
                    </TextEquiv>
                </Word>
                <Word id="tr_2_tl_14_w3" custom="readingOrder {index:2;}">
                    <Coords points="1972,1256 1972,1316 2159,1316 2159,1256"/>
                    <TextEquiv>
                        <Unicode>samtidig,</Unicode>
                    </TextEquiv>
                </Word>
                <Word id="tr_2_tl_14_w4" custom="readingOrder {index:3;}">
                    <Coords points="2177,1256 2177,1316 2213,1316 2213,1256"/>
                    <TextEquiv>
                        <Unicode>da</Unicode>
                    </TextEquiv>
                </Word>
                <Word id="tr_2_tl_14_w5" custom="readingOrder {index:4;}">
                    <Coords points="2246,1253 2246,1313 2310,1313 2310,1253"/>
                    <TextEquiv>
                        <Unicode>min</Unicode>
                    </TextEquiv>
                </Word>
                <Word id="tr_2_tl_14_w6" custom="readingOrder {index:5;}">
                    <Coords points="2337,1253 2337,1313 2433,1313 2433,1253"/>
                    <TextEquiv>
                        <Unicode>Bolig</Unicode>
                    </TextEquiv>
                </Word>
                <TextEquiv>
                    <Unicode>Visteg ud samtidig, da min Bolig</Unicode>
                </TextEquiv>
            </TextLine>
            <TextLine id="tr_2_tl_15" custom="readingOrder {index:14;}">
                <Coords points="1742,1355 2443,1351 2443,1307 2409,1298 1742,1322"/>
                <Baseline points="1747,1349 1781,1348 1816,1346 1851,1346 1886,1346 1921,1346 1956,1346 1991,1346 2026,1346 2061,1346 2096,1346 2130,1346 2165,1346 2200,1344 2235,1343 2270,1343 2305,1340 2340,1342 2375,1342 2410,1341 2445,1343"/>
                <Word id="tr_2_tl_15_w1" custom="readingOrder {index:0;}">
                    <Coords points="1736,1308 1736,1368 1793,1368 1793,1308"/>
                    <TextEquiv>
                        <Unicode>var</Unicode>
                    </TextEquiv>
                </Word>
                <Word id="tr_2_tl_15_w2" custom="readingOrder {index:1;}">
                    <Coords points="1818,1306 1818,1366 1832,1366 1832,1306"/>
                    <TextEquiv>
                        <Unicode>i</Unicode>
                    </TextEquiv>
                </Word>
                <Word id="tr_2_tl_15_w3" custom="readingOrder {index:2;}">
                    <Coords points="1852,1306 1852,1366 2048,1366 2048,1306"/>
                    <TextEquiv>
                        <Unicode>Nærheden</Unicode>
                    </TextEquiv>
                </Word>
                <Word id="tr_2_tl_15_w4" custom="readingOrder {index:3;}">
                    <Coords points="2082,1306 2082,1366 2115,1366 2115,1306"/>
                    <TextEquiv>
                        <Unicode>af</Unicode>
                    </TextEquiv>
                </Word>
                <Word id="tr_2_tl_15_w5" custom="readingOrder {index:4;}">
                    <Coords points="2140,1304 2140,1364 2226,1364 2226,1304"/>
                    <TextEquiv>
                        <Unicode>hans</Unicode>
                    </TextEquiv>
                </Word>
                <Word id="tr_2_tl_15_w6" custom="readingOrder {index:5;}">
                    <Coords points="2255,1300 2255,1360 2360,1360 2360,1300"/>
                    <TextEquiv>
                        <Unicode>Villa.</Unicode>
                    </TextEquiv>
                </Word>
                <Word id="tr_2_tl_15_w7" custom="readingOrder {index:6;}">
                    <Coords points="2394,1301 2394,1361 2437,1361 2437,1301"/>
                    <TextEquiv>
                        <Unicode>Vi</Unicode>
                    </TextEquiv>
                </Word>
                <TextEquiv>
                    <Unicode>var i Nærheden af hans Villa. Vi</Unicode>
                </TextEquiv>
            </TextLine>
            <TextLine id="tr_2_tl_16" custom="readingOrder {index:15;}">
                <Coords points="1733,1402 2006,1418 2213,1397 2260,1421 2440,1397 2441,1351 1734,1358"/>
                <Baseline points="1738,1397 1773,1397 1808,1397 1843,1397 1878,1397 1914,1397 1949,1397 1984,1397 2019,1397 2054,1396 2090,1394 2125,1394 2160,1394 2195,1394 2230,1394 2266,1394 2301,1394 2336,1392 2371,1391 2406,1391 2442,1391"/>
                <Word id="tr_2_tl_16_w1" custom="readingOrder {index:0;}">
                    <Coords points="1727,1357 1727,1417 1853,1417 1853,1357"/>
                    <TextEquiv>
                        <Unicode>fulgtes</Unicode>
                    </TextEquiv>
                </Word>
                <Word id="tr_2_tl_16_w2" custom="readingOrder {index:1;}">
                    <Coords points="1878,1357 1878,1417 1916,1417 1916,1357"/>
                    <TextEquiv>
                        <Unicode>ad</Unicode>
                    </TextEquiv>
                </Word>
                <Word id="tr_2_tl_16_w3" custom="readingOrder {index:2;}">
                    <Coords points="1945,1357 1945,1417 2042,1417 2042,1357"/>
                    <TextEquiv>
                        <Unicode>nogle</Unicode>
                    </TextEquiv>
                </Word>
                <Word id="tr_2_tl_16_w4" custom="readingOrder {index:3;}">
                    <Coords points="2067,1354 2067,1414 2202,1414 2202,1354"/>
                    <TextEquiv>
                        <Unicode>Skridt,</Unicode>
                    </TextEquiv>
                </Word>
                <Word id="tr_2_tl_16_w5" custom="readingOrder {index:4;}">
                    <Coords points="2217,1354 2217,1414 2251,1414 2251,1354"/>
                    <TextEquiv>
                        <Unicode>og</Unicode>
                    </TextEquiv>
                </Word>
                <Word id="tr_2_tl_16_w6" custom="readingOrder {index:5;}">
                    <Coords points="2280,1351 2280,1411 2430,1411 2430,1351"/>
                    <TextEquiv>
                        <Unicode>allerede</Unicode>
                    </TextEquiv>
                </Word>
                <TextEquiv>
                    <Unicode>fulgtes ad nogle Skridt, og allerede</Unicode>
                </TextEquiv>
            </TextLine>
            <TextLine id="tr_2_tl_17" custom="readingOrder {index:16;}">
                <Coords points="1736,1467 2443,1466 2434,1396 2260,1421 1737,1406"/>
                <Baseline points="1741,1448 1776,1448 1811,1448 1846,1448 1881,1447 1917,1446 1952,1448 1987,1448 2022,1446 2057,1445 2093,1445 2128,1448 2163,1446 2198,1445 2233,1445 2269,1445 2304,1442 2339,1442 2374,1442 2409,1443 2445,1445"/>
                <Word id="tr_2_tl_17_w1" custom="readingOrder {index:0;}">
                    <Coords points="1735,1408 1735,1468 1767,1468 1767,1408"/>
                    <TextEquiv>
                        <Unicode>da</Unicode>
                    </TextEquiv>
                </Word>
                <Word id="tr_2_tl_17_w2" custom="readingOrder {index:1;}">
                    <Coords points="1796,1407 1796,1467 1898,1467 1898,1407"/>
                    <TextEquiv>
                        <Unicode>sagde</Unicode>
                    </TextEquiv>
                </Word>
                <Word id="tr_2_tl_17_w3" custom="readingOrder {index:2;}">
                    <Coords points="1922,1408 1922,1468 1983,1468 1983,1408"/>
                    <TextEquiv>
                        <Unicode>han</Unicode>
                    </TextEquiv>
                </Word>
                <Word id="tr_2_tl_17_w4" custom="readingOrder {index:3;}">
                    <Coords points="2012,1405 2012,1465 2049,1465 2049,1405"/>
                    <TextEquiv>
                        <Unicode>et</Unicode>
                    </TextEquiv>
                </Word>
                <Word id="tr_2_tl_17_w5" custom="readingOrder {index:4;}">
                    <Coords points="2068,1405 2068,1465 2129,1465 2129,1405"/>
                    <TextEquiv>
                        <Unicode>Par</Unicode>
                    </TextEquiv>
                </Word>
                <Word id="tr_2_tl_17_w6" custom="readingOrder {index:5;}">
                    <Coords points="2148,1405 2148,1465 2345,1465 2345,1405"/>
                    <TextEquiv>
                        <Unicode>oplysende</Unicode>
                    </TextEquiv>
                </Word>
                <Word id="tr_2_tl_17_w7" custom="readingOrder {index:6;}">
                    <Coords points="2369,1402 2369,1462 2429,1462 2429,1402"/>
                    <TextEquiv>
                        <Unicode>Ond</Unicode>
                    </TextEquiv>
                </Word>
                <TextEquiv>
                    <Unicode>da sagde han et Par oplysende Ond</Unicode>
                </TextEquiv>
            </TextLine>
            <TextLine id="tr_2_tl_18" custom="readingOrder {index:17;}">
                <Coords points="1741,1525 1787,1505 1871,1518 1900,1504 1995,1513 1996,1465 1963,1453 1904,1474 1874,1465 1862,1473 1831,1459 1805,1475 1785,1462 1742,1468"/>
                <Baseline points="1747,1502 1772,1499 1797,1499 1822,1499 1847,1499 1872,1498 1897,1497 1922,1496 1947,1496 1972,1497 1997,1499"/>
                <Word id="tr_2_tl_18_w1" custom="readingOrder {index:0;}">
                    <Coords points="1735,1461 1735,1521 1770,1521 1770,1461"/>
                    <TextEquiv>
                        <Unicode>om</Unicode>
                    </TextEquiv>
                </Word>
                <Word id="tr_2_tl_18_w2" custom="readingOrder {index:1;}">
                    <Coords points="1816,1459 1816,1519 1870,1519 1870,1459"/>
                    <TextEquiv>
                        <Unicode>sig</Unicode>
                    </TextEquiv>
                </Word>
                <Word id="tr_2_tl_18_w3" custom="readingOrder {index:2;}">
                    <Coords points="1901,1456 1901,1516 2000,1516 2000,1456"/>
                    <TextEquiv>
                        <Unicode>selv.</Unicode>
                    </TextEquiv>
                </Word>
                <TextEquiv>
                    <Unicode>om sig selv.</Unicode>
                </TextEquiv>
            </TextLine>
            <TextLine id="tr_2_tl_19" custom="readingOrder {index:18;}">
                <Coords points="1780,1554 2444,1557 2444,1520 2296,1498 1969,1523 1780,1506"/>
                <Baseline points="1785,1549 1818,1546 1851,1546 1884,1546 1917,1546 1950,1546 1983,1546 2016,1547 2049,1549 2082,1546 2115,1546 2148,1546 2181,1546 2214,1543 2247,1545 2280,1545 2313,1543 2346,1543 2379,1543 2412,1544 2445,1546"/>
                <Word id="tr_2_tl_19_w1" custom="readingOrder {index:0;}">
                    <Coords points="1779,1506 1779,1566 1923,1566 1923,1506"/>
                    <TextEquiv>
                        <Unicode>Digter?</Unicode>
                    </TextEquiv>
                </Word>
                <Word id="tr_2_tl_19_w2" custom="readingOrder {index:1;}">
                    <Coords points="1972,1506 1972,1566 2034,1566 2034,1506"/>
                    <TextEquiv>
                        <Unicode>Jeg</Unicode>
                    </TextEquiv>
                </Word>
                <Word id="tr_2_tl_19_w3" custom="readingOrder {index:2;}">
                    <Coords points="2087,1506 2087,1566 2125,1566 2125,1506"/>
                    <TextEquiv>
                        <Unicode>er</Unicode>
                    </TextEquiv>
                </Word>
                <Word id="tr_2_tl_19_w4" custom="readingOrder {index:3;}">
                    <Coords points="2150,1506 2150,1566 2202,1566 2202,1506"/>
                    <TextEquiv>
                        <Unicode>for</Unicode>
                    </TextEquiv>
                </Word>
                <Word id="tr_2_tl_19_w5" custom="readingOrder {index:4;}">
                    <Coords points="2232,1505 2232,1565 2294,1565 2294,1505"/>
                    <TextEquiv>
                        <Unicode>det</Unicode>
                    </TextEquiv>
                </Word>
                <Word id="tr_2_tl_19_w6" custom="readingOrder {index:5;}">
                    <Coords points="2314,1503 2314,1563 2443,1563 2443,1503"/>
                    <TextEquiv>
                        <Unicode>forste,</Unicode>
                    </TextEquiv>
                </Word>
                <TextEquiv>
                    <Unicode>Digter? Jeg er for det forste,</Unicode>
                </TextEquiv>
            </TextLine>
            <TextLine id="tr_2_tl_20" custom="readingOrder {index:19;}">
                <Coords points="1736,1612 2443,1602 2443,1559 2382,1552 1904,1572 1736,1544"/>
                <Baseline points="1741,1597 1776,1597 1811,1597 1846,1597 1881,1597 1917,1597 1952,1597 1987,1596 2022,1594 2057,1594 2093,1594 2128,1596 2163,1596 2198,1594 2233,1594 2269,1596 2304,1597 2339,1596 2374,1594 2409,1594 2445,1597"/>
                <Word id="tr_2_tl_20_w1" custom="readingOrder {index:0;}">
                    <Coords points="1730,1557 1730,1617 1838,1617 1838,1557"/>
                    <TextEquiv>
                        <Unicode>andet</Unicode>
                    </TextEquiv>
                </Word>
                <Word id="tr_2_tl_20_w2" custom="readingOrder {index:1;}">
                    <Coords points="1867,1557 1867,1617 1904,1617 1904,1557"/>
                    <TextEquiv>
                        <Unicode>og</Unicode>
                    </TextEquiv>
                </Word>
                <Word id="tr_2_tl_20_w3" custom="readingOrder {index:2;}">
                    <Coords points="1942,1555 1942,1615 2055,1615 2055,1555"/>
                    <TextEquiv>
                        <Unicode>tredie</Unicode>
                    </TextEquiv>
                </Word>
                <Word id="tr_2_tl_20_w4" custom="readingOrder {index:3;}">
                    <Coords points="2094,1556 2094,1616 2211,1616 2211,1556"/>
                    <TextEquiv>
                        <Unicode>Læge.</Unicode>
                    </TextEquiv>
                </Word>
                <Word id="tr_2_tl_20_w5" custom="readingOrder {index:4;}">
                    <Coords points="2245,1556 2245,1616 2305,1616 2305,1556"/>
                    <TextEquiv>
                        <Unicode>Jeg</Unicode>
                    </TextEquiv>
                </Word>
                <Word id="tr_2_tl_20_w6" custom="readingOrder {index:5;}">
                    <Coords points="2344,1554 2344,1614 2432,1614 2432,1554"/>
                    <TextEquiv>
                        <Unicode>foler</Unicode>
                    </TextEquiv>
                </Word>
                <TextEquiv>
                    <Unicode>andet og tredie Læge. Jeg foler</Unicode>
                </TextEquiv>
            </TextLine>
            <TextLine id="tr_2_tl_21" custom="readingOrder {index:20;}">
                <Coords points="1739,1665 2453,1669 2454,1614 1740,1608"/>
                <Baseline points="1744,1648 1779,1651 1815,1649 1850,1648 1886,1648 1921,1648 1957,1648 1992,1646 2028,1645 2063,1645 2099,1645 2134,1645 2170,1645 2205,1646 2241,1647 2276,1645 2312,1647 2347,1646 2383,1645 2418,1645 2454,1645"/>
                <Word id="tr_2_tl_21_w1" custom="readingOrder {index:0;}">
                    <Coords points="1733,1609 1733,1669 1797,1669 1797,1609"/>
                    <TextEquiv>
                        <Unicode>mig</Unicode>
                    </TextEquiv>
                </Word>
                <Word id="tr_2_tl_21_w2" custom="readingOrder {index:1;}">
                    <Coords points="1835,1608 1835,1668 1935,1668 1935,1608"/>
                    <TextEquiv>
                        <Unicode>langt</Unicode>
                    </TextEquiv>
                </Word>
                <Word id="tr_2_tl_21_w3" custom="readingOrder {index:2;}">
                    <Coords points="1964,1605 1964,1665 2061,1665 2061,1605"/>
                    <TextEquiv>
                        <Unicode>mere</Unicode>
                    </TextEquiv>
                </Word>
                <Word id="tr_2_tl_21_w4" custom="readingOrder {index:3;}">
                    <Coords points="2098,1605 2098,1665 2158,1665 2158,1605"/>
                    <TextEquiv>
                        <Unicode>som</Unicode>
                    </TextEquiv>
                </Word>
                <Word id="tr_2_tl_21_w5" custom="readingOrder {index:4;}">
                    <Coords points="2214,1605 2214,1665 2310,1665 2310,1605"/>
                    <TextEquiv>
                        <Unicode>Læge</Unicode>
                    </TextEquiv>
                </Word>
                <Word id="tr_2_tl_21_w6" custom="readingOrder {index:5;}">
                    <Coords points="2371,1605 2371,1665 2435,1665 2435,1605"/>
                    <TextEquiv>
                        <Unicode>end</Unicode>
                    </TextEquiv>
                </Word>
                <TextEquiv>
                    <Unicode>mig langt mere som Læge end</Unicode>
                </TextEquiv>
            </TextLine>
            <TextLine id="tr_2_tl_22" custom="readingOrder {index:21;}">
                <Coords points="1733,1710 2440,1703 2440,1659 2378,1684 2244,1652 1733,1664"/>
                <Baseline points="1738,1699 1773,1699 1808,1699 1843,1699 1878,1698 1914,1696 1949,1696 1984,1696 2019,1696 2054,1696 2090,1696 2125,1696 2160,1696 2195,1696 2230,1696 2266,1696 2301,1693 2336,1693 2371,1693 2406,1693 2442,1693"/>
                <Word id="tr_2_tl_22_w1" custom="readingOrder {index:0;}">
                    <Coords points="1727,1659 1727,1719 1784,1719 1784,1659"/>
                    <TextEquiv>
                        <Unicode>som</Unicode>
                    </TextEquiv>
                </Word>
                <Word id="tr_2_tl_22_w2" custom="readingOrder {index:1;}">
                    <Coords points="1834,1656 1834,1716 2031,1716 2031,1656"/>
                    <TextEquiv>
                        <Unicode>Forfatter.</Unicode>
                    </TextEquiv>
                </Word>
                <Word id="tr_2_tl_22_w3" custom="readingOrder {index:2;}">
                    <Coords points="2068,1656 2068,1716 2161,1716 2161,1656"/>
                    <TextEquiv>
                        <Unicode>Mine</Unicode>
                    </TextEquiv>
                </Word>
                <Word id="tr_2_tl_22_w4" custom="readingOrder {index:3;}">
                    <Coords points="2198,1655 2198,1715 2346,1715 2346,1655"/>
                    <TextEquiv>
                        <Unicode>Værker</Unicode>
                    </TextEquiv>
                </Word>
                <Word id="tr_2_tl_22_w5" custom="readingOrder {index:4;}">
                    <Coords points="2400,1653 2400,1713 2435,1713 2435,1653"/>
                    <TextEquiv>
                        <Unicode>er</Unicode>
                    </TextEquiv>
                </Word>
                <TextEquiv>
                    <Unicode>som Forfatter. Mine Værker er</Unicode>
                </TextEquiv>
            </TextLine>
            <TextLine id="tr_2_tl_23" custom="readingOrder {index:22;}">
                <Coords points="1735,1769 2250,1760 2244,1710 1736,1721"/>
                <Baseline points="1741,1750 1766,1749 1792,1748 1817,1747 1843,1747 1868,1747 1894,1747 1919,1747 1945,1747 1970,1747 1996,1747 2021,1747 2047,1747 2072,1747 2098,1747 2123,1747 2149,1747 2174,1746 2200,1744 2225,1745 2251,1747"/>
                <Word id="tr_2_tl_23_w1" custom="readingOrder {index:0;}">
                    <Coords points="1729,1707 1729,1767 1986,1767 1986,1707"/>
                    <TextEquiv>
                        <Unicode>udelukkende</Unicode>
                    </TextEquiv>
                </Word>
                <Word id="tr_2_tl_23_w2" custom="readingOrder {index:1;}">
                    <Coords points="2025,1707 2025,1767 2249,1767 2249,1707"/>
                    <TextEquiv>
                        <Unicode>Diagnoser.</Unicode>
                    </TextEquiv>
                </Word>
                <TextEquiv>
                    <Unicode>udelukkende Diagnoser.</Unicode>
                </TextEquiv>
            </TextLine>
            <TextLine id="tr_2_tl_24" custom="readingOrder {index:23;}">
                <Coords points="1777,1806 2446,1813 2446,1748 2202,1776 1777,1762"/>
                <Baseline points="1782,1797 1815,1797 1848,1797 1881,1797 1915,1797 1948,1797 1981,1797 2015,1797 2048,1797 2081,1797 2115,1797 2148,1797 2181,1794 2214,1794 2248,1794 2281,1794 2314,1794 2348,1794 2381,1794 2414,1794 2448,1797"/>
                <Word id="tr_2_tl_24_w1" custom="readingOrder {index:0;}">
                    <Coords points="1776,1757 1776,1817 1871,1817 1871,1757"/>
                    <TextEquiv>
                        <Unicode>Efter</Unicode>
                    </TextEquiv>
                </Word>
                <Word id="tr_2_tl_24_w2" custom="readingOrder {index:1;}">
                    <Coords points="1931,1757 1931,1817 2053,1817 2053,1757"/>
                    <TextEquiv>
                        <Unicode>mange</Unicode>
                    </TextEquiv>
                </Word>
                <Word id="tr_2_tl_24_w3" custom="readingOrder {index:2;}">
                    <Coords points="2090,1757 2090,1817 2181,1817 2181,1757"/>
                    <TextEquiv>
                        <Unicode>Aars</Unicode>
                    </TextEquiv>
                </Word>
                <Word id="tr_2_tl_24_w4" custom="readingOrder {index:3;}">
                    <Coords points="2232,1754 2232,1814 2441,1814 2441,1754"/>
                    <TextEquiv>
                        <Unicode>Samkvem.</Unicode>
                    </TextEquiv>
                </Word>
                <TextEquiv>
                    <Unicode>Efter mange Aars Samkvem.</Unicode>
                </TextEquiv>
            </TextLine>
            <TextLine id="tr_2_tl_25" custom="readingOrder {index:24;}">
                <Coords points="1736,1860 2443,1866 2443,1810 2420,1803 2382,1826 2224,1802 1736,1803"/>
                <Baseline points="1741,1848 1776,1846 1811,1845 1846,1845 1881,1845 1917,1848 1952,1848 1987,1846 2022,1845 2057,1845 2093,1845 2128,1845 2163,1844 2198,1843 2233,1845 2269,1845 2304,1845 2339,1845 2374,1845 2409,1848 2445,1848"/>
                <Word id="tr_2_tl_25_w1" custom="readingOrder {index:0;}">
                    <Coords points="1730,1806 1730,1866 1791,1866 1791,1806"/>
                    <TextEquiv>
                        <Unicode>der</Unicode>
                    </TextEquiv>
                </Word>
                <Word id="tr_2_tl_25_w2" custom="readingOrder {index:1;}">
                    <Coords points="1815,1805 1815,1865 1872,1865 1872,1805"/>
                    <TextEquiv>
                        <Unicode>for</Unicode>
                    </TextEquiv>
                </Word>
                <Word id="tr_2_tl_25_w3" custom="readingOrder {index:2;}">
                    <Coords points="1901,1808 1901,1868 1962,1868 1962,1808"/>
                    <TextEquiv>
                        <Unicode>mig</Unicode>
                    </TextEquiv>
                </Word>
                <Word id="tr_2_tl_25_w4" custom="readingOrder {index:3;}">
                    <Coords points="1996,1805 1996,1865 2095,1865 2095,1805"/>
                    <TextEquiv>
                        <Unicode>betod</Unicode>
                    </TextEquiv>
                </Word>
                <Word id="tr_2_tl_25_w5" custom="readingOrder {index:4;}">
                    <Coords points="2134,1803 2134,1863 2271,1863 2271,1803"/>
                    <TextEquiv>
                        <Unicode>Lykke,</Unicode>
                    </TextEquiv>
                </Word>
                <Word id="tr_2_tl_25_w6" custom="readingOrder {index:5;}">
                    <Coords points="2291,1805 2291,1865 2352,1865 2352,1805"/>
                    <TextEquiv>
                        <Unicode>saa</Unicode>
                    </TextEquiv>
                </Word>
                <Word id="tr_2_tl_25_w7" custom="readingOrder {index:6;}">
                    <Coords points="2381,1807 2381,1867 2432,1867 2432,1807"/>
                    <TextEquiv>
                        <Unicode>jeg</Unicode>
                    </TextEquiv>
                </Word>
                <TextEquiv>
                    <Unicode>der for mig betod Lykke, saa jeg</Unicode>
                </TextEquiv>
            </TextLine>
            <TextLine id="tr_2_tl_26" custom="readingOrder {index:25;}">
                <Coords points="1736,1909 2369,1896 2446,1918 2446,1870 2412,1850 1736,1860"/>
                <Baseline points="1741,1899 1776,1899 1811,1897 1847,1896 1882,1896 1917,1896 1953,1893 1988,1895 2023,1896 2059,1896 2094,1896 2129,1893 2165,1893 2200,1894 2235,1895 2271,1893 2306,1893 2341,1893 2377,1893 2412,1894 2448,1896"/>
                <Word id="tr_2_tl_26_w1" custom="readingOrder {index:0;}">
                    <Coords points="1730,1859 1730,1919 1791,1919 1791,1859"/>
                    <TextEquiv>
                        <Unicode>ham</Unicode>
                    </TextEquiv>
                </Word>
                <Word id="tr_2_tl_26_w2" custom="readingOrder {index:1;}">
                    <Coords points="1834,1856 1834,1916 1943,1916 1943,1856"/>
                    <TextEquiv>
                        <Unicode>sidste</Unicode>
                    </TextEquiv>
                </Word>
                <Word id="tr_2_tl_26_w3" custom="readingOrder {index:2;}">
                    <Coords points="1972,1855 1972,1915 2066,1915 2066,1855"/>
                    <TextEquiv>
                        <Unicode>Cang</Unicode>
                    </TextEquiv>
                </Word>
                <Word id="tr_2_tl_26_w4" custom="readingOrder {index:3;}">
                    <Coords points="2095,1853 2095,1913 2142,1913 2142,1853"/>
                    <TextEquiv>
                        <Unicode>tre</Unicode>
                    </TextEquiv>
                </Word>
                <Word id="tr_2_tl_26_w5" custom="readingOrder {index:4;}">
                    <Coords points="2171,1854 2171,1914 2265,1914 2265,1854"/>
                    <TextEquiv>
                        <Unicode>Dage</Unicode>
                    </TextEquiv>
                </Word>
                <Word id="tr_2_tl_26_w6" custom="readingOrder {index:5;}">
                    <Coords points="2294,1853 2294,1913 2346,1913 2346,1853"/>
                    <TextEquiv>
                        <Unicode>for</Unicode>
                    </TextEquiv>
                </Word>
                <Word id="tr_2_tl_26_w7" custom="readingOrder {index:6;}">
                    <Coords points="2370,1853 2370,1913 2431,1913 2431,1853"/>
                    <TextEquiv>
                        <Unicode>han</Unicode>
                    </TextEquiv>
                </Word>
                <TextEquiv>
                    <Unicode>ham sidste Cang tre Dage for han</Unicode>
                </TextEquiv>
            </TextLine>
            <TextLine id="tr_2_tl_27" custom="readingOrder {index:26;}">
                <Coords points="1742,1956 2446,1945 2446,1924 2362,1898 1742,1914"/>
                <Baseline points="1747,1950 1782,1950 1817,1947 1852,1947 1887,1947 1922,1947 1957,1947 1992,1947 2027,1945 2062,1944 2097,1944 2132,1947 2167,1947 2202,1946 2237,1944 2272,1944 2307,1944 2342,1944 2377,1943 2412,1942 2448,1944"/>
                <Word id="tr_2_tl_27_w1" custom="readingOrder {index:0;}">
                    <Coords points="1741,1909 1741,1969 1845,1969 1845,1909"/>
                    <TextEquiv>
                        <Unicode>dode.</Unicode>
                    </TextEquiv>
                </Word>
                <Word id="tr_2_tl_27_w2" custom="readingOrder {index:1;}">
                    <Coords points="1869,1907 1869,1967 1941,1967 1941,1907"/>
                    <TextEquiv>
                        <Unicode>Han</Unicode>
                    </TextEquiv>
                </Word>
                <Word id="tr_2_tl_27_w3" custom="readingOrder {index:2;}">
                    <Coords points="1969,1906 1969,1966 2024,1966 2024,1906"/>
                    <TextEquiv>
                        <Unicode>saa</Unicode>
                    </TextEquiv>
                </Word>
                <Word id="tr_2_tl_27_w4" custom="readingOrder {index:3;}">
                    <Coords points="2047,1905 2047,1965 2180,1965 2180,1905"/>
                    <TextEquiv>
                        <Unicode>daarlig</Unicode>
                    </TextEquiv>
                </Word>
                <Word id="tr_2_tl_27_w5" custom="readingOrder {index:4;}">
                    <Coords points="2208,1904 2208,1964 2271,1964 2271,1904"/>
                    <TextEquiv>
                        <Unicode>ud,</Unicode>
                    </TextEquiv>
                </Word>
                <Word id="tr_2_tl_27_w6" custom="readingOrder {index:5;}">
                    <Coords points="2286,1904 2286,1964 2345,1964 2345,1904"/>
                    <TextEquiv>
                        <Unicode>det</Unicode>
                    </TextEquiv>
                </Word>
                <Word id="tr_2_tl_27_w7" custom="readingOrder {index:6;}">
                    <Coords points="2363,1902 2363,1962 2445,1962 2445,1902"/>
                    <TextEquiv>
                        <Unicode>hav¬</Unicode>
                    </TextEquiv>
                </Word>
                <TextEquiv>
                    <Unicode>dode. Han saa daarlig ud, det hav¬</Unicode>
                </TextEquiv>
            </TextLine>
            <TextLine id="tr_2_tl_28" custom="readingOrder {index:27;}">
                <Coords points="1739,2013 2329,1997 2410,2016 2453,2006 2454,1960 1740,1956"/>
                <Baseline points="1744,2000 1779,1997 1815,1997 1850,1997 1886,1997 1921,1997 1957,1997 1992,1995 2028,1994 2063,1994 2099,1994 2134,1994 2170,1994 2205,1994 2241,1994 2276,1994 2312,1994 2347,1992 2383,1991 2418,1992 2454,1994"/>
                <Word id="tr_2_tl_28_w1" custom="readingOrder {index:0;}">
                    <Coords points="1738,1958 1738,2018 1775,2018 1775,1958"/>
                    <TextEquiv>
                        <Unicode>de</Unicode>
                    </TextEquiv>
                </Word>
                <Word id="tr_2_tl_28_w2" custom="readingOrder {index:1;}">
                    <Coords points="1804,1957 1804,2017 1864,2017 1864,1957"/>
                    <TextEquiv>
                        <Unicode>han</Unicode>
                    </TextEquiv>
                </Word>
                <Word id="tr_2_tl_28_w3" custom="readingOrder {index:2;}">
                    <Coords points="1898,1957 1898,2017 1996,2017 1996,1957"/>
                    <TextEquiv>
                        <Unicode>gjort</Unicode>
                    </TextEquiv>
                </Word>
                <Word id="tr_2_tl_28_w4" custom="readingOrder {index:3;}">
                    <Coords points="2020,1954 2020,2014 2081,2014 2081,1954"/>
                    <TextEquiv>
                        <Unicode>den</Unicode>
                    </TextEquiv>
                </Word>
                <Word id="tr_2_tl_28_w5" custom="readingOrder {index:4;}">
                    <Coords points="2114,1954 2114,2014 2222,2014 2222,1954"/>
                    <TextEquiv>
                        <Unicode>sidste</Unicode>
                    </TextEquiv>
                </Word>
                <Word id="tr_2_tl_28_w6" custom="readingOrder {index:5;}">
                    <Coords points="2256,1954 2256,2014 2336,2014 2336,1954"/>
                    <TextEquiv>
                        <Unicode>Tid;</Unicode>
                    </TextEquiv>
                </Word>
                <Word id="tr_2_tl_28_w7" custom="readingOrder {index:6;}">
                    <Coords points="2360,1951 2360,2011 2434,2011 2434,1951"/>
                    <TextEquiv>
                        <Unicode>men</Unicode>
                    </TextEquiv>
                </Word>
                <TextEquiv>
                    <Unicode>de han gjort den sidste Tid; men</Unicode>
                </TextEquiv>
            </TextLine>
            <TextLine id="tr_2_tl_29" custom="readingOrder {index:28;}">
                <Coords points="1745,2073 1825,2048 2191,2077 2325,2047 2464,2057 2464,2014 2384,2003 1745,2017"/>
                <Baseline points="1750,2051 1785,2049 1821,2048 1857,2048 1893,2047 1929,2045 1964,2047 2000,2046 2036,2045 2072,2045 2108,2045 2143,2045 2179,2045 2215,2045 2251,2045 2287,2045 2322,2045 2358,2045 2394,2045 2430,2046 2466,2048"/>
                <Word id="tr_2_tl_29_w1" custom="readingOrder {index:0;}">
                    <Coords points="1739,2010 1739,2070 1776,2070 1776,2010"/>
                    <TextEquiv>
                        <Unicode>nu</Unicode>
                    </TextEquiv>
                </Word>
                <Word id="tr_2_tl_29_w2" custom="readingOrder {index:1;}">
                    <Coords points="1815,2008 1815,2068 1876,2068 1876,2008"/>
                    <TextEquiv>
                        <Unicode>var</Unicode>
                    </TextEquiv>
                </Word>
                <Word id="tr_2_tl_29_w3" custom="readingOrder {index:2;}">
                    <Coords points="1909,2005 1909,2065 1975,2065 1975,2005"/>
                    <TextEquiv>
                        <Unicode>han</Unicode>
                    </TextEquiv>
                </Word>
                <Word id="tr_2_tl_29_w4" custom="readingOrder {index:3;}">
                    <Coords points="2014,2005 2014,2065 2103,2065 2103,2005"/>
                    <TextEquiv>
                        <Unicode>uden</Unicode>
                    </TextEquiv>
                </Word>
                <Word id="tr_2_tl_29_w5" custom="readingOrder {index:4;}">
                    <Coords points="2142,2005 2142,2065 2203,2065 2203,2005"/>
                    <TextEquiv>
                        <Unicode>den</Unicode>
                    </TextEquiv>
                </Word>
                <Word id="tr_2_tl_29_w6" custom="readingOrder {index:5;}">
                    <Coords points="2246,2005 2246,2065 2340,2065 2340,2005"/>
                    <TextEquiv>
                        <Unicode>Aand</Unicode>
                    </TextEquiv>
                </Word>
                <Word id="tr_2_tl_29_w7" custom="readingOrder {index:6;}">
                    <Coords points="2407,2005 2407,2065 2439,2065 2439,2005"/>
                    <TextEquiv>
                        <Unicode>og</Unicode>
                    </TextEquiv>
                </Word>
                <TextEquiv>
                    <Unicode>nu var han uden den Aand og</Unicode>
                </TextEquiv>
            </TextLine>
            <TextLine id="tr_2_tl_30" custom="readingOrder {index:29;}">
                <Coords points="1765,2155 1889,2175 2429,2169 2416,2111 2093,2131 1766,2109"/>
                <Baseline points="1770,2156 1803,2153 1836,2153 1869,2153 1902,2153 1935,2153 1968,2153 2001,2153 2034,2153 2067,2153 2100,2153 2133,2153 2166,2153 2199,2153 2232,2153 2265,2152 2298,2150 2331,2148 2364,2149 2397,2149 2430,2147"/>
                <Word id="tr_2_tl_30_w1" custom="readingOrder {index:0;}">
                    <Coords points="1759,2113 1759,2173 1982,2173 1982,2113"/>
                    <TextEquiv>
                        <Unicode>Lidenskab,</Unicode>
                    </TextEquiv>
                </Word>
                <Word id="tr_2_tl_30_w2" custom="readingOrder {index:1;}">
                    <Coords points="2003,2113 2003,2173 2066,2173 2066,2113"/>
                    <TextEquiv>
                        <Unicode>der</Unicode>
                    </TextEquiv>
                </Word>
                <Word id="tr_2_tl_30_w3" custom="readingOrder {index:2;}">
                    <Coords points="2097,2113 2097,2173 2200,2173 2200,2113"/>
                    <TextEquiv>
                        <Unicode>ellers</Unicode>
                    </TextEquiv>
                </Word>
                <Word id="tr_2_tl_30_w4" custom="readingOrder {index:3;}">
                    <Coords points="2231,2110 2231,2170 2344,2170 2344,2110"/>
                    <TextEquiv>
                        <Unicode>livode</Unicode>
                    </TextEquiv>
                </Word>
                <Word id="tr_2_tl_30_w5" custom="readingOrder {index:4;}">
                    <Coords points="2380,2109 2380,2169 2414,2169 2414,2109"/>
                    <TextEquiv>
                        <Unicode>op</Unicode>
                    </TextEquiv>
                </Word>
                <TextEquiv>
                    <Unicode>Lidenskab, der ellers livode op</Unicode>
                </TextEquiv>
            </TextLine>
            <TextLine id="tr_2_tl_31" custom="readingOrder {index:30;}">
                <Coords points="1765,2207 1826,2199 1906,2220 1921,2207 1943,2219 1976,2203 1998,2218 2022,2203 2094,2203 2177,2219 2192,2212 2191,2164 2056,2159 1988,2180 1938,2164 1764,2171"/>
                <Baseline points="1770,2194 1796,2196 1823,2198 1849,2199 1876,2199 1902,2197 1929,2197 1955,2197 1982,2197 2008,2197 2035,2197 2061,2197 2088,2197 2114,2199 2141,2199 2167,2197 2194,2200"/>
                <Word id="tr_2_tl_31_w1" custom="readingOrder {index:0;}">
                    <Coords points="1762,2156 1762,2216 1846,2216 1846,2156"/>
                    <TextEquiv>
                        <Unicode>Bans</Unicode>
                    </TextEquiv>
                </Word>
                <Word id="tr_2_tl_31_w2" custom="readingOrder {index:1;}">
                    <Coords points="1876,2157 1876,2217 1998,2217 1998,2157"/>
                    <TextEquiv>
                        <Unicode>gualne</Unicode>
                    </TextEquiv>
                </Word>
                <Word id="tr_2_tl_31_w3" custom="readingOrder {index:2;}">
                    <Coords points="2032,2158 2032,2218 2179,2218 2179,2158"/>
                    <TextEquiv>
                        <Unicode>Anigt.</Unicode>
                    </TextEquiv>
                </Word>
                <TextEquiv>
                    <Unicode>Bans gualne Anigt.</Unicode>
                </TextEquiv>
            </TextLine>
            <TextLine id="tr_2_tl_32" custom="readingOrder {index:31;}">
                <Coords points="1804,2263 2468,2250 2468,2189 2438,2185 2302,2222 1804,2202"/>
                <Baseline points="1809,2242 1842,2244 1875,2245 1908,2245 1941,2245 1974,2245 2007,2245 2040,2245 2073,2245 2106,2245 2139,2246 2172,2248 2205,2248 2238,2246 2271,2245 2304,2245 2337,2245 2370,2245 2403,2244 2436,2242 2469,2242"/>
                <Word id="tr_2_tl_32_w1" custom="readingOrder {index:0;}">
                    <Coords points="1803,2203 1803,2263 1870,2263 1870,2203"/>
                    <TextEquiv>
                        <Unicode>Han</Unicode>
                    </TextEquiv>
                </Word>
                <Word id="tr_2_tl_32_w2" custom="readingOrder {index:1;}">
                    <Coords points="1912,2205 1912,2265 1993,2265 1993,2205"/>
                    <TextEquiv>
                        <Unicode>talte</Unicode>
                    </TextEquiv>
                </Word>
                <Word id="tr_2_tl_32_w3" custom="readingOrder {index:2;}">
                    <Coords points="2026,2205 2026,2265 2102,2265 2102,2205"/>
                    <TextEquiv>
                        <Unicode>med</Unicode>
                    </TextEquiv>
                </Word>
                <Word id="tr_2_tl_32_w4" custom="readingOrder {index:3;}">
                    <Coords points="2140,2207 2140,2267 2203,2267 2203,2207"/>
                    <TextEquiv>
                        <Unicode>mig</Unicode>
                    </TextEquiv>
                </Word>
                <Word id="tr_2_tl_32_w5" custom="readingOrder {index:4;}">
                    <Coords points="2240,2205 2240,2265 2276,2265 2276,2205"/>
                    <TextEquiv>
                        <Unicode>om</Unicode>
                    </TextEquiv>
                </Word>
                <Word id="tr_2_tl_32_w6" custom="readingOrder {index:5;}">
                    <Coords points="2322,2205 2322,2265 2372,2265 2372,2205"/>
                    <TextEquiv>
                        <Unicode>sin</Unicode>
                    </TextEquiv>
                </Word>
                <Word id="tr_2_tl_32_w7" custom="readingOrder {index:6;}">
                    <Coords points="2413,2202 2413,2262 2463,2262 2463,2202"/>
                    <TextEquiv>
                        <Unicode>le-</Unicode>
                    </TextEquiv>
                </Word>
                <TextEquiv>
                    <Unicode>Han talte med mig om sin le-</Unicode>
                </TextEquiv>
            </TextLine>
            <TextLine id="tr_2_tl_33" custom="readingOrder {index:32;}">
                <Coords points="1762,2319 1812,2298 1869,2320 2467,2307 2467,2253 2426,2250 1762,2270"/>
                <Baseline points="1767,2302 1802,2296 1837,2293 1872,2295 1907,2295 1942,2293 1977,2293 2012,2295 2047,2296 2082,2296 2118,2296 2153,2299 2188,2297 2223,2296 2258,2296 2293,2296 2328,2293 2363,2293 2398,2293 2433,2294 2469,2296"/>
                <Word id="tr_2_tl_33_w1" custom="readingOrder {index:0;}">
                    <Coords points="1756,2253 1756,2313 1901,2313 1901,2253"/>
                    <TextEquiv>
                        <Unicode>gemlige</Unicode>
                    </TextEquiv>
                </Word>
                <Word id="tr_2_tl_33_w2" custom="readingOrder {index:1;}">
                    <Coords points="1935,2255 1935,2315 2108,2315 2108,2255"/>
                    <TextEquiv>
                        <Unicode>Tilstand.</Unicode>
                    </TextEquiv>
                </Word>
                <Word id="tr_2_tl_33_w3" custom="readingOrder {index:2;}">
                    <Coords points="2128,2258 2128,2318 2161,2318 2161,2258"/>
                    <TextEquiv>
                        <Unicode>og</Unicode>
                    </TextEquiv>
                </Word>
                <Word id="tr_2_tl_33_w4" custom="readingOrder {index:3;}">
                    <Coords points="2191,2256 2191,2316 2249,2316 2249,2256"/>
                    <TextEquiv>
                        <Unicode>han</Unicode>
                    </TextEquiv>
                </Word>
                <Word id="tr_2_tl_33_w5" custom="readingOrder {index:4;}">
                    <Coords points="2278,2253 2278,2313 2456,2313 2456,2253"/>
                    <TextEquiv>
                        <Unicode>bekendte</Unicode>
                    </TextEquiv>
                </Word>
                <TextEquiv>
                    <Unicode>gemlige Tilstand. og han bekendte</Unicode>
                </TextEquiv>
            </TextLine>
            <TextLine id="tr_2_tl_34" custom="readingOrder {index:33;}">
                <Coords points="1756,2360 2467,2366 2449,2300 1756,2319"/>
                <Baseline points="1761,2347 1796,2347 1831,2347 1867,2347 1902,2347 1938,2347 1973,2345 2008,2344 2044,2344 2079,2344 2115,2344 2150,2344 2185,2344 2221,2345 2256,2347 2292,2344 2327,2344 2362,2344 2398,2345 2433,2347 2469,2350"/>
                <Word id="tr_2_tl_34_w1" custom="readingOrder {index:0;}">
                    <Coords points="1755,2307 1755,2367 1800,2367 1800,2307"/>
                    <TextEquiv>
                        <Unicode>sig</Unicode>
                    </TextEquiv>
                </Word>
                <Word id="tr_2_tl_34_w2" custom="readingOrder {index:1;}">
                    <Coords points="1833,2307 1833,2367 2011,2367 2011,2307"/>
                    <TextEquiv>
                        <Unicode>smilende</Unicode>
                    </TextEquiv>
                </Word>
                <Word id="tr_2_tl_34_w3" custom="readingOrder {index:2;}">
                    <Coords points="2049,2304 2049,2364 2108,2364 2108,2304"/>
                    <TextEquiv>
                        <Unicode>som</Unicode>
                    </TextEquiv>
                </Word>
                <Word id="tr_2_tl_34_w4" custom="readingOrder {index:3;}">
                    <Coords points="2182,2304 2182,2364 2218,2364 2218,2304"/>
                    <TextEquiv>
                        <Unicode>en</Unicode>
                    </TextEquiv>
                </Word>
                <Word id="tr_2_tl_34_w5" custom="readingOrder {index:4;}">
                    <Coords points="2278,2304 2278,2364 2457,2364 2457,2304"/>
                    <TextEquiv>
                        <Unicode>ulyksalig</Unicode>
                    </TextEquiv>
                </Word>
                <TextEquiv>
                    <Unicode>sig smilende som en ulyksalig</Unicode>
                </TextEquiv>
            </TextLine>
            <TextLine id="tr_2_tl_35" custom="readingOrder {index:34;}">
                <Coords points="1756,2418 2054,2399 2096,2418 2150,2397 2322,2421 2465,2399 2465,2369 2414,2354 1756,2361"/>
                <Baseline points="1761,2398 1796,2395 1831,2395 1866,2395 1902,2396 1937,2398 1972,2398 2007,2396 2043,2397 2078,2397 2113,2395 2148,2395 2184,2397 2219,2398 2254,2398 2289,2398 2325,2395 2360,2395 2395,2395 2430,2395 2466,2395"/>
                <Word id="tr_2_tl_35_w1" custom="readingOrder {index:0;}">
                    <Coords points="1755,2355 1755,2415 1920,2415 1920,2355"/>
                    <TextEquiv>
                        <Unicode>Blanding</Unicode>
                    </TextEquiv>
                </Word>
                <Word id="tr_2_tl_35_w2" custom="readingOrder {index:1;}">
                    <Coords points="1954,2358 1954,2418 1987,2418 1987,2358"/>
                    <TextEquiv>
                        <Unicode>af</Unicode>
                    </TextEquiv>
                </Word>
                <Word id="tr_2_tl_35_w3" custom="readingOrder {index:2;}">
                    <Coords points="2017,2357 2017,2417 2114,2417 2114,2357"/>
                    <TextEquiv>
                        <Unicode>Læge</Unicode>
                    </TextEquiv>
                </Word>
                <Word id="tr_2_tl_35_w4" custom="readingOrder {index:3;}">
                    <Coords points="2149,2355 2149,2415 2182,2415 2182,2355"/>
                    <TextEquiv>
                        <Unicode>og</Unicode>
                    </TextEquiv>
                </Word>
                <Word id="tr_2_tl_35_w5" custom="readingOrder {index:4;}">
                    <Coords points="2217,2355 2217,2415 2459,2415 2459,2355"/>
                    <TextEquiv>
                        <Unicode>Hypokonder</Unicode>
                    </TextEquiv>
                </Word>
                <TextEquiv>
                    <Unicode>Blanding af Læge og Hypokonder</Unicode>
                </TextEquiv>
            </TextLine>
            <TextLine id="tr_2_tl_36" custom="readingOrder {index:35;}">
                <Coords points="1762,2456 2461,2461 2461,2416 2397,2404 1762,2415"/>
                <Baseline points="1767,2448 1801,2447 1836,2445 1871,2447 1906,2448 1941,2447 1975,2445 2010,2445 2045,2445 2080,2445 2115,2445 2149,2445 2184,2445 2219,2445 2254,2445 2289,2445 2323,2445 2358,2445 2393,2445 2428,2445 2463,2445"/>
                <Word id="tr_2_tl_36_w1" custom="readingOrder {index:0;}">
                    <Coords points="1756,2407 1756,2467 1789,2467 1789,2407"/>
                    <TextEquiv>
                        <Unicode>og</Unicode>
                    </TextEquiv>
                </Word>
                <Word id="tr_2_tl_36_w2" custom="readingOrder {index:1;}">
                    <Coords points="1824,2407 1824,2467 1968,2467 1968,2407"/>
                    <TextEquiv>
                        <Unicode>stillede</Unicode>
                    </TextEquiv>
                </Word>
                <Word id="tr_2_tl_36_w3" custom="readingOrder {index:2;}">
                    <Coords points="1997,2405 1997,2465 2074,2465 2074,2405"/>
                    <TextEquiv>
                        <Unicode>selv</Unicode>
                    </TextEquiv>
                </Word>
                <Word id="tr_2_tl_36_w4" custom="readingOrder {index:3;}">
                    <Coords points="2108,2405 2108,2465 2334,2465 2334,2405"/>
                    <TextEquiv>
                        <Unicode>Diagnosen.</Unicode>
                    </TextEquiv>
                </Word>
                <Word id="tr_2_tl_36_w5" custom="readingOrder {index:4;}">
                    <Coords points="2369,2405 2369,2465 2464,2465 2464,2405"/>
                    <TextEquiv>
                        <Unicode>Nog¬</Unicode>
                    </TextEquiv>
                </Word>
                <TextEquiv>
                    <Unicode>og stillede selv Diagnosen. Nog¬</Unicode>
                </TextEquiv>
            </TextLine>
            <TextLine id="tr_2_tl_37" custom="readingOrder {index:36;}">
                <Coords points="1765,2504 2464,2507 2464,2460 2406,2447 2055,2476 1765,2459"/>
                <Baseline points="1770,2499 1804,2497 1839,2496 1874,2496 1909,2496 1944,2496 1978,2496 2013,2496 2048,2496 2083,2496 2118,2494 2152,2495 2187,2496 2222,2496 2257,2496 2292,2496 2326,2495 2361,2493 2396,2493 2431,2495 2466,2499"/>
                <Word id="tr_2_tl_37_w1" custom="readingOrder {index:0;}">
                    <Coords points="1764,2458 1764,2518 1804,2518 1804,2458"/>
                    <TextEquiv>
                        <Unicode>les</Unicode>
                    </TextEquiv>
                </Word>
                <Word id="tr_2_tl_37_w2" custom="readingOrder {index:1;}">
                    <Coords points="1827,2456 1827,2516 1877,2516 1877,2456"/>
                    <TextEquiv>
                        <Unicode>lod</Unicode>
                    </TextEquiv>
                </Word>
                <Word id="tr_2_tl_37_w3" custom="readingOrder {index:2;}">
                    <Coords points="1909,2456 1909,2516 1972,2516 1972,2456"/>
                    <TextEquiv>
                        <Unicode>paa</Unicode>
                    </TextEquiv>
                </Word>
                <Word id="tr_2_tl_37_w4" custom="readingOrder {index:3;}">
                    <Coords points="2000,2456 2000,2516 2032,2516 2032,2456"/>
                    <TextEquiv>
                        <Unicode>en</Unicode>
                    </TextEquiv>
                </Word>
                <Word id="tr_2_tl_37_w5" custom="readingOrder {index:4;}">
                    <Coords points="2064,2454 2064,2514 2186,2514 2186,2454"/>
                    <TextEquiv>
                        <Unicode>nervos</Unicode>
                    </TextEquiv>
                </Word>
                <Word id="tr_2_tl_37_w6" custom="readingOrder {index:5;}">
                    <Coords points="2214,2454 2214,2514 2464,2514 2464,2454"/>
                    <TextEquiv>
                        <Unicode>Mavelidelse.</Unicode>
                    </TextEquiv>
                </Word>
                <TextEquiv>
                    <Unicode>les lod paa en nervos Mavelidelse.</Unicode>
                </TextEquiv>
            </TextLine>
            <TextLine id="tr_2_tl_38" custom="readingOrder {index:37;}">
                <Coords points="1762,2552 2461,2554 2461,2518 2383,2499 2291,2521 2097,2498 1987,2524 1762,2518"/>
                <Baseline points="1767,2547 1801,2546 1836,2544 1871,2546 1906,2545 1941,2544 1975,2544 2010,2544 2045,2544 2080,2544 2115,2545 2149,2547 2184,2547 2219,2547 2254,2547 2289,2547 2323,2547 2358,2547 2393,2546 2428,2543 2463,2541"/>
                <Word id="tr_2_tl_38_w1" custom="readingOrder {index:0;}">
                    <Coords points="1756,2506 1756,2566 1825,2566 1825,2506"/>
                    <TextEquiv>
                        <Unicode>men</Unicode>
                    </TextEquiv>
                </Word>
                <Word id="tr_2_tl_38_w2" custom="readingOrder {index:1;}">
                    <Coords points="1864,2505 1864,2565 1929,2565 1929,2505"/>
                    <TextEquiv>
                        <Unicode>der</Unicode>
                    </TextEquiv>
                </Word>
                <Word id="tr_2_tl_38_w3" custom="readingOrder {index:2;}">
                    <Coords points="1964,2504 1964,2564 2024,2564 2024,2504"/>
                    <TextEquiv>
                        <Unicode>var</Unicode>
                    </TextEquiv>
                </Word>
                <Word id="tr_2_tl_38_w4" custom="readingOrder {index:3;}">
                    <Coords points="2059,2504 2059,2564 2158,2564 2158,2504"/>
                    <TextEquiv>
                        <Unicode>dem,</Unicode>
                    </TextEquiv>
                </Word>
                <Word id="tr_2_tl_38_w5" custom="readingOrder {index:4;}">
                    <Coords points="2185,2507 2185,2567 2245,2567 2245,2507"/>
                    <TextEquiv>
                        <Unicode>som</Unicode>
                    </TextEquiv>
                </Word>
                <Word id="tr_2_tl_38_w6" custom="readingOrder {index:5;}">
                    <Coords points="2297,2507 2297,2567 2344,2567 2344,2507"/>
                    <TextEquiv>
                        <Unicode>lod</Unicode>
                    </TextEquiv>
                </Word>
                <Word id="tr_2_tl_38_w7" custom="readingOrder {index:6;}">
                    <Coords points="2388,2503 2388,2563 2461,2563 2461,2503"/>
                    <TextEquiv>
                        <Unicode>for-</Unicode>
                    </TextEquiv>
                </Word>
                <TextEquiv>
                    <Unicode>men der var dem, som lod for-</Unicode>
                </TextEquiv>
            </TextLine>
            <TextLine id="tr_2_tl_39" custom="readingOrder {index:38;}">
                <Coords points="1765,2603 1978,2623 2087,2596 2461,2600 2448,2550 2294,2570 2262,2550 1765,2552"/>
                <Baseline points="1770,2598 1804,2596 1839,2595 1873,2595 1908,2595 1943,2595 1977,2595 2012,2595 2047,2594 2081,2592 2116,2594 2151,2595 2185,2596 2220,2598 2255,2598 2289,2596 2324,2595 2359,2595 2393,2595 2428,2597 2463,2598"/>
                <Word id="tr_2_tl_39_w1" custom="readingOrder {index:0;}">
                    <Coords points="1759,2555 1759,2615 1854,2615 1854,2555"/>
                    <TextEquiv>
                        <Unicode>mode</Unicode>
                    </TextEquiv>
                </Word>
                <Word id="tr_2_tl_39_w2" custom="readingOrder {index:1;}">
                    <Coords points="1891,2555 1891,2615 1972,2615 1972,2555"/>
                    <TextEquiv>
                        <Unicode>det.</Unicode>
                    </TextEquiv>
                </Word>
                <Word id="tr_2_tl_39_w3" custom="readingOrder {index:2;}">
                    <Coords points="2001,2554 2001,2614 2064,2614 2064,2554"/>
                    <TextEquiv>
                        <Unicode>der</Unicode>
                    </TextEquiv>
                </Word>
                <Word id="tr_2_tl_39_w4" custom="readingOrder {index:3;}">
                    <Coords points="2096,2554 2096,2614 2159,2614 2159,2554"/>
                    <TextEquiv>
                        <Unicode>var</Unicode>
                    </TextEquiv>
                </Word>
                <Word id="tr_2_tl_39_w5" custom="readingOrder {index:4;}">
                    <Coords points="2192,2557 2192,2617 2324,2617 2324,2557"/>
                    <TextEquiv>
                        <Unicode>værre.</Unicode>
                    </TextEquiv>
                </Word>
                <Word id="tr_2_tl_39_w6" custom="readingOrder {index:5;}">
                    <Coords points="2379,2556 2379,2616 2451,2616 2451,2556"/>
                    <TextEquiv>
                        <Unicode>Kun</Unicode>
                    </TextEquiv>
                </Word>
                <TextEquiv>
                    <Unicode>mode det. der var værre. Kun</Unicode>
                </TextEquiv>
            </TextLine>
            <TextLine id="tr_2_tl_40" custom="readingOrder {index:39;}">
                <Coords points="1756,2651 2461,2655 2452,2598 2353,2620 2314,2600 2246,2620 2091,2596 1978,2623 1756,2607"/>
                <Baseline points="1761,2645 1796,2645 1831,2645 1866,2645 1901,2645 1936,2645 1971,2647 2006,2647 2041,2645 2076,2645 2112,2645 2147,2647 2182,2648 2217,2647 2252,2645 2287,2645 2322,2645 2357,2645 2392,2645 2427,2645 2463,2645"/>
                <Word id="tr_2_tl_40_w1" custom="readingOrder {index:0;}">
                    <Coords points="1755,2605 1755,2665 1913,2665 1913,2605"/>
                    <TextEquiv>
                        <Unicode>Hjertet,</Unicode>
                    </TextEquiv>
                </Word>
                <Word id="tr_2_tl_40_w2" custom="readingOrder {index:1;}">
                    <Coords points="1927,2607 1927,2667 2033,2667 2033,2607"/>
                    <TextEquiv>
                        <Unicode>sagde</Unicode>
                    </TextEquiv>
                </Word>
                <Word id="tr_2_tl_40_w3" custom="readingOrder {index:2;}">
                    <Coords points="2062,2605 2062,2665 2148,2665 2148,2605"/>
                    <TextEquiv>
                        <Unicode>han,</Unicode>
                    </TextEquiv>
                </Word>
                <Word id="tr_2_tl_40_w4" custom="readingOrder {index:3;}">
                    <Coords points="2168,2607 2168,2667 2200,2667 2200,2607"/>
                    <TextEquiv>
                        <Unicode>er</Unicode>
                    </TextEquiv>
                </Word>
                <Word id="tr_2_tl_40_w5" custom="readingOrder {index:4;}">
                    <Coords points="2225,2605 2225,2665 2460,2665 2460,2605"/>
                    <TextEquiv>
                        <Unicode>overrasken¬</Unicode>
                    </TextEquiv>
                </Word>
                <TextEquiv>
                    <Unicode>Hjertet, sagde han, er overrasken¬</Unicode>
                </TextEquiv>
            </TextLine>
            <TextLine id="tr_2_tl_41" custom="readingOrder {index:40;}">
                <Coords points="1762,2716 2464,2704 2464,2649 2396,2671 2307,2650 1811,2674 1762,2651"/>
                <Baseline points="1767,2696 1803,2696 1840,2696 1877,2696 1914,2696 1950,2695 1987,2693 2024,2693 2061,2693 2098,2695 2134,2696 2171,2696 2208,2696 2245,2696 2282,2696 2318,2696 2355,2696 2392,2695 2429,2692 2466,2690"/>
                <Word id="tr_2_tl_41_w1" custom="readingOrder {index:0;}">
                    <Coords points="1761,2656 1761,2716 1793,2716 1793,2656"/>
                    <TextEquiv>
                        <Unicode>de</Unicode>
                    </TextEquiv>
                </Word>
                <Word id="tr_2_tl_41_w2" custom="readingOrder {index:1;}">
                    <Coords points="1822,2656 1822,2716 1948,2716 1948,2656"/>
                    <TextEquiv>
                        <Unicode>sundt.</Unicode>
                    </TextEquiv>
                </Word>
                <Word id="tr_2_tl_41_w3" custom="readingOrder {index:2;}">
                    <Coords points="1976,2653 1976,2713 2018,2713 2018,2653"/>
                    <TextEquiv>
                        <Unicode>Et</Unicode>
                    </TextEquiv>
                </Word>
                <Word id="tr_2_tl_41_w4" custom="readingOrder {index:3;}">
                    <Coords points="2037,2653 2037,2713 2102,2713 2102,2653"/>
                    <TextEquiv>
                        <Unicode>Pai</Unicode>
                    </TextEquiv>
                </Word>
                <Word id="tr_2_tl_41_w5" custom="readingOrder {index:4;}">
                    <Coords points="2131,2656 2131,2716 2233,2716 2233,2656"/>
                    <TextEquiv>
                        <Unicode>Dusin</Unicode>
                    </TextEquiv>
                </Word>
                <Word id="tr_2_tl_41_w6" custom="readingOrder {index:5;}">
                    <Coords points="2267,2656 2267,2716 2384,2716 2384,2656"/>
                    <TextEquiv>
                        <Unicode>Tiner</Unicode>
                    </TextEquiv>
                </Word>
                <Word id="tr_2_tl_41_w7" custom="readingOrder {index:6;}">
                    <Coords points="2407,2651 2407,2711 2463,2711 2463,2651"/>
                    <TextEquiv>
                        <Unicode>se-</Unicode>
                    </TextEquiv>
                </Word>
                <TextEquiv>
                    <Unicode>de sundt. Et Pai Dusin Tiner se-</Unicode>
                </TextEquiv>
            </TextLine>
            <TextLine id="tr_2_tl_42" custom="readingOrder {index:41;}">
                <Coords points="1759,2759 2412,2748 2464,2767 2456,2701 1759,2715"/>
                <Baseline points="1764,2747 1799,2747 1834,2745 1869,2745 1904,2747 1939,2747 1974,2747 2009,2746 2044,2744 2079,2744 2115,2744 2150,2744 2185,2744 2220,2745 2255,2747 2290,2747 2325,2747 2360,2747 2395,2747 2430,2747 2466,2747"/>
                <Word id="tr_2_tl_42_w1" custom="readingOrder {index:0;}">
                    <Coords points="1758,2707 1758,2767 1834,2767 1834,2707"/>
                    <TextEquiv>
                        <Unicode>nere</Unicode>
                    </TextEquiv>
                </Word>
                <Word id="tr_2_tl_42_w2" custom="readingOrder {index:1;}">
                    <Coords points="1871,2707 1871,2767 2067,2767 2067,2707"/>
                    <TextEquiv>
                        <Unicode>standsede</Unicode>
                    </TextEquiv>
                </Word>
                <Word id="tr_2_tl_42_w3" custom="readingOrder {index:2;}">
                    <Coords points="2104,2704 2104,2764 2194,2764 2194,2704"/>
                    <TextEquiv>
                        <Unicode>dette</Unicode>
                    </TextEquiv>
                </Word>
                <Word id="tr_2_tl_42_w4" custom="readingOrder {index:3;}">
                    <Coords points="2232,2707 2232,2767 2381,2767 2381,2707"/>
                    <TextEquiv>
                        <Unicode>Hjerte;</Unicode>
                    </TextEquiv>
                </Word>
                <Word id="tr_2_tl_42_w5" custom="readingOrder {index:4;}">
                    <Coords points="2409,2707 2409,2767 2463,2767 2463,2707"/>
                    <TextEquiv>
                        <Unicode>in-</Unicode>
                    </TextEquiv>
                </Word>
                <TextEquiv>
                    <Unicode>nere standsede dette Hjerte; in-</Unicode>
                </TextEquiv>
            </TextLine>
            <TextLine id="tr_2_tl_43" custom="readingOrder {index:42;}">
                <Coords points="1759,2810 2461,2809 2461,2765 2341,2755 1759,2768"/>
                <Baseline points="1764,2804 1800,2800 1837,2798 1874,2795 1911,2795 1947,2795 1984,2795 2021,2795 2058,2795 2095,2793 2131,2795 2168,2799 2205,2800 2242,2798 2279,2798 2315,2796 2352,2795 2389,2795 2426,2795 2463,2795"/>
                <Word id="tr_2_tl_43_w1" custom="readingOrder {index:0;}">
                    <Coords points="1753,2762 1753,2822 1809,2822 1809,2762"/>
                    <TextEquiv>
                        <Unicode>gen</Unicode>
                    </TextEquiv>
                </Word>
                <Word id="tr_2_tl_43_w2" custom="readingOrder {index:1;}">
                    <Coords points="1847,2755 1847,2815 1884,2815 1884,2755"/>
                    <TextEquiv>
                        <Unicode>al</Unicode>
                    </TextEquiv>
                </Word>
                <Word id="tr_2_tl_43_w3" custom="readingOrder {index:2;}">
                    <Coords points="1914,2755 1914,2815 1955,2815 1955,2755"/>
                    <TextEquiv>
                        <Unicode>de</Unicode>
                    </TextEquiv>
                </Word>
                <Word id="tr_2_tl_43_w4" custom="readingOrder {index:3;}">
                    <Coords points="1989,2755 1989,2815 2097,2815 2097,2755"/>
                    <TextEquiv>
                        <Unicode>andre</Unicode>
                    </TextEquiv>
                </Word>
                <Word id="tr_2_tl_43_w5" custom="readingOrder {index:4;}">
                    <Coords points="2135,2758 2135,2818 2366,2818 2366,2758"/>
                    <TextEquiv>
                        <Unicode>Sygdomme,</Unicode>
                    </TextEquiv>
                </Word>
                <Word id="tr_2_tl_43_w6" custom="readingOrder {index:5;}">
                    <Coords points="2395,2755 2395,2815 2460,2815 2460,2755"/>
                    <TextEquiv>
                        <Unicode>vir¬</Unicode>
                    </TextEquiv>
                </Word>
                <TextEquiv>
                    <Unicode>gen al de andre Sygdomme, vir¬</Unicode>
                </TextEquiv>
            </TextLine>
            <TextLine id="tr_2_tl_44" custom="readingOrder {index:43;}">
                <Coords points="1759,2861 2022,2847 2233,2871 2328,2849 2468,2873 2468,2808 2441,2805 1759,2811"/>
                <Baseline points="1764,2849 1799,2849 1834,2847 1869,2846 1905,2846 1940,2846 1975,2846 2010,2846 2046,2846 2081,2846 2116,2846 2151,2846 2187,2846 2222,2846 2257,2846 2292,2848 2328,2849 2363,2849 2398,2849 2433,2846 2469,2849"/>
                <Word id="tr_2_tl_44_w1" custom="readingOrder {index:0;}">
                    <Coords points="1759,2808 1759,2868 1870,2868 1870,2808"/>
                    <TextEquiv>
                        <Unicode>kelige</Unicode>
                    </TextEquiv>
                </Word>
                <Word id="tr_2_tl_44_w2" custom="readingOrder {index:1;}">
                    <Coords points="1906,2806 1906,2866 1993,2866 1993,2806"/>
                    <TextEquiv>
                        <Unicode>eller</Unicode>
                    </TextEquiv>
                </Word>
                <Word id="tr_2_tl_44_w3" custom="readingOrder {index:2;}">
                    <Coords points="2029,2806 2029,2866 2221,2866 2221,2806"/>
                    <TextEquiv>
                        <Unicode>indbildte,</Unicode>
                    </TextEquiv>
                </Word>
                <Word id="tr_2_tl_44_w4" custom="readingOrder {index:3;}">
                    <Coords points="2248,2806 2248,2866 2288,2866 2288,2806"/>
                    <TextEquiv>
                        <Unicode>fik</Unicode>
                    </TextEquiv>
                </Word>
                <Word id="tr_2_tl_44_w5" custom="readingOrder {index:4;}">
                    <Coords points="2329,2809 2329,2869 2385,2869 2385,2809"/>
                    <TextEquiv>
                        <Unicode>Tid</Unicode>
                    </TextEquiv>
                </Word>
                <Word id="tr_2_tl_44_w6" custom="readingOrder {index:5;}">
                    <Coords points="2426,2807 2426,2867 2466,2867 2466,2807"/>
                    <TextEquiv>
                        <Unicode>til</Unicode>
                    </TextEquiv>
                </Word>
                <TextEquiv>
                    <Unicode>kelige eller indbildte, fik Tid til</Unicode>
                </TextEquiv>
            </TextLine>
            <TextLine id="tr_2_tl_45" custom="readingOrder {index:44;}">
                <Coords points="1759,2911 1928,2897 2298,2913 2298,2881 2267,2862 1759,2861"/>
                <Baseline points="1764,2899 1790,2899 1817,2898 1844,2897 1871,2896 1897,2896 1924,2896 1951,2896 1978,2896 2004,2896 2031,2896 2058,2896 2085,2896 2111,2896 2138,2896 2165,2896 2192,2896 2218,2896 2245,2896 2272,2897 2299,2899"/>
                <Word id="tr_2_tl_45_w1" custom="readingOrder {index:0;}">
                    <Coords points="1758,2859 1758,2919 1790,2919 1790,2859"/>
                    <TextEquiv>
                        <Unicode>at</Unicode>
                    </TextEquiv>
                </Word>
                <Word id="tr_2_tl_45_w2" custom="readingOrder {index:1;}">
                    <Coords points="1818,2856 1818,2916 1897,2916 1897,2856"/>
                    <TextEquiv>
                        <Unicode>gore</Unicode>
                    </TextEquiv>
                </Word>
                <Word id="tr_2_tl_45_w3" custom="readingOrder {index:2;}">
                    <Coords points="1930,2856 1930,2916 1994,2916 1994,2856"/>
                    <TextEquiv>
                        <Unicode>det</Unicode>
                    </TextEquiv>
                </Word>
                <Word id="tr_2_tl_45_w4" custom="readingOrder {index:3;}">
                    <Coords points="2018,2856 2018,2916 2055,2916 2055,2856"/>
                    <TextEquiv>
                        <Unicode>af</Unicode>
                    </TextEquiv>
                </Word>
                <Word id="tr_2_tl_45_w5" custom="readingOrder {index:4;}">
                    <Coords points="2084,2856 2084,2916 2157,2916 2157,2856"/>
                    <TextEquiv>
                        <Unicode>med</Unicode>
                    </TextEquiv>
                </Word>
                <Word id="tr_2_tl_45_w6" custom="readingOrder {index:5;}">
                    <Coords points="2196,2856 2196,2916 2292,2916 2292,2856"/>
                    <TextEquiv>
                        <Unicode>ham.</Unicode>
                    </TextEquiv>
                </Word>
                <TextEquiv>
                    <Unicode>at gore det af med ham.</Unicode>
                </TextEquiv>
            </TextLine>
            <TextLine id="tr_2_tl_46" custom="readingOrder {index:45;}">
                <Coords points="1807,2954 2461,2954 2461,2911 2388,2901 2309,2921 2273,2902 1947,2923 1807,2907"/>
                <Baseline points="1812,2947 1844,2945 1877,2945 1909,2947 1942,2944 1974,2946 2007,2947 2039,2947 2072,2947 2104,2947 2137,2947 2170,2947 2202,2945 2235,2944 2267,2944 2300,2947 2332,2947 2365,2947 2397,2947 2430,2947 2463,2947"/>
                <Word id="tr_2_tl_46_w1" custom="readingOrder {index:0;}">
                    <Coords points="1806,2905 1806,2965 1892,2965 1892,2905"/>
                    <TextEquiv>
                        <Unicode>Ilvem</Unicode>
                    </TextEquiv>
                </Word>
                <Word id="tr_2_tl_46_w2" custom="readingOrder {index:1;}">
                    <Coords points="1942,2906 1942,2966 2010,2966 2010,2906"/>
                    <TextEquiv>
                        <Unicode>der</Unicode>
                    </TextEquiv>
                </Word>
                <Word id="tr_2_tl_46_w3" custom="readingOrder {index:2;}">
                    <Coords points="2056,2907 2056,2967 2124,2967 2124,2907"/>
                    <TextEquiv>
                        <Unicode>har</Unicode>
                    </TextEquiv>
                </Word>
                <Word id="tr_2_tl_46_w4" custom="readingOrder {index:3;}">
                    <Coords points="2179,2904 2179,2964 2292,2964 2292,2904"/>
                    <TextEquiv>
                        <Unicode>kendt</Unicode>
                    </TextEquiv>
                </Word>
                <Word id="tr_2_tl_46_w5" custom="readingOrder {index:4;}">
                    <Coords points="2325,2907 2325,2967 2456,2967 2456,2907"/>
                    <TextEquiv>
                        <Unicode>Arthur</Unicode>
                    </TextEquiv>
                </Word>
                <TextEquiv>
                    <Unicode>Ilvem der har kendt Arthur</Unicode>
                </TextEquiv>
            </TextLine>
            <TextLine id="tr_2_tl_47" custom="readingOrder {index:46;}">
                <Coords points="1759,3014 2104,3001 2139,3025 2263,3000 2344,3021 2464,2999 2424,2955 2377,2975 2302,2953 1759,2957"/>
                <Baseline points="1764,2998 1799,2995 1834,2995 1869,2995 1904,2995 1939,2995 1974,2995 2009,2995 2044,2995 2079,2995 2115,2995 2150,2998 2185,2996 2220,2997 2255,2998 2290,2998 2325,2998 2360,2998 2395,2997 2430,2995 2466,2995"/>
                <Word id="tr_2_tl_47_w1" custom="readingOrder {index:0;}">
                    <Coords points="1758,2955 1758,3015 1948,3015 1948,2955"/>
                    <TextEquiv>
                        <Unicode>Schnitzler</Unicode>
                    </TextEquiv>
                </Word>
                <Word id="tr_2_tl_47_w2" custom="readingOrder {index:1;}">
                    <Coords points="1981,2955 1981,3015 1994,3015 1994,2955"/>
                    <TextEquiv>
                        <Unicode>i</Unicode>
                    </TextEquiv>
                </Word>
                <Word id="tr_2_tl_47_w3" custom="readingOrder {index:2;}">
                    <Coords points="2022,2955 2022,3015 2112,3015 2112,2955"/>
                    <TextEquiv>
                        <Unicode>hans</Unicode>
                    </TextEquiv>
                </Word>
                <Word id="tr_2_tl_47_w4" custom="readingOrder {index:3;}">
                    <Coords points="2140,2956 2140,3016 2249,3016 2249,2956"/>
                    <TextEquiv>
                        <Unicode>sidste</Unicode>
                    </TextEquiv>
                </Word>
                <Word id="tr_2_tl_47_w5" custom="readingOrder {index:4;}">
                    <Coords points="2286,2958 2286,3018 2377,3018 2377,2958"/>
                    <TextEquiv>
                        <Unicode>Aar,</Unicode>
                    </TextEquiv>
                </Word>
                <Word id="tr_2_tl_47_w6" custom="readingOrder {index:5;}">
                    <Coords points="2400,2955 2400,3015 2463,3015 2463,2955"/>
                    <TextEquiv>
                        <Unicode>be¬</Unicode>
                    </TextEquiv>
                </Word>
                <TextEquiv>
                    <Unicode>Schnitzler i hans sidste Aar, be¬</Unicode>
                </TextEquiv>
            </TextLine>
            <TextLine id="tr_2_tl_48" custom="readingOrder {index:47;}">
                <Coords points="1771,3052 2470,3067 2470,3008 2425,2997 2347,3021 1771,3009"/>
                <Baseline points="1776,3049 1810,3047 1845,3046 1880,3047 1915,3049 1950,3046 1984,3046 2019,3047 2054,3049 2089,3049 2124,3047 2158,3048 2193,3049 2228,3049 2263,3046 2298,3046 2332,3046 2367,3046 2402,3046 2437,3048 2472,3049"/>
                <Word id="tr_2_tl_48_w1" custom="readingOrder {index:0;}">
                    <Coords points="1765,3007 1765,3067 1855,3067 1855,3007"/>
                    <TextEquiv>
                        <Unicode>varer</Unicode>
                    </TextEquiv>
                </Word>
                <Word id="tr_2_tl_48_w2" custom="readingOrder {index:1;}">
                    <Coords points="1892,3006 1892,3066 2028,3066 2028,3006"/>
                    <TextEquiv>
                        <Unicode>Mindet</Unicode>
                    </TextEquiv>
                </Word>
                <Word id="tr_2_tl_48_w3" custom="readingOrder {index:2;}">
                    <Coords points="2061,3009 2061,3069 2097,3069 2097,3009"/>
                    <TextEquiv>
                        <Unicode>om</Unicode>
                    </TextEquiv>
                </Word>
                <Word id="tr_2_tl_48_w4" custom="readingOrder {index:3;}">
                    <Coords points="2147,3008 2147,3068 2183,3068 2183,3008"/>
                    <TextEquiv>
                        <Unicode>et</Unicode>
                    </TextEquiv>
                </Word>
                <Word id="tr_2_tl_48_w5" custom="readingOrder {index:4;}">
                    <Coords points="2211,3006 2211,3066 2315,3066 2315,3006"/>
                    <TextEquiv>
                        <Unicode>stort,</Unicode>
                    </TextEquiv>
                </Word>
                <Word id="tr_2_tl_48_w6" custom="readingOrder {index:5;}">
                    <Coords points="2338,3006 2338,3066 2465,3066 2465,3006"/>
                    <TextEquiv>
                        <Unicode>aedelt.</Unicode>
                    </TextEquiv>
                </Word>
                <TextEquiv>
                    <Unicode>varer Mindet om et stort, aedelt.</Unicode>
                </TextEquiv>
            </TextLine>
            <TextLine id="tr_2_tl_49" custom="readingOrder {index:48;}">
                <Coords points="1762,3108 2467,3111 2440,3051 2319,3073 2263,3052 1762,3062"/>
                <Baseline points="1767,3099 1802,3099 1837,3099 1872,3099 1907,3099 1942,3099 1977,3099 2012,3099 2047,3099 2082,3099 2118,3099 2153,3099 2188,3098 2223,3096 2258,3096 2293,3096 2328,3096 2363,3096 2398,3096 2433,3099 2469,3099"/>
                <Word id="tr_2_tl_49_w1" custom="readingOrder {index:0;}">
                    <Coords points="1761,3059 1761,3119 1875,3119 1875,3059"/>
                    <TextEquiv>
                        <Unicode>mukt</Unicode>
                    </TextEquiv>
                </Word>
                <Word id="tr_2_tl_49_w2" custom="readingOrder {index:1;}">
                    <Coords points="1895,3059 1895,3119 1933,3119 1933,3059"/>
                    <TextEquiv>
                        <Unicode>og</Unicode>
                    </TextEquiv>
                </Word>
                <Word id="tr_2_tl_49_w3" custom="readingOrder {index:2;}">
                    <Coords points="1962,3059 1962,3119 2024,3119 2024,3059"/>
                    <TextEquiv>
                        <Unicode>frit</Unicode>
                    </TextEquiv>
                </Word>
                <Word id="tr_2_tl_49_w4" custom="readingOrder {index:3;}">
                    <Coords points="2044,3059 2044,3119 2216,3119 2216,3059"/>
                    <TextEquiv>
                        <Unicode>smilende</Unicode>
                    </TextEquiv>
                </Word>
                <Word id="tr_2_tl_49_w5" custom="readingOrder {index:4;}">
                    <Coords points="2251,3056 2251,3116 2466,3116 2466,3056"/>
                    <TextEquiv>
                        <Unicode>Menneske.</Unicode>
                    </TextEquiv>
                </Word>
                <TextEquiv>
                    <Unicode>mukt og frit smilende Menneske.</Unicode>
                </TextEquiv>
            </TextLine>
            <TextLine id="tr_2_tl_50" custom="readingOrder {index:49;}">
                <Coords points="1756,3163 2467,3160 2460,3110 2079,3125 1983,3105 1852,3130 1756,3109"/>
                <Baseline points="1761,3150 1796,3148 1831,3149 1867,3150 1902,3150 1938,3147 1973,3147 2008,3147 2044,3147 2079,3147 2115,3150 2150,3150 2185,3149 2221,3147 2256,3147 2292,3150 2327,3150 2362,3150 2398,3150 2433,3150 2469,3150"/>
                <Word id="tr_2_tl_50_w1" custom="readingOrder {index:0;}">
                    <Coords points="1755,3108 1755,3168 1827,3168 1827,3108"/>
                    <TextEquiv>
                        <Unicode>hvis</Unicode>
                    </TextEquiv>
                </Word>
                <Word id="tr_2_tl_50_w2" custom="readingOrder {index:1;}">
                    <Coords points="1851,3107 1851,3167 2057,3167 2057,3107"/>
                    <TextEquiv>
                        <Unicode>personlige</Unicode>
                    </TextEquiv>
                </Word>
                <Word id="tr_2_tl_50_w3" custom="readingOrder {index:2;}">
                    <Coords points="2086,3109 2086,3169 2269,3169 2269,3109"/>
                    <TextEquiv>
                        <Unicode>tiltalende</Unicode>
                    </TextEquiv>
                </Word>
                <Word id="tr_2_tl_50_w4" custom="readingOrder {index:3;}">
                    <Coords points="2297,3110 2297,3170 2328,3170 2328,3110"/>
                    <TextEquiv>
                        <Unicode>og</Unicode>
                    </TextEquiv>
                </Word>
                <Word id="tr_2_tl_50_w5" custom="readingOrder {index:4;}">
                    <Coords points="2361,3110 2361,3170 2462,3170 2462,3110"/>
                    <TextEquiv>
                        <Unicode>mun-</Unicode>
                    </TextEquiv>
                </Word>
                <TextEquiv>
                    <Unicode>hvis personlige tiltalende og mun-</Unicode>
                </TextEquiv>
            </TextLine>
            <TextLine id="tr_2_tl_51" custom="readingOrder {index:50;}">
                <Coords points="1756,3204 2476,3216 2476,3163 2423,3154 1756,3164"/>
                <Baseline points="1761,3201 1796,3199 1832,3198 1868,3198 1904,3199 1940,3201 1976,3199 2011,3198 2047,3199 2083,3200 2119,3198 2155,3198 2191,3198 2227,3199 2262,3201 2298,3201 2334,3201 2370,3199 2406,3199 2442,3202 2478,3204"/>
                <Word id="tr_2_tl_51_w1" custom="readingOrder {index:0;}">
                    <Coords points="1750,3160 1750,3220 1795,3220 1795,3160"/>
                    <TextEquiv>
                        <Unicode>tre</Unicode>
                    </TextEquiv>
                </Word>
                <Word id="tr_2_tl_51_w2" custom="readingOrder {index:1;}">
                    <Coords points="1835,3160 1835,3220 2040,3220 2040,3160"/>
                    <TextEquiv>
                        <Unicode>fornemme</Unicode>
                    </TextEquiv>
                </Word>
                <Word id="tr_2_tl_51_w3" custom="readingOrder {index:2;}">
                    <Coords points="2100,3158 2100,3218 2280,3218 2280,3158"/>
                    <TextEquiv>
                        <Unicode>Holdning</Unicode>
                    </TextEquiv>
                </Word>
                <Word id="tr_2_tl_51_w4" custom="readingOrder {index:3;}">
                    <Coords points="2340,3159 2340,3219 2454,3219 2454,3159"/>
                    <TextEquiv>
                        <Unicode>aldrig</Unicode>
                    </TextEquiv>
                </Word>
                <TextEquiv>
                    <Unicode>tre fornemme Holdning aldrig</Unicode>
                </TextEquiv>
            </TextLine>
            <TextLine id="tr_2_tl_52" custom="readingOrder {index:51;}">
                <Coords points="1759,3257 2468,3258 2468,3213 2391,3206 1759,3219"/>
                <Baseline points="1764,3252 1799,3252 1834,3250 1869,3249 1905,3249 1940,3250 1975,3252 2010,3250 2046,3249 2081,3249 2116,3249 2151,3249 2187,3249 2222,3249 2257,3249 2292,3249 2328,3249 2363,3249 2398,3249 2433,3249 2469,3249"/>
                <Word id="tr_2_tl_52_w1" custom="readingOrder {index:0;}">
                    <Coords points="1753,3209 1753,3269 1932,3269 1932,3209"/>
                    <TextEquiv>
                        <Unicode>svigtede,</Unicode>
                    </TextEquiv>
                </Word>
                <Word id="tr_2_tl_52_w2" custom="readingOrder {index:1;}">
                    <Coords points="1951,3211 1951,3271 2024,3271 2024,3211"/>
                    <TextEquiv>
                        <Unicode>men</Unicode>
                    </TextEquiv>
                </Word>
                <Word id="tr_2_tl_52_w3" custom="readingOrder {index:2;}">
                    <Coords points="2053,3209 2053,3269 2112,3269 2112,3209"/>
                    <TextEquiv>
                        <Unicode>som</Unicode>
                    </TextEquiv>
                </Word>
                <Word id="tr_2_tl_52_w4" custom="readingOrder {index:3;}">
                    <Coords points="2154,3209 2154,3269 2232,3269 2232,3209"/>
                    <TextEquiv>
                        <Unicode>altid</Unicode>
                    </TextEquiv>
                </Word>
                <Word id="tr_2_tl_52_w5" custom="readingOrder {index:4;}">
                    <Coords points="2260,3209 2260,3269 2338,3269 2338,3209"/>
                    <TextEquiv>
                        <Unicode>blev</Unicode>
                    </TextEquiv>
                </Word>
                <Word id="tr_2_tl_52_w6" custom="readingOrder {index:5;}">
                    <Coords points="2367,3209 2367,3269 2458,3269 2458,3209"/>
                    <TextEquiv>
                        <Unicode>mere</Unicode>
                    </TextEquiv>
                </Word>
                <TextEquiv>
                    <Unicode>svigtede, men som altid blev mere</Unicode>
                </TextEquiv>
            </TextLine>
            <TextLine id="tr_2_tl_53" custom="readingOrder {index:52;}">
                <Coords points="1756,3314 2465,3305 2465,3275 2415,3259 2369,3277 1756,3256"/>
                <Baseline points="1761,3299 1796,3299 1831,3299 1866,3299 1902,3299 1937,3299 1972,3297 2007,3296 2043,3296 2078,3296 2113,3296 2148,3296 2184,3297 2219,3299 2254,3299 2289,3299 2325,3299 2360,3299 2395,3299 2430,3299 2466,3299"/>
                <Word id="tr_2_tl_53_w1" custom="readingOrder {index:0;}">
                    <Coords points="1755,3259 1755,3319 1956,3319 1956,3259"/>
                    <TextEquiv>
                        <Unicode>ulykkelig.</Unicode>
                    </TextEquiv>
                </Word>
                <Word id="tr_2_tl_53_w2" custom="readingOrder {index:1;}">
                    <Coords points="1986,3256 1986,3316 2153,3316 2153,3256"/>
                    <TextEquiv>
                        <Unicode>Grden</Unicode>
                    </TextEquiv>
                </Word>
                <Word id="tr_2_tl_53_w3" custom="readingOrder {index:2;}">
                    <Coords points="2188,3259 2188,3319 2296,3319 2296,3259"/>
                    <TextEquiv>
                        <Unicode>hertil</Unicode>
                    </TextEquiv>
                </Word>
                <Word id="tr_2_tl_53_w4" custom="readingOrder {index:3;}">
                    <Coords points="2322,3259 2322,3319 2380,3319 2380,3259"/>
                    <TextEquiv>
                        <Unicode>var</Unicode>
                    </TextEquiv>
                </Word>
                <Word id="tr_2_tl_53_w5" custom="readingOrder {index:4;}">
                    <Coords points="2410,3259 2410,3319 2463,3319 2463,3259"/>
                    <TextEquiv>
                        <Unicode>ik-</Unicode>
                    </TextEquiv>
                </Word>
                <TextEquiv>
                    <Unicode>ulykkelig. Grden hertil var ik-</Unicode>
                </TextEquiv>
            </TextLine>
            <TextLine id="tr_2_tl_54" custom="readingOrder {index:53;}">
                <Coords points="1756,3355 2374,3353 2467,3375 2467,3310 2400,3300 2354,3325 1756,3308"/>
                <Baseline points="1761,3350 1796,3348 1831,3349 1867,3350 1902,3350 1938,3350 1973,3350 2008,3350 2044,3350 2079,3350 2115,3350 2150,3348 2185,3348 2221,3350 2256,3350 2292,3350 2327,3350 2362,3351 2398,3352 2433,3350 2469,3350"/>
                <Word id="tr_2_tl_54_w1" custom="readingOrder {index:0;}">
                    <Coords points="1755,3309 1755,3369 1792,3369 1792,3309"/>
                    <TextEquiv>
                        <Unicode>ke</Unicode>
                    </TextEquiv>
                </Word>
                <Word id="tr_2_tl_54_w2" custom="readingOrder {index:1;}">
                    <Coords points="1821,3310 1821,3370 1919,3370 1919,3310"/>
                    <TextEquiv>
                        <Unicode>alene</Unicode>
                    </TextEquiv>
                </Word>
                <Word id="tr_2_tl_54_w3" custom="readingOrder {index:2;}">
                    <Coords points="1953,3310 1953,3370 2193,3370 2193,3310"/>
                    <TextEquiv>
                        <Unicode>Tragedierne</Unicode>
                    </TextEquiv>
                </Word>
                <Word id="tr_2_tl_54_w4" custom="readingOrder {index:3;}">
                    <Coords points="2221,3310 2221,3370 2235,3370 2235,3310"/>
                    <TextEquiv>
                        <Unicode>i</Unicode>
                    </TextEquiv>
                </Word>
                <Word id="tr_2_tl_54_w5" custom="readingOrder {index:4;}">
                    <Coords points="2254,3310 2254,3370 2343,3370 2343,3310"/>
                    <TextEquiv>
                        <Unicode>hans</Unicode>
                    </TextEquiv>
                </Word>
                <Word id="tr_2_tl_54_w6" custom="readingOrder {index:5;}">
                    <Coords points="2372,3311 2372,3371 2452,3371 2452,3311"/>
                    <TextEquiv>
                        <Unicode>egen</Unicode>
                    </TextEquiv>
                </Word>
                <TextEquiv>
                    <Unicode>ke alene Tragedierne i hans egen</Unicode>
                </TextEquiv>
            </TextLine>
            <TextLine id="tr_2_tl_55" custom="readingOrder {index:54;}">
                <Coords points="1756,3410 2467,3417 2467,3370 2393,3360 1959,3360 1927,3381 1756,3355"/>
                <Baseline points="1761,3398 1796,3398 1831,3398 1867,3398 1902,3398 1938,3398 1973,3400 2008,3401 2044,3400 2079,3398 2115,3398 2150,3400 2185,3400 2221,3398 2256,3398 2292,3401 2327,3401 2362,3401 2398,3401 2433,3401 2469,3404"/>
                <Word id="tr_2_tl_55_w1" custom="readingOrder {index:0;}">
                    <Coords points="1755,3358 1755,3418 1899,3418 1899,3358"/>
                    <TextEquiv>
                        <Unicode>Familie</Unicode>
                    </TextEquiv>
                </Word>
                <Word id="tr_2_tl_55_w2" custom="readingOrder {index:1;}">
                    <Coords points="1934,3358 1934,3418 1972,3418 1972,3358"/>
                    <TextEquiv>
                        <Unicode>og</Unicode>
                    </TextEquiv>
                </Word>
                <Word id="tr_2_tl_55_w3" custom="readingOrder {index:2;}">
                    <Coords points="2007,3359 2007,3419 2098,3419 2098,3359"/>
                    <TextEquiv>
                        <Unicode>hans</Unicode>
                    </TextEquiv>
                </Word>
                <Word id="tr_2_tl_55_w4" custom="readingOrder {index:3;}">
                    <Coords points="2128,3360 2128,3420 2214,3420 2214,3360"/>
                    <TextEquiv>
                        <Unicode>wdle</Unicode>
                    </TextEquiv>
                </Word>
                <Word id="tr_2_tl_55_w5" custom="readingOrder {index:4;}">
                    <Coords points="2253,3360 2253,3420 2321,3420 2321,3360"/>
                    <TextEquiv>
                        <Unicode>Ven</Unicode>
                    </TextEquiv>
                </Word>
                <Word id="tr_2_tl_55_w6" custom="readingOrder {index:5;}">
                    <Coords points="2360,3361 2360,3421 2456,3421 2456,3361"/>
                    <TextEquiv>
                        <Unicode>Hugo</Unicode>
                    </TextEquiv>
                </Word>
                <TextEquiv>
                    <Unicode>Familie og hans wdle Ven Hugo</Unicode>
                </TextEquiv>
            </TextLine>
            <TextLine id="tr_2_tl_56" custom="readingOrder {index:55;}">
                <Coords points="1765,3462 2464,3466 2464,3418 2394,3409 1765,3423"/>
                <Baseline points="1770,3449 1804,3449 1839,3449 1874,3449 1909,3449 1944,3449 1978,3449 2013,3449 2048,3449 2083,3449 2118,3449 2152,3449 2187,3449 2222,3449 2257,3449 2292,3449 2326,3449 2361,3449 2396,3449 2431,3449 2466,3452"/>
                <Word id="tr_2_tl_56_w1" custom="readingOrder {index:0;}">
                    <Coords points="1759,3409 1759,3469 1816,3469 1816,3409"/>
                    <TextEquiv>
                        <Unicode>von</Unicode>
                    </TextEquiv>
                </Word>
                <Word id="tr_2_tl_56_w2" custom="readingOrder {index:1;}">
                    <Coords points="1843,3409 1843,3469 2144,3469 2144,3409"/>
                    <TextEquiv>
                        <Unicode>Holmannsthals</Unicode>
                    </TextEquiv>
                </Word>
                <Word id="tr_2_tl_56_w3" custom="readingOrder {index:2;}">
                    <Coords points="2167,3409 2167,3469 2259,3469 2259,3409"/>
                    <TextEquiv>
                        <Unicode>Dod.</Unicode>
                    </TextEquiv>
                </Word>
                <Word id="tr_2_tl_56_w4" custom="readingOrder {index:3;}">
                    <Coords points="2287,3409 2287,3469 2455,3469 2455,3409"/>
                    <TextEquiv>
                        <Unicode>Grunden</Unicode>
                    </TextEquiv>
                </Word>
                <TextEquiv>
                    <Unicode>von Holmannsthals Dod. Grunden</Unicode>
                </TextEquiv>
            </TextLine>
            <TextLine id="tr_2_tl_57" custom="readingOrder {index:56;}">
                <Coords points="1759,3508 2464,3514 2463,3469 2384,3454 2152,3477 1758,3461"/>
                <Baseline points="1764,3497 1799,3497 1834,3497 1869,3498 1904,3500 1939,3500 1974,3498 2009,3497 2044,3497 2079,3497 2115,3497 2150,3499 2185,3500 2220,3500 2255,3500 2290,3500 2325,3502 2360,3502 2395,3500 2430,3500 2466,3503"/>
                <Word id="tr_2_tl_57_w1" custom="readingOrder {index:0;}">
                    <Coords points="1756,3457 1756,3517 1818,3517 1818,3457"/>
                    <TextEquiv>
                        <Unicode>kan</Unicode>
                    </TextEquiv>
                </Word>
                <Word id="tr_2_tl_57_w2" custom="readingOrder {index:1;}">
                    <Coords points="1863,3460 1863,3520 2001,3520 2001,3460"/>
                    <TextEquiv>
                        <Unicode>enhver</Unicode>
                    </TextEquiv>
                </Word>
                <Word id="tr_2_tl_57_w3" custom="readingOrder {index:2;}">
                    <Coords points="2037,3457 2037,3517 2116,3517 2116,3457"/>
                    <TextEquiv>
                        <Unicode>lase</Unicode>
                    </TextEquiv>
                </Word>
                <Word id="tr_2_tl_57_w4" custom="readingOrder {index:3;}">
                    <Coords points="2157,3459 2157,3519 2205,3519 2205,3459"/>
                    <TextEquiv>
                        <Unicode>sig</Unicode>
                    </TextEquiv>
                </Word>
                <Word id="tr_2_tl_57_w5" custom="readingOrder {index:4;}">
                    <Coords points="2250,3460 2250,3520 2290,3520 2290,3460"/>
                    <TextEquiv>
                        <Unicode>til</Unicode>
                    </TextEquiv>
                </Word>
                <Word id="tr_2_tl_57_w6" custom="readingOrder {index:5;}">
                    <Coords points="2322,3462 2322,3522 2339,3522 2339,3462"/>
                    <TextEquiv>
                        <Unicode>i</Unicode>
                    </TextEquiv>
                </Word>
                <Word id="tr_2_tl_57_w7" custom="readingOrder {index:6;}">
                    <Coords points="2371,3460 2371,3520 2459,3520 2459,3460"/>
                    <TextEquiv>
                        <Unicode>hans</Unicode>
                    </TextEquiv>
                </Word>
                <TextEquiv>
                    <Unicode>kan enhver lase sig til i hans</Unicode>
                </TextEquiv>
            </TextLine>
            <TextLine id="tr_2_tl_58" custom="readingOrder {index:57;}">
                <Coords points="1771,3554 2461,3557 2461,3512 2379,3506 1771,3511"/>
                <Baseline points="1776,3544 1810,3546 1844,3547 1879,3547 1913,3547 1947,3547 1982,3547 2016,3547 2050,3547 2085,3544 2119,3544 2153,3545 2188,3547 2222,3547 2256,3547 2291,3547 2325,3547 2359,3547 2394,3547 2428,3549 2463,3550"/>
                <Word id="tr_2_tl_58_w1" custom="readingOrder {index:0;}">
                    <Coords points="1770,3506 1770,3566 1905,3566 1905,3506"/>
                    <TextEquiv>
                        <Unicode>Varker</Unicode>
                    </TextEquiv>
                </Word>
                <Word id="tr_2_tl_58_w2" custom="readingOrder {index:1;}">
                    <Coords points="1933,3507 1933,3567 2023,3567 2023,3507"/>
                    <TextEquiv>
                        <Unicode>efter</Unicode>
                    </TextEquiv>
                </Word>
                <Word id="tr_2_tl_58_w3" custom="readingOrder {index:2;}">
                    <Coords points="2056,3504 2056,3564 2151,3564 2151,3504"/>
                    <TextEquiv>
                        <Unicode>131S.</Unicode>
                    </TextEquiv>
                </Word>
                <Word id="tr_2_tl_58_w4" custom="readingOrder {index:3;}">
                    <Coords points="2184,3507 2184,3567 2310,3567 2310,3507"/>
                    <TextEquiv>
                        <Unicode>Denne</Unicode>
                    </TextEquiv>
                </Word>
                <Word id="tr_2_tl_58_w5" custom="readingOrder {index:4;}">
                    <Coords points="2343,3507 2343,3567 2465,3567 2465,3507"/>
                    <TextEquiv>
                        <Unicode>Mand.</Unicode>
                    </TextEquiv>
                </Word>
                <TextEquiv>
                    <Unicode>Varker efter 131S. Denne Mand.</Unicode>
                </TextEquiv>
            </TextLine>
            <TextLine id="tr_2_tl_59" custom="readingOrder {index:58;}">
                <Coords points="1765,3610 2461,3609 2461,3559 2432,3551 2314,3571 1765,3557"/>
                <Baseline points="1770,3601 1804,3598 1839,3598 1873,3598 1908,3600 1943,3601 1977,3601 2012,3598 2047,3598 2081,3598 2116,3598 2151,3598 2185,3598 2220,3598 2255,3598 2289,3598 2324,3598 2359,3596 2393,3596 2428,3597 2463,3592"/>
                <Word id="tr_2_tl_59_w1" custom="readingOrder {index:0;}">
                    <Coords points="1759,3558 1759,3618 1868,3618 1868,3558"/>
                    <TextEquiv>
                        <Unicode>denne</Unicode>
                    </TextEquiv>
                </Word>
                <Word id="tr_2_tl_59_w2" custom="readingOrder {index:1;}">
                    <Coords points="1900,3561 1900,3621 2037,3621 2037,3561"/>
                    <TextEquiv>
                        <Unicode>Digter.</Unicode>
                    </TextEquiv>
                </Word>
                <Word id="tr_2_tl_59_w3" custom="readingOrder {index:2;}">
                    <Coords points="2055,3558 2055,3618 2169,3618 2169,3558"/>
                    <TextEquiv>
                        <Unicode>denne</Unicode>
                    </TextEquiv>
                </Word>
                <Word id="tr_2_tl_59_w4" custom="readingOrder {index:3;}">
                    <Coords points="2201,3558 2201,3618 2301,3618 2301,3558"/>
                    <TextEquiv>
                        <Unicode>Lage</Unicode>
                    </TextEquiv>
                </Word>
                <Word id="tr_2_tl_59_w5" custom="readingOrder {index:4;}">
                    <Coords points="2324,3556 2324,3616 2438,3616 2438,3556"/>
                    <TextEquiv>
                        <Unicode>twnkt</Unicode>
                    </TextEquiv>
                </Word>
                <TextEquiv>
                    <Unicode>denne Digter. denne Lage twnkt</Unicode>
                </TextEquiv>
            </TextLine>
            <TextLine id="tr_2_tl_60" custom="readingOrder {index:59;}">
                <Coords points="1756,3655 2467,3662 2467,3604 1756,3620"/>
                <Baseline points="1761,3652 1796,3650 1831,3649 1867,3649 1902,3649 1938,3649 1973,3649 2008,3649 2044,3649 2079,3649 2115,3646 2150,3648 2185,3649 2221,3649 2256,3649 2292,3649 2327,3649 2362,3649 2398,3649 2433,3649 2469,3652"/>
                <Word id="tr_2_tl_60_w1" custom="readingOrder {index:0;}">
                    <Coords points="1755,3611 1755,3671 1796,3671 1796,3611"/>
                    <TextEquiv>
                        <Unicode>nu</Unicode>
                    </TextEquiv>
                </Word>
                <Word id="tr_2_tl_60_w2" custom="readingOrder {index:1;}">
                    <Coords points="1825,3609 1825,3669 1890,3669 1890,3609"/>
                    <TextEquiv>
                        <Unicode>kun</Unicode>
                    </TextEquiv>
                </Word>
                <Word id="tr_2_tl_60_w3" custom="readingOrder {index:2;}">
                    <Coords points="1924,3609 1924,3669 1984,3669 1984,3609"/>
                    <TextEquiv>
                        <Unicode>paa</Unicode>
                    </TextEquiv>
                </Word>
                <Word id="tr_2_tl_60_w4" custom="readingOrder {index:3;}">
                    <Coords points="2013,3609 2013,3669 2106,3669 2106,3609"/>
                    <TextEquiv>
                        <Unicode>dette</Unicode>
                    </TextEquiv>
                </Word>
                <Word id="tr_2_tl_60_w5" custom="readingOrder {index:4;}">
                    <Coords points="2134,3608 2134,3668 2167,3668 2167,3608"/>
                    <TextEquiv>
                        <Unicode>at</Unicode>
                    </TextEquiv>
                </Word>
                <Word id="tr_2_tl_60_w6" custom="readingOrder {index:5;}">
                    <Coords points="2191,3609 2191,3669 2279,3669 2279,3609"/>
                    <TextEquiv>
                        <Unicode>blive</Unicode>
                    </TextEquiv>
                </Word>
                <Word id="tr_2_tl_60_w7" custom="readingOrder {index:6;}">
                    <Coords points="2303,3609 2303,3669 2462,3669 2462,3609"/>
                    <TextEquiv>
                        <Unicode>gammel</Unicode>
                    </TextEquiv>
                </Word>
                <TextEquiv>
                    <Unicode>nu kun paa dette at blive gammel</Unicode>
                </TextEquiv>
            </TextLine>
            <TextLine id="tr_2_tl_61" custom="readingOrder {index:60;}">
                <Coords points="1765,3713 2103,3702 2150,3722 2280,3698 2391,3724 2467,3705 2467,3663 2424,3657 1765,3659"/>
                <Baseline points="1770,3703 1806,3703 1843,3701 1880,3700 1917,3700 1953,3700 1990,3700 2027,3700 2064,3700 2101,3700 2137,3699 2174,3697 2211,3697 2248,3697 2285,3698 2321,3700 2358,3700 2395,3697 2432,3699 2469,3703"/>
                <Word id="tr_2_tl_61_w1" custom="readingOrder {index:0;}">
                    <Coords points="1759,3663 1759,3723 1791,3723 1791,3663"/>
                    <TextEquiv>
                        <Unicode>og</Unicode>
                    </TextEquiv>
                </Word>
                <Word id="tr_2_tl_61_w2" custom="readingOrder {index:1;}">
                    <Coords points="1825,3660 1825,3720 1890,3720 1890,3660"/>
                    <TextEquiv>
                        <Unicode>paa</Unicode>
                    </TextEquiv>
                </Word>
                <Word id="tr_2_tl_61_w3" custom="readingOrder {index:2;}">
                    <Coords points="1928,3660 1928,3720 2068,3720 2068,3660"/>
                    <TextEquiv>
                        <Unicode>Doden.</Unicode>
                    </TextEquiv>
                </Word>
                <Word id="tr_2_tl_61_w4" custom="readingOrder {index:3;}">
                    <Coords points="2096,3659 2096,3719 2176,3719 2176,3659"/>
                    <TextEquiv>
                        <Unicode>llan</Unicode>
                    </TextEquiv>
                </Word>
                <Word id="tr_2_tl_61_w5" custom="readingOrder {index:4;}">
                    <Coords points="2209,3657 2209,3717 2269,3717 2269,3657"/>
                    <TextEquiv>
                        <Unicode>var</Unicode>
                    </TextEquiv>
                </Word>
                <Word id="tr_2_tl_61_w6" custom="readingOrder {index:5;}">
                    <Coords points="2298,3660 2298,3720 2368,3720 2368,3660"/>
                    <TextEquiv>
                        <Unicode>lige</Unicode>
                    </TextEquiv>
                </Word>
                <Word id="tr_2_tl_61_w7" custom="readingOrder {index:6;}">
                    <Coords points="2396,3658 2396,3718 2452,3718 2452,3658"/>
                    <TextEquiv>
                        <Unicode>saa</Unicode>
                    </TextEquiv>
                </Word>
                <TextEquiv>
                    <Unicode>og paa Doden. llan var lige saa</Unicode>
                </TextEquiv>
            </TextLine>
            <TextLine id="tr_2_tl_62" custom="readingOrder {index:61;}">
                <Coords points="1762,3760 2467,3763 2459,3717 2277,3699 2119,3732 2032,3708 1762,3717"/>
                <Baseline points="1767,3750 1802,3750 1837,3750 1872,3751 1907,3753 1942,3750 1977,3750 2012,3750 2047,3749 2082,3747 2118,3749 2153,3750 2188,3749 2223,3747 2258,3747 2293,3747 2328,3747 2363,3747 2398,3747 2433,3747 2469,3750"/>
                <Word id="tr_2_tl_62_w1" custom="readingOrder {index:0;}">
                    <Coords points="1761,3710 1761,3770 1852,3770 1852,3710"/>
                    <TextEquiv>
                        <Unicode>langt</Unicode>
                    </TextEquiv>
                </Word>
                <Word id="tr_2_tl_62_w2" custom="readingOrder {index:1;}">
                    <Coords points="1880,3710 1880,3770 2017,3770 2017,3710"/>
                    <TextEquiv>
                        <Unicode>fjernet</Unicode>
                    </TextEquiv>
                </Word>
                <Word id="tr_2_tl_62_w3" custom="readingOrder {index:2;}">
                    <Coords points="2045,3707 2045,3767 2095,3767 2095,3707"/>
                    <TextEquiv>
                        <Unicode>fra</Unicode>
                    </TextEquiv>
                </Word>
                <Word id="tr_2_tl_62_w4" custom="readingOrder {index:3;}">
                    <Coords points="2132,3709 2132,3769 2168,3769 2168,3709"/>
                    <TextEquiv>
                        <Unicode>en</Unicode>
                    </TextEquiv>
                </Word>
                <Word id="tr_2_tl_62_w5" custom="readingOrder {index:4;}">
                    <Coords points="2210,3707 2210,3767 2347,3767 2347,3707"/>
                    <TextEquiv>
                        <Unicode>hvilken</Unicode>
                    </TextEquiv>
                </Word>
                <Word id="tr_2_tl_62_w6" custom="readingOrder {index:5;}">
                    <Coords points="2384,3707 2384,3767 2443,3767 2443,3707"/>
                    <TextEquiv>
                        <Unicode>som</Unicode>
                    </TextEquiv>
                </Word>
                <TextEquiv>
                    <Unicode>langt fjernet fra en hvilken som</Unicode>
                </TextEquiv>
            </TextLine>
            <TextLine id="tr_2_tl_63" custom="readingOrder {index:62;}">
                <Coords points="1765,3807 2464,3806 2464,3763 2385,3751 2118,3776 1765,3760"/>
                <Baseline points="1770,3801 1804,3799 1839,3801 1874,3799 1909,3798 1944,3799 1978,3801 2013,3798 2048,3798 2083,3797 2118,3796 2152,3798 2187,3798 2222,3798 2257,3798 2292,3798 2326,3795 2361,3795 2396,3795 2431,3795 2466,3795"/>
                <Word id="tr_2_tl_63_w1" custom="readingOrder {index:0;}">
                    <Coords points="1759,3759 1759,3819 1847,3819 1847,3759"/>
                    <TextEquiv>
                        <Unicode>helst</Unicode>
                    </TextEquiv>
                </Word>
                <Word id="tr_2_tl_63_w2" custom="readingOrder {index:1;}">
                    <Coords points="1870,3760 1870,3820 2095,3820 2095,3760"/>
                    <TextEquiv>
                        <Unicode>Resignation</Unicode>
                    </TextEquiv>
                </Word>
                <Word id="tr_2_tl_63_w3" custom="readingOrder {index:2;}">
                    <Coords points="2127,3758 2127,3818 2180,3818 2180,3758"/>
                    <TextEquiv>
                        <Unicode>som</Unicode>
                    </TextEquiv>
                </Word>
                <Word id="tr_2_tl_63_w4" custom="readingOrder {index:3;}">
                    <Coords points="2225,3758 2225,3818 2273,3818 2273,3758"/>
                    <TextEquiv>
                        <Unicode>fra</Unicode>
                    </TextEquiv>
                </Word>
                <Word id="tr_2_tl_63_w5" custom="readingOrder {index:4;}">
                    <Coords points="2300,3755 2300,3815 2335,3815 2335,3755"/>
                    <TextEquiv>
                        <Unicode>en</Unicode>
                    </TextEquiv>
                </Word>
                <Word id="tr_2_tl_63_w6" custom="readingOrder {index:5;}">
                    <Coords points="2367,3755 2367,3815 2459,3815 2459,3755"/>
                    <TextEquiv>
                        <Unicode>lede-</Unicode>
                    </TextEquiv>
                </Word>
                <TextEquiv>
                    <Unicode>helst Resignation som fra en lede-</Unicode>
                </TextEquiv>
            </TextLine>
            <TextLine id="tr_2_tl_64" custom="readingOrder {index:63;}">
                <Coords points="1762,3855 2257,3874 2391,3847 2458,3866 2459,3815 2366,3801 2100,3824 2051,3802 1980,3823 1763,3806"/>
                <Baseline points="1767,3849 1801,3849 1836,3849 1870,3849 1905,3849 1940,3849 1974,3847 2009,3846 2044,3846 2078,3846 2113,3848 2148,3848 2182,3846 2217,3846 2252,3846 2286,3846 2321,3846 2356,3846 2390,3846 2425,3848 2460,3849"/>
                <Word id="tr_2_tl_64_w1" custom="readingOrder {index:0;}">
                    <Coords points="1761,3809 1761,3869 1807,3869 1807,3809"/>
                    <TextEquiv>
                        <Unicode>los</Unicode>
                    </TextEquiv>
                </Word>
                <Word id="tr_2_tl_64_w2" custom="readingOrder {index:1;}">
                    <Coords points="1836,3809 1836,3869 1957,3869 1957,3809"/>
                    <TextEquiv>
                        <Unicode>Frygt.</Unicode>
                    </TextEquiv>
                </Word>
                <Word id="tr_2_tl_64_w3" custom="readingOrder {index:2;}">
                    <Coords points="1995,3806 1995,3866 2069,3866 2069,3806"/>
                    <TextEquiv>
                        <Unicode>Men</Unicode>
                    </TextEquiv>
                </Word>
                <Word id="tr_2_tl_64_w4" custom="readingOrder {index:3;}">
                    <Coords points="2103,3806 2103,3866 2374,3866 2374,3806"/>
                    <TextEquiv>
                        <Unicode>Sporgamaalet</Unicode>
                    </TextEquiv>
                </Word>
                <Word id="tr_2_tl_64_w5" custom="readingOrder {index:4;}">
                    <Coords points="2398,3808 2398,3868 2458,3868 2458,3808"/>
                    <TextEquiv>
                        <Unicode>var</Unicode>
                    </TextEquiv>
                </Word>
                <TextEquiv>
                    <Unicode>los Frygt. Men Sporgamaalet var</Unicode>
                </TextEquiv>
            </TextLine>
            <TextLine id="tr_2_tl_65" custom="readingOrder {index:64;}">
                <Coords points="1756,3904 2461,3906 2461,3867 2396,3847 2259,3874 2142,3876 2103,3851 1756,3865"/>
                <Baseline points="1761,3900 1796,3900 1831,3897 1866,3897 1901,3897 1936,3897 1971,3897 2006,3895 2041,3896 2076,3897 2112,3897 2147,3900 2182,3898 2217,3897 2252,3897 2287,3897 2322,3897 2357,3897 2392,3896 2427,3894 2463,3894"/>
                <Word id="tr_2_tl_65_w1" custom="readingOrder {index:0;}">
                    <Coords points="1750,3860 1750,3920 1826,3920 1826,3860"/>
                    <TextEquiv>
                        <Unicode>altid</Unicode>
                    </TextEquiv>
                </Word>
                <Word id="tr_2_tl_65_w2" custom="readingOrder {index:1;}">
                    <Coords points="1863,3855 1863,3915 2132,3915 2132,3855"/>
                    <TextEquiv>
                        <Unicode>nervwrende,</Unicode>
                    </TextEquiv>
                </Word>
                <Word id="tr_2_tl_65_w3" custom="readingOrder {index:2;}">
                    <Coords points="2155,3858 2155,3918 2191,3918 2191,3858"/>
                    <TextEquiv>
                        <Unicode>en</Unicode>
                    </TextEquiv>
                </Word>
                <Word id="tr_2_tl_65_w4" custom="readingOrder {index:3;}">
                    <Coords points="2222,3857 2222,3917 2334,3917 2334,3857"/>
                    <TextEquiv>
                        <Unicode>madig</Unicode>
                    </TextEquiv>
                </Word>
                <Word id="tr_2_tl_65_w5" custom="readingOrder {index:4;}">
                    <Coords points="2371,3854 2371,3914 2465,3914 2465,3854"/>
                    <TextEquiv>
                        <Unicode>Mar-</Unicode>
                    </TextEquiv>
                </Word>
                <TextEquiv>
                    <Unicode>altid nervwrende, en madig Mar-</Unicode>
                </TextEquiv>
            </TextLine>
            <TextLine id="tr_2_tl_66" custom="readingOrder {index:65;}">
                <Coords points="1765,3957 2470,3958 2470,3910 2446,3903 1765,3912"/>
                <Baseline points="1770,3947 1805,3947 1840,3947 1875,3947 1910,3947 1945,3947 1980,3947 2015,3947 2050,3947 2085,3945 2121,3947 2156,3947 2191,3947 2226,3947 2261,3947 2296,3947 2331,3947 2366,3946 2401,3945 2436,3945 2472,3947"/>
                <Word id="tr_2_tl_66_w1" custom="readingOrder {index:0;}">
                    <Coords points="1759,3907 1759,3967 1825,3967 1825,3907"/>
                    <TextEquiv>
                        <Unicode>tren</Unicode>
                    </TextEquiv>
                </Word>
                <Word id="tr_2_tl_66_w2" custom="readingOrder {index:1;}">
                    <Coords points="1859,3907 1859,3967 1896,3967 1896,3907"/>
                    <TextEquiv>
                        <Unicode>af</Unicode>
                    </TextEquiv>
                </Word>
                <Word id="tr_2_tl_66_w3" custom="readingOrder {index:2;}">
                    <Coords points="1925,3907 1925,3967 2133,3967 2133,3907"/>
                    <TextEquiv>
                        <Unicode>Tankerne.</Unicode>
                    </TextEquiv>
                </Word>
                <Word id="tr_2_tl_66_w4" custom="readingOrder {index:3;}">
                    <Coords points="2167,3907 2167,3967 2261,3967 2261,3907"/>
                    <TextEquiv>
                        <Unicode>Hans</Unicode>
                    </TextEquiv>
                </Word>
                <Word id="tr_2_tl_66_w5" custom="readingOrder {index:4;}">
                    <Coords points="2295,3905 2295,3965 2469,3965 2469,3905"/>
                    <TextEquiv>
                        <Unicode>Arbejde.</Unicode>
                    </TextEquiv>
                </Word>
                <TextEquiv>
                    <Unicode>tren af Tankerne. Hans Arbejde.</Unicode>
                </TextEquiv>
            </TextLine>
            <TextLine id="tr_2_tl_67" custom="readingOrder {index:66;}">
                <Coords points="1762,4008 2464,4000 2442,3952 1863,3972 1762,3954"/>
                <Baseline points="1767,3998 1803,3998 1840,3998 1877,3998 1914,3998 1950,3998 1987,3998 2024,3998 2061,3996 2098,3995 2134,3995 2171,3995 2208,3998 2245,3996 2282,3995 2318,3996 2355,3998 2392,3995 2429,3995 2466,3998"/>
                <Word id="tr_2_tl_67_w1" custom="readingOrder {index:0;}">
                    <Coords points="1761,3958 1761,4018 1815,4018 1815,3958"/>
                    <TextEquiv>
                        <Unicode>den</Unicode>
                    </TextEquiv>
                </Word>
                <Word id="tr_2_tl_67_w2" custom="readingOrder {index:1;}">
                    <Coords points="1857,3958 1857,4018 1971,4018 1971,3958"/>
                    <TextEquiv>
                        <Unicode>sidste</Unicode>
                    </TextEquiv>
                </Word>
                <Word id="tr_2_tl_67_w3" custom="readingOrder {index:2;}">
                    <Coords points="2009,3955 2009,4015 2210,4015 2210,3955"/>
                    <TextEquiv>
                        <Unicode>Strekning</Unicode>
                    </TextEquiv>
                </Word>
                <Word id="tr_2_tl_67_w4" custom="readingOrder {index:3;}">
                    <Coords points="2271,3955 2271,4015 2312,4015 2312,3955"/>
                    <TextEquiv>
                        <Unicode>af</Unicode>
                    </TextEquiv>
                </Word>
                <Word id="tr_2_tl_67_w5" custom="readingOrder {index:4;}">
                    <Coords points="2367,3955 2367,4015 2459,4015 2459,3955"/>
                    <TextEquiv>
                        <Unicode>hans</Unicode>
                    </TextEquiv>
                </Word>
                <TextEquiv>
                    <Unicode>den sidste Strekning af hans</Unicode>
                </TextEquiv>
            </TextLine>
            <TextLine id="tr_2_tl_68" custom="readingOrder {index:67;}">
                <Coords points="1759,4059 2464,4054 2438,4003 2333,4026 1759,4003"/>
                <Baseline points="1764,4055 1799,4049 1834,4049 1869,4047 1904,4046 1939,4047 1974,4049 2009,4049 2044,4047 2079,4046 2115,4046 2150,4046 2185,4046 2220,4046 2255,4046 2290,4046 2325,4046 2360,4046 2395,4045 2430,4044 2466,4046"/>
                <Word id="tr_2_tl_68_w1" custom="readingOrder {index:0;}">
                    <Coords points="1759,4007 1759,4067 1960,4067 1960,4007"/>
                    <TextEquiv>
                        <Unicode>glansfulde</Unicode>
                    </TextEquiv>
                </Word>
                <Word id="tr_2_tl_68_w2" custom="readingOrder {index:1;}">
                    <Coords points="1992,4009 1992,4069 2007,4069 2007,4009"/>
                    <TextEquiv>
                        <Unicode>,</Unicode>
                    </TextEquiv>
                </Word>
                <Word id="tr_2_tl_68_w3" custom="readingOrder {index:2;}">
                    <Coords points="2038,4006 2038,4066 2286,4066 2286,4006"/>
                    <TextEquiv>
                        <Unicode>kunstneriske</Unicode>
                    </TextEquiv>
                </Word>
                <Word id="tr_2_tl_68_w4" custom="readingOrder {index:3;}">
                    <Coords points="2349,4004 2349,4064 2462,4064 2462,4004"/>
                    <TextEquiv>
                        <Unicode>Lobe-</Unicode>
                    </TextEquiv>
                </Word>
                <TextEquiv>
                    <Unicode>glansfulde , kunstneriske Lobe-</Unicode>
                </TextEquiv>
            </TextLine>
            <TextLine id="tr_2_tl_69" custom="readingOrder {index:68;}">
                <Coords points="1762,4105 2212,4103 2242,4125 2461,4097 2461,4054 2072,4073 1977,4051 1870,4079 1762,4061"/>
                <Baseline points="1767,4097 1801,4097 1836,4097 1871,4097 1906,4097 1941,4097 1975,4097 2010,4097 2045,4097 2080,4097 2115,4097 2149,4097 2184,4097 2219,4097 2254,4097 2289,4097 2323,4096 2358,4094 2393,4094 2428,4096 2463,4097"/>
                <Word id="tr_2_tl_69_w1" custom="readingOrder {index:0;}">
                    <Coords points="1763,4057 1763,4117 1845,4117 1845,4057"/>
                    <TextEquiv>
                        <Unicode>bine</Unicode>
                    </TextEquiv>
                </Word>
                <Word id="tr_2_tl_69_w2" custom="readingOrder {index:1;}">
                    <Coords points="1879,4057 1879,4117 1944,4117 1944,4057"/>
                    <TextEquiv>
                        <Unicode>var</Unicode>
                    </TextEquiv>
                </Word>
                <Word id="tr_2_tl_69_w3" custom="readingOrder {index:2;}">
                    <Coords points="1973,4057 1973,4117 2049,4117 2049,4057"/>
                    <TextEquiv>
                        <Unicode>helt</Unicode>
                    </TextEquiv>
                </Word>
                <Word id="tr_2_tl_69_w4" custom="readingOrder {index:3;}">
                    <Coords points="2078,4057 2078,4117 2315,4117 2315,4057"/>
                    <TextEquiv>
                        <Unicode>overskygget</Unicode>
                    </TextEquiv>
                </Word>
                <Word id="tr_2_tl_69_w5" custom="readingOrder {index:4;}">
                    <Coords points="2343,4054 2343,4114 2464,4114 2464,4054"/>
                    <TextEquiv>
                        <Unicode>deraf.</Unicode>
                    </TextEquiv>
                </Word>
                <TextEquiv>
                    <Unicode>bine var helt overskygget deraf.</Unicode>
                </TextEquiv>
            </TextLine>
            <TextLine id="tr_2_tl_70" custom="readingOrder {index:69;}">
                <Coords points="1810,4161 2467,4150 2466,4118 2347,4102 2242,4124 1809,4112"/>
                <Baseline points="1815,4145 1847,4145 1880,4146 1913,4148 1945,4148 1978,4146 2011,4146 2043,4148 2076,4148 2109,4148 2142,4148 2174,4148 2207,4148 2240,4148 2272,4148 2305,4148 2338,4150 2370,4151 2403,4151 2436,4148 2469,4148"/>
                <Word id="tr_2_tl_70_w1" custom="readingOrder {index:0;}">
                    <Coords points="1809,4107 1809,4167 1995,4167 1995,4107"/>
                    <TextEquiv>
                        <Unicode>chnitzler</Unicode>
                    </TextEquiv>
                </Word>
                <Word id="tr_2_tl_70_w2" custom="readingOrder {index:1;}">
                    <Coords points="2026,4108 2026,4168 2218,4168 2218,4108"/>
                    <TextEquiv>
                        <Unicode>arbejdede</Unicode>
                    </TextEquiv>
                </Word>
                <Word id="tr_2_tl_70_w3" custom="readingOrder {index:2;}">
                    <Coords points="2249,4108 2249,4168 2359,4168 2359,4108"/>
                    <TextEquiv>
                        <Unicode>stadig</Unicode>
                    </TextEquiv>
                </Word>
                <Word id="tr_2_tl_70_w4" custom="readingOrder {index:3;}">
                    <Coords points="2395,4109 2395,4169 2455,4169 2455,4109"/>
                    <TextEquiv>
                        <Unicode>paa</Unicode>
                    </TextEquiv>
                </Word>
                <TextEquiv>
                    <Unicode>chnitzler arbejdede stadig paa</Unicode>
                </TextEquiv>
            </TextLine>
            <TextLine id="tr_2_tl_71" custom="readingOrder {index:70;}">
                <Coords points="1759,4206 1894,4200 1950,4224 2023,4200 2179,4220 2470,4204 2457,4157 1759,4164"/>
                <Baseline points="1764,4201 1799,4201 1834,4199 1870,4198 1905,4198 1941,4198 1976,4198 2011,4198 2047,4198 2082,4198 2118,4198 2153,4198 2188,4198 2224,4198 2259,4198 2295,4198 2330,4198 2365,4198 2401,4197 2436,4196 2472,4198"/>
                <Word id="tr_2_tl_71_w1" custom="readingOrder {index:0;}">
                    <Coords points="1760,4160 1760,4220 1839,4220 1839,4160"/>
                    <TextEquiv>
                        <Unicode>ere</Unicode>
                    </TextEquiv>
                </Word>
                <Word id="tr_2_tl_71_w2" custom="readingOrder {index:1;}">
                    <Coords points="1862,4158 1862,4218 2010,4218 2010,4158"/>
                    <TextEquiv>
                        <Unicode>Varker</Unicode>
                    </TextEquiv>
                </Word>
                <Word id="tr_2_tl_71_w3" custom="readingOrder {index:2;}">
                    <Coords points="2033,4158 2033,4218 2216,4218 2216,4158"/>
                    <TextEquiv>
                        <Unicode>samtidig,</Unicode>
                    </TextEquiv>
                </Word>
                <Word id="tr_2_tl_71_w4" custom="readingOrder {index:3;}">
                    <Coords points="2228,4158 2228,4218 2284,4218 2284,4158"/>
                    <TextEquiv>
                        <Unicode>som</Unicode>
                    </TextEquiv>
                </Word>
                <Word id="tr_2_tl_71_w5" custom="readingOrder {index:4;}">
                    <Coords points="2319,4158 2319,4218 2381,4218 2381,4158"/>
                    <TextEquiv>
                        <Unicode>han</Unicode>
                    </TextEquiv>
                </Word>
                <Word id="tr_2_tl_71_w6" custom="readingOrder {index:5;}">
                    <Coords points="2410,4156 2410,4216 2455,4216 2455,4156"/>
                    <TextEquiv>
                        <Unicode>lod</Unicode>
                    </TextEquiv>
                </Word>
                <TextEquiv>
                    <Unicode>ere Varker samtidig, som han lod</Unicode>
                </TextEquiv>
            </TextLine>
            <TextLine id="tr_2_tl_72" custom="readingOrder {index:71;}">
                <Coords points="1777,4257 2464,4252 2465,4204 2241,4227 2024,4200 1939,4228 1897,4202 1778,4212"/>
                <Baseline points="1782,4252 1816,4251 1850,4249 1884,4249 1918,4249 1953,4249 1987,4249 2021,4249 2055,4249 2089,4249 2124,4249 2158,4249 2192,4249 2226,4249 2260,4249 2295,4249 2329,4249 2363,4249 2397,4249 2431,4248 2466,4246"/>
                <Word id="tr_2_tl_72_w1" custom="readingOrder {index:0;}">
                    <Coords points="1778,4211 1778,4271 1849,4271 1849,4211"/>
                    <TextEquiv>
                        <Unicode>igge</Unicode>
                    </TextEquiv>
                </Word>
                <Word id="tr_2_tl_72_w2" custom="readingOrder {index:1;}">
                    <Coords points="1883,4209 1883,4269 1993,4269 1993,4209"/>
                    <TextEquiv>
                        <Unicode>lange</Unicode>
                    </TextEquiv>
                </Word>
                <Word id="tr_2_tl_72_w3" custom="readingOrder {index:2;}">
                    <Coords points="2026,4209 2026,4269 2219,4269 2219,4209"/>
                    <TextEquiv>
                        <Unicode>ufuldendt</Unicode>
                    </TextEquiv>
                </Word>
                <Word id="tr_2_tl_72_w4" custom="readingOrder {index:3;}">
                    <Coords points="2248,4209 2248,4269 2286,4269 2286,4209"/>
                    <TextEquiv>
                        <Unicode>og</Unicode>
                    </TextEquiv>
                </Word>
                <Word id="tr_2_tl_72_w5" custom="readingOrder {index:4;}">
                    <Coords points="2320,4209 2320,4269 2463,4269 2463,4209"/>
                    <TextEquiv>
                        <Unicode>uaffile-</Unicode>
                    </TextEquiv>
                </Word>
                <TextEquiv>
                    <Unicode>igge lange ufuldendt og uaffile-</Unicode>
                </TextEquiv>
            </TextLine>
            <TextEquiv>
                <Unicode></Unicode>
            </TextEquiv>
        </TextRegion>
    </Page>
</PcGts>
