3392 4352
192 319 308 379 12.

434 318 966 378 chnitzlers
1034 316 1261 376 Death

1492 315 1617 375 box
1693 315 1869 375 42/6

2006 159 2097 219 letzten
2144 159 2272 219 Jahren
2323 162 2401 222 über
2442 165 2653 225 verschiedene
2695 168 2938 228 Beschwerden,

2005 201 2087 261 auch,
2106 199 2154 259 der
2184 205 2385 265 Selbstmord
2415 206 2511 266 seiner
2541 209 2666 269 Tochter
2695 210 2748 270 hat
2772 211 2820 271 ihm
2869 213 2931 273 sehr

2006 243 2265 303 niedergedrückt.
2306 246 2388 306 Aber
2434 246 2465 306 er
2512 249 2579 309 war
2621 252 2707 312 nicht
2749 252 2839 312 krank
2885 255 2912 315 im

2007 285 2197 345 eigentlichen
2234 288 2343 348 Sinne
2375 289 2434 349 und
2466 291 2576 351 mußte
2603 294 2653 354 nie
2681 295 2707 355 in
2744 294 2794 354 der
2822 296 2917 356 letzten

2013 328 2076 388 Zeit
2100 327 2149 387 das
2182 327 2255 387 Bett
2278 330 2391 390 hüten.
2410 333 2510 393 Heute
2534 336 2702 396 vormittag
2730 339 2912 399 unternahm

2007 370 2036 430 er
2071 368 2139 428 noch
2179 371 2264 431 einen
2307 376 2548 436 Spaziergang,
2600 378 2655 438 von
2698 380 2749 440 dem
2801 380 2831 440 er
2870 380 2908 440 um

2078 408 2140 468 Uhr
2180 413 2252 473 nach
2291 416 2397 476 Hause
2441 419 2664 479 zurückkehrte.
2708 422 2756 482 Um
2809 423 2930 483 viertel

2010 452 2035 512 12
2070 452 2134 512 Uhr
2164 455 2238 515 fand
2273 458 2322 518 ihn
2363 461 2442 521 seine
2472 462 2680 522 Sekretärin,
2705 464 2734 524 im
2780 465 2933 525 Arbeits¬

2007 497 2132 557 zimmer
2162 500 2343 560 bewußtlos
2377 501 2432 561 auf
2461 503 2507 563 dem
2559 506 2662 566 Boden
2700 509 2816 569 liegen.
2840 509 2919 569 Man

2005 539 2120 599 brachte
2154 540 2202 600 ihn
2241 544 2341 604 sofort
2370 546 2398 606 zu
2437 548 2528 608 Bett,
2557 548 2619 608 doch
2658 548 2715 608 hat
2740 551 2773 611 er
2807 551 2854 611 bis
2893 552 2917 612 zu

2006 580 2099 640 seinem
2146 583 2211 643 Tod
2244 583 2327 643 nicht
2356 587 2444 647 mehr
2472 589 2523 649 das
2561 590 2756 650 Bewußtsein
2794 593 2929 653 wieder¬

2006 625 2144 685 erlangt.
2164 625 2245 685 Eine
2274 629 2537 689 Gehirnblutung
2571 632 2638 692 war
2667 634 2872 694 eingetreten,
2897 636 2920 696 so

2003 667 2057 727 daß
2087 667 2121 727 er
2151 670 2200 730 sich
2235 672 2318 732 nicht
2353 673 2437 733 einen
2472 676 2663 736 Augenblick
2689 676 2786 736 seines
2822 681 2920 741 nahen

2004 709 2099 769 Todes
2128 711 2257 771 bewußt
2286 715 2411 775 wurde.
2430 715 2473 775 Er
2502 716 2554 776 hat
2579 718 2722 778 oubar
2746 720 2818 780 auch
2847 724 2928 784 nicht

2006 751 2146 811 gelitten.
2178 756 2222 816 Um
2273 756 2389 816 viertel
2420 756 2434 816 7
2471 758 2541 818 Uhr
2572 761 2642 821 trat
2673 764 2925 824 Atemlähmung

2001 794 2069 854 ein;
2091 795 2121 855 er
2149 798 2227 858 starb
2259 798 2359 858 sanft.

2087 846 2124 906 An
2167 849 2215 909 dem
2269 852 2481 912 Sterbelager
2514 855 2620 915 weilte
2647 855 2705 915 sein
2743 858 2844 918 sofort
2877 860 2924 920 be¬

1998 891 2128 951 rufener
2164 893 2294 953 Bruder
2330 894 2451 954 Hofrat
2487 900 2698 960 Univ.=Prof.
2729 903 2920 963 Primarius

2007 933 2065 993 Dr.
2092 936 2218 996 Julius
2251 939 2505 999 Schnitzler
2543 942 2600 1002 und
2638 943 2685 1003 die
2718 947 2849 1007 übrigen
2892 948 2918 1008 in

2000 974 2086 1034 Wien
2130 977 2304 1037 weilenden
2348 984 2591 1044 Angehörigen.
2636 985 2814 1045 Vorläufig
2858 989 2922 1049 sind

2004 1016 2067 1076 noch
2100 1018 2179 1078 keine
2206 1024 2439 1084 Verfügungen
2471 1028 2550 1088 über
2578 1028 2619 1088 die
2646 1031 2853 1091 Leichenfeier
2880 1035 2927 1095 ge¬

1999 1060 2113 1120 troffen
2142 1062 2290 1122 worden.

2074 1150 2169 1210 Artur
2203 1155 2362 1215 Schnitzler
2396 1159 2496 1219 wurde
2526 1159 2564 1219 am
2613 1162 2661 1222 15.
2685 1162 2761 1222 Mai
2791 1164 2863 1224 1862
2897 1163 2925 1223 in

1999 1188 2080 1248 Wien
2114 1189 2257 1249 geboren,
2307 1195 2349 1255 als
2383 1198 2469 1258 Sohn
2503 1198 2551 1258 des
2585 1201 2752 1261 Professors
2806 1204 2844 1264 an
2882 1202 2930 1262 der

1998 1228 2118 1288 Wiener
2153 1232 2355 1292 Universität,
2380 1234 2442 1294 Dr.
2472 1237 2592 1297 Johann
2631 1242 2805 1302 Schnitzler,
2849 1242 2930 1302 eines

1998 1267 2218 1327 Laryngologen
2252 1272 2304 1332 von
2339 1276 2535 1336 Bedeutung.
2578 1279 2741 1339 Schnitzler
2790 1282 2928 1342 studierte

1998 1309 2156 1369 gleichfalls
2186 1312 2320 1372 Medizin
2354 1314 2377 1374 in
2412 1317 2512 1377 Wien,
2537 1319 2738 1379 promenierte
2768 1321 2835 1381 1885
2874 1323 2926 1383 und

1995 1345 2060 1405 war
2084 1347 2125 1407 bis
2154 1349 2224 1409 1893
2252 1352 2387 1412 Assistent
2416 1354 2504 1414 seines
2532 1356 2644 1416 Vaters
2668 1357 2700 1417 an
2728 1359 2780 1419 der
2804 1361 2924 1421 Wiener

1997 1388 2179 1448 allgemeinen
2214 1392 2391 1452 Poliklinik.
2411 1392 2473 1452 Den
2507 1396 2776 1456 militärärztlichen
2810 1402 2930 1462 Dienst,

1999 1425 2017 1485 in
2055 1425 2106 1485 den
2143 1428 2307 1488 Schnitzler
2340 1431 2437 1491 später
2471 1433 2545 1493 trat,
2574 1435 2676 1495 mußte
2710 1437 2737 1497 er
2775 1439 2835 1499 nach
2878 1440 2924 1500 der

1997 1464 2180 1524 Publikation
2221 1467 2315 1527 seines
2351 1470 2525 1530 „Leutnant
2552 1470 2654 1530 Gustl“
2691 1476 2833 1536 aufgeben
2874 1478 2927 1538 und

1992 1500 2059 1560 bald
2109 1503 2245 1563 widmete
2278 1506 2309 1566 er
2337 1506 2382 1566 sich
2419 1510 2627 1570 ausschließlich
2682 1512 2731 1572 der
2760 1515 2931 1575 Literatur.

2079 1540 2133 1600 Von
2163 1544 2325 1604 kleineren,
2345 1546 2443 1606 längst
2463 1547 2640 1607 vergessenen
2670 1553 2930 1613 Frühprodukten,

1998 1580 2039 1640 die
2065 1580 2090 1640 in
2127 1580 2173 1640 der
2205 1586 2381 1646 „Deutschen
2412 1586 2650 1646 Wochenschrift"
2682 1589 2785 1649 (1886)
2812 1593 2863 1653 und
2899 1593 2920 1653 in

1997 1617 2041 1677 der
2066 1619 2154 1679 lange
2179 1622 2253 1682 nicht
2278 1622 2361 1682 mehr
2386 1625 2568 1685 bestehenden
2598 1628 2765 1688 Zeitschrift
2791 1632 2849 1692 „An
2879 1631 2928 1691 der

2001 1658 2106 1718 schönen
2145 1658 2249 1718 blauen
2288 1661 2398 1721 Donau
2456 1661 2555 1721 (1889)
2589 1665 2742 1725 erschienen
2781 1670 2861 1730 sind,
2886 1672 2900 1732 i

2001 1697 2047 1757 sein
2080 1697 2182 1757 erstes,
2202 1703 2519 1763 aufsehenerregendes
2547 1703 2603 1763 und
2627 1705 2649 1765 in
2682 1706 2729 1766 der
2752 1709 2920 1769 damaligen

2006 1739 2065 1799 Zeit
2095 1736 2138 1796 als
2173 1739 2242 1799 kühn
2282 1739 2498 1799 empfundenes
2532 1741 2631 1801 Werk:
2661 1744 2832 1804 „Anatol",
2862 1745 2926 1805 eine

2000 1777 2083 1837 Reihe
2112 1776 2163 1836 von
2196 1778 2406 1838 dramatischen
2444 1780 2612 1840 Dialogen,
2659 1783 2701 1843 die
2753 1784 2808 1844 mit
2837 1785 2916 1845 ihren

1999 1815 2087 1875 scharf
2111 1816 2312 1876 beobachteten
2350 1819 2498 1879 Menschen
2555 1822 2610 1882 und
2644 1822 2723 1882 deren
2780 1826 2928 1886 graziöser

1998 1855 2121 1915 Sprache
2157 1855 2181 1915 in
2216 1856 2299 1916 einer
2330 1858 2388 1918 fast
2414 1859 2606 1919 spielerischen
2661 1862 2725 1922 Art
2770 1864 2844 1924 schon
2884 1863 2927 1923 die

1992 1894 2135 1954 Eigenart
2165 1894 2212 1954 von
2242 1897 2423 1957 Schnitzlers
2448 1900 2558 1960 Talent
2583 1900 2697 1960 zeigen.
2732 1902 2808 1962 Sein
2842 1904 2923 1964 näch¬

1995 1933 2043 1993 stes
2077 1933 2129 1993 und
2163 1936 2282 1996 zugleich
2322 1934 2369 1994 das
2403 1937 2475 1997 erste
2504 1940 2696 2000 aufgeführte
2725 1941 2811 2001 Werk
2860 1942 2921 2002 war

1999 1971 2078 2031 „Das
2109 1971 2270 2031 Märchen“
2306 1974 2416 2034 (1893).
2457 1974 2501 2034 In
2537 1976 2582 2036 der
2618 1979 2793 2039 „Liebelei",
2814 1981 2924 2041 seiner¬

1994 2010 2048 2070 zeit
2079 2010 2315 2070 meistgespieltem
2366 2013 2557 2073 Schauspiel,
2578 2017 2673 2077 klingt
2705 2020 2754 2080 das
2790 2019 2925 2079 Anatol¬

1994 2046 2082 2106 motiv
2112 2049 2240 2109 wieder;
2265 2050 2314 2110 die
2344 2054 2575 2114 Urauffuhrung
2615 2055 2713 2115 (1895)
2743 2058 2772 2118 am
2822 2060 2925 2120 Burg¬

1998 2088 2108 2148 theater
2137 2088 2198 2148 war
2228 2090 2405 2150 Schnitzlers
2434 2092 2520 2152 erster
2550 2094 2654 2154 großer
2684 2097 2928 2157 Bühnenerfolg.

1995 2129 2031 2189 In
2064 2127 2142 2187 Wien
2180 2130 2264 2190 spielt
2291 2132 2359 2192 auch
2386 2130 2438 2190 das
2470 2133 2575 2193 nächste
2607 2134 2707 2194 Stück:
2734 2136 2897 2196 „Freiwild

1999 2165 2108 2225 (1897).
2149 2167 2195 2227 In
2231 2167 2305 2227 diese
2335 2171 2433 2231 Jahre
2463 2171 2531 2231 fällt
2579 2171 2624 2231 die
2654 2174 2839 2234 Entstehung
2874 2177 2920 2237 des

1995 2207 2159 2267 „Reigen",
2182 2207 2242 2267 zehn
2282 2207 2391 2267 Szenen
2431 2210 2485 2270 mit
2513 2210 2557 2270 dem
2607 2213 2722 2273 gleichen
2762 2214 2910 2274 erotischer

1994 2243 2215 2303 Grundmotiv,
2236 2246 2281 2306 die
2312 2247 2381 2307 aber
2413 2249 2468 2309 erst
2493 2249 2554 2309 viel
2574 2252 2675 2312 spater
2706 2252 2837 2312 gedruckt
2862 2252 2917 2312 und

1992 2285 2075 2345 1920,
2100 2285 2242 2345 durchaus
2276 2287 2349 2347 nicht
2379 2288 2423 2348 dem
2472 2288 2575 2348 Willen
2610 2291 2653 2351 des
2688 2291 2820 2351 Dichters
2855 2293 2918 2353 ent¬

1992 2324 2154 2384 sprechend,
2193 2324 2283 2384 unter
2332 2327 2379 2387 dem
2428 2327 2623 2387 Widerspruch
2677 2333 2920 2393 rechtsstehender

1990 2362 2084 2422 Kreise
2110 2364 2286 2424 aufgeführt
2312 2365 2447 2425 wurden.
2484 2368 2659 2428 Schnitzlers
2690 2368 2790 2428 Werke
2811 2371 2906 2431 reihen

1989 2403 2028 2463 sich
2059 2401 2109 2461 nun
2140 2401 2165 2461 in
2196 2404 2302 2464 rascher
2328 2404 2429 2464 Folge.
2466 2406 2511 2466 Es
2531 2407 2714 2467 erschienen:
2734 2410 2815 2470 „Das
2841 2410 2921 2470 Ver¬

1992 2440 2151 2500 machtnis"
2188 2443 2301 2503 (1897),
2327 2443 2374 2503 die
2405 2445 2466 2505 drei
2498 2446 2658 2506 Einakter:
2689 2449 2911 2509 „Paracelsus"

1990 2483 2063 2543 „Die
2090 2482 2286 2542 Gefährtin,
2313 2482 2397 2542 „Der
2424 2485 2519 2545 grüne
2546 2485 2683 2545 Kakadu"
2721 2489 2832 2549 (1898),
2859 2491 2911 2551 sein

1984 2519 2120 2579 Drama:
2151 2523 2231 2583 „Der
2263 2522 2394 2582 Schleier
2430 2523 2475 2583 der
2506 2524 2662 2584 Beatrice"
2699 2527 2810 2587 (1899),
2836 2530 2911 2590 dann

1984 2558 2027 2618 der
2057 2559 2327 2619 Einakterzyklus:
2352 2561 2535 2621 „Lebendige
2565 2562 2748 2622 Stunden",
2788 2565 2918 2625 woraus

1987 2596 2140 2656 besonders
2170 2598 2356 2658 „Literatur“
2386 2601 2563 2661 hervorragt
2588 2601 2701 2661 (1901),
2721 2604 2770 2664 das
2796 2604 2913 2664 Drama

1992 2637 2069 2697 „Der
2095 2637 2224 2697 einsame
2250 2638 2337 2698 Weg"
2369 2640 2477 2700 (1903),
2499 2640 2539 2700 die
2566 2641 2710 2701 Komödie
2737 2644 2917 2704 „Zwischen¬

1994 2677 2070 2737 piel“
2109 2676 2225 2736 (1904);
2254 2679 2354 2739 ferner
2388 2679 2412 2739 im
2461 2682 2580 2742 gleichen
2619 2682 2715 2742 Jahre
2750 2684 2811 2744 eine
2846 2683 2917 2743 neue

1985 2715 2220 2775 Einakterreihe:
2250 2718 2519 2778 „Marionetten".
2548 2720 2629 2780 „Der
2664 2723 2754 2783 junge
2784 2723 2913 2783 Medar¬

1983 2753 2053 2813 dus"
2079 2753 2194 2813 erschien
2230 2756 2316 2816 1909.
2337 2757 2437 2817 Diesem
2479 2757 2574 2817 Werke
2600 2760 2691 2820 folgte
2716 2762 2797 2822 „Das
2828 2762 2913 2822 weite

1990 2792 2079 2852 Land"
2115 2794 2231 2854 (1910),
2252 2793 2317 2853 eine
2348 2798 2574 2858 Tragikomödie
2605 2798 2650 2858 des
2686 2801 2827 2861 Alterns,
2857 2800 2912 2860 und

1990 2834 2056 2894 1912
2083 2836 2253 2896 „Professor
2279 2835 2471 2895 Berhardi",
2492 2837 2533 2897 ein
2564 2839 2740 2899 Schauspiel
2766 2840 2823 2900 aus
2854 2840 2900 2900 dem

1986 2873 2130 2933 ärztlichen
2167 2873 2285 2933 Beruf,
2312 2874 2358 2934 bei
2389 2876 2482 2936 seiner
2513 2879 2709 2939 Aufführung
2746 2879 2797 2939 von
2834 2881 2916 2941 poli¬

1986 2914 2076 2974 tischen
2110 2912 2249 2972 Gruppen
2283 2915 2532 2975 vielumstritten.
2571 2915 2638 2975 1915
2667 2919 2820 2979 erschienen
2854 2921 2901 2981 dre

1984 2952 2119 3012 Einakter
2152 2950 2240 3010 unter
2273 2952 2324 3012 dem
2371 2953 2469 3013 Titel:
2502 2953 2664 3013 „Komödie
2697 2956 2743 3016 der
2777 2956 2897 3016 Worte"

1984 2990 2050 3050 1917
2082 2989 2169 3049 „Fink
2195 2989 2252 3049 und
2279 2992 2511 3052 Fliederbusch",
2532 2992 2598 3052 1919
2630 2995 2702 3055 „Die
2729 2995 2904 3055 Schwestern

1984 3031 2046 3091 oder
2076 3029 2234 3089 Casanova
2268 3029 2296 3089 in
2331 3031 2436 3091 Spa“,
2461 3031 2528 3091 1924
2562 3033 2725 3093 „Komödie
2760 3035 2807 3095 der
2836 3033 2918 3093 Ver¬

1988 3067 2132 3127 führung"
2163 3069 2219 3129 und
2251 3068 2317 3128 1925
2349 3071 2395 3131 die
2421 3073 2612 3133 dramatische
2639 3074 2803 3134 Dichtung:
2830 3077 2911 3137 „Der

1984 3111 2068 3171 Gang
2098 3109 2148 3169 zum
2193 3107 2351 3167 Weiher“.

2061 3147 2230 3207 Schnitzlers
2262 3147 2416 3207 Eigenart
2448 3150 2501 3210 und
2539 3150 2644 3210 großes
2676 3152 2788 3212 Talent
2815 3152 2909 3212 offen¬

1979 3186 2048 3246 bart
2068 3186 2112 3246 sich
2142 3186 2216 3246 nicht
2236 3186 2369 3246 weniger
2390 3188 2414 3248 in
2444 3189 2537 3249 seinen
2567 3189 2749 3249 erzählenden
2780 3192 2917 3252 Werken.

1990 3226 2051 3286 1892
2083 3225 2201 3285 erschien
2233 3228 2424 3288 „Sterben",
2445 3228 2517 3288 1894
2549 3230 2621 3290 „Die
2647 3230 2817 3290 Blumen",
2839 3229 2911 3289 1895

1986 3267 2057 3327 „Ein
2089 3264 2259 3324 Abschied,
2280 3267 2347 3327 1896
2378 3268 2455 3328 „Die
2487 3267 2563 3327 Frau
2595 3267 2641 3327 des
2667 3270 2816 3330 Weisen,
2838 3269 2909 3329 1897

1984 3306 2063 3366 „Der
2094 3306 2260 3366 Ehrentag“
2301 3307 2355 3367 und
2391 3310 2466 3370 „Die
2497 3306 2587 3366 Toten
2623 3308 2809 3368 schweigen",
2834 3309 2904 3369 1900

1985 3342 2133 3402 „Andreas
2167 3344 2381 3404 Thalmayer",
2406 3345 2486 3405 „Der
2511 3344 2611 3404 blinde
2640 3347 2821 3407 Geronimo"
2855 3346 2907 3406 wie

1979 3383 2041 3443 auch
2071 3382 2108 3442 die
2133 3380 2253 3440 Novelle
2277 3383 2431 3443 Leutnant
2451 3383 2576 3443 Gustl“;
2595 3383 2696 3443 ferner
2721 3384 2745 3444 im
2784 3386 2903 3446 gleichen

1983 3422 2096 3482 Jahre:
2116 3422 2214 3482 „Frau
2244 3422 2337 3482 Berta
2362 3422 2518 3482 Garlan",
2539 3422 2612 3482 dann
2647 3425 2720 3485 „Die
2745 3425 2907 3485 griechische

1986 3458 2145 3518 Tänzerin“
2182 3460 2295 3520 (1902),
2316 3462 2548 3522 „Weissagung"
2585 3463 2698 3523 (1904),
2720 3465 2802 3525 „Das
2838 3463 2910 3523 neue

1984 3498 2063 3558 Lied“
2099 3500 2214 3560 (1905),
2240 3503 2320 3563 „Der
2356 3500 2416 3560 Tod
2446 3501 2497 3561 des
2533 3503 2763 3563 Junggesellen"
2799 3503 2914 3563 (1907),

1985 3538 2060 3598 „Der
2096 3538 2156 3598 tote
2192 3538 2343 3598 Gabriel“
2384 3539 2495 3599 (1908),
2546 3542 2631 3602 „Das
2672 3541 2823 3601 Tagebuch
2864 3541 2909 3601 der

1983 3577 2175 3637 Redegonda“
2205 3577 2317 3637 (1900),
2333 3578 2415 3638 „Der
2436 3578 2578 3638 Morder“
2608 3580 2716 3640 (1910),
2736 3580 2908 3640 „Dreifache

1983 3616 2151 3676 Warnung“
2190 3616 2243 3676 und
2282 3619 2498 3679 „Hirtenflöte"
2537 3619 2652 3679 (1911),
2677 3622 2773 3682 „Frau
2812 3621 2907 3681 Beate

1983 3658 2035 3718 und
2064 3657 2112 3717 ihr
2141 3656 2241 3716 Sohn“
2275 3658 2389 3718 (1913),
2413 3658 2542 3718 „Doktor
2571 3658 2714 3718 Gräsler,
2738 3659 2891 3719 Vadearzt

1985 3697 2093 3757 (1917),
2118 3697 2308 3757 „Casanovas
2343 3698 2529 3758 Heimfahrt“
2569 3698 2681 3758 (1918).
2721 3700 2902 3760 Schnitzlers

1980 3735 2090 3795 neueste
2122 3735 2293 3795 erzählende
2324 3735 2430 3795 Werke
2461 3735 2537 3795 sind:
2567 3739 2658 3799 „Frl.
2679 3736 2764 3796 Else“
2796 3739 2916 3799 (1924),

1983 3775 2043 3835 eine
2076 3774 2099 3834 in
2136 3774 2220 3834 ihrer
2253 3774 2434 3834 schwierigen
2473 3774 2551 3834 Form
2603 3777 2738 3837 geradezu
2776 3778 2906 3838 meister¬

1984 3816 2059 3876 hafte
2085 3814 2222 3874 Novelle,
2243 3816 2324 3876 „Die
2350 3815 2431 3875 Frau
2462 3813 2512 3873 des
2544 3813 2696 3873 Richters“
2727 3815 2828 3875 (1925)
2854 3816 2909 3876 und

1983 3855 2022 3915 als
2052 3852 2145 3912 letztes
2179 3852 2444 3912 „Traumnovelle“
2479 3852 2591 3912 (1926).
2616 3852 2674 3912 Alle
2704 3852 2777 3912 diese
2802 3853 2905 3913 Werke

1984 3893 2035 3953 sind
2073 3891 2236 3951 durchwegs
2278 3891 2394 3951 kürzere
2427 3891 2567 3951 Arbeiten
2610 3891 2796 3951 erzählenden
2838 3890 2903 3950 In¬

1979 3931 2071 3991 halts,
2100 3929 2240 3989 Novellen
2283 3929 2338 3989 und
2371 3929 2563 3989 Noveletten.
2606 3932 2787 3992 Schnitzlers
2844 3929 2909 3989 ein¬

1979 3974 2052 4034 ziger
2082 3969 2190 4029 großer
2220 3968 2337 4028 Roman
2372 3968 2490 4028 erschien
2524 3968 2612 4028 1908:
2642 3970 2720 4030 „Der
2750 3971 2818 4031 Weg
2853 3971 2897 4031 ins

1979 4010 2098 4070 Freie",
2122 4010 2189 4070 eine
2218 4009 2428 4069 großgesehene
2477 4007 2630 4067 Synthese
2678 4010 2725 4070 des
2764 4010 2897 4070 geistigen

1974 4049 2094 4109 Wiener
2125 4049 2235 4109 Lebens
2271 4050 2320 4110 zur
2351 4049 2421 4109 Zeit
2468 4049 2517 4109 der
2548 4049 2638 4109 letzten
2674 4049 2900 4109 Jahrhundert¬

1976 4088 2093 4148 wende.
