<?xml version="1.0" encoding="UTF-8" standalone="yes"?>
<PcGts xmlns="http://schema.primaresearch.org/PAGE/gts/pagecontent/2013-07-15" xmlns:xsi="http://www.w3.org/2001/XMLSchema-instance" xsi:schemaLocation="http://schema.primaresearch.org/PAGE/gts/pagecontent/2013-07-15 http://schema.primaresearch.org/PAGE/gts/pagecontent/2013-07-15/pagecontent.xsd">
    <Metadata>
        <Creator>prov=READ-COOP:name=PyLaia@TranskribusPlatform:version=2.12.1:model_id=39995:lm=none:date=09_04_2024_22:49</Creator>
        <Created>2019-10-07T20:38:10.721+02:00</Created>
        <LastChange>2024-04-09T22:49:46.411+02:00</LastChange>
        <TranskribusMetadata docId="224459" pageId="9581182" pageNr="201" tsid="157629952" status="IN_PROGRESS" userId="64420" imgUrl="https://files.transkribus.eu/Get?id=UMYKCNHYHVUNEDCOHXCEWRBW&amp;fileType=view" xmlUrl="https://files.transkribus.eu/Get?id=KAVKSULWPGTEJULUIYNHJYSJ" imageId="6208883"/>
    </Metadata>
    <Page imageFilename="224459_0201.jpeg" imageWidth="3344" imageHeight="4256">
        <ReadingOrder>
            <OrderedGroup id="ro_1712938083357" caption="Regions reading order">
                <RegionRefIndexed index="0" regionRef="tr_1"/>
                <RegionRefIndexed index="1" regionRef="tr_2"/>
                <RegionRefIndexed index="2" regionRef="tr_3"/>
            </OrderedGroup>
        </ReadingOrder>
        <TextRegion orientation="0.0" id="tr_1" custom="readingOrder {index:0;}">
            <Coords points="191,189 191,344 292,344 292,189"/>
            <TextLine id="tr_1_tl_1" custom="readingOrder {index:0;}">
                <Coords points="186,325 208,318 212,322 225,309 235,310 249,321 261,314 268,321 279,314 290,314 287,249 275,251 268,243 235,229 182,231"/>
                <Baseline points="191,289 216,291 241,292 266,294 292,292"/>
                <Word id="tr_1_tl_1_w1" custom="readingOrder {index:0;}">
                    <Coords points="180,251 180,311 290,311 290,251"/>
                    <TextEquiv>
                        <Unicode>12.</Unicode>
                    </TextEquiv>
                </Word>
                <TextEquiv>
                    <Unicode>12.</Unicode>
                </TextEquiv>
            </TextLine>
            <TextEquiv>
                <Unicode></Unicode>
            </TextEquiv>
        </TextRegion>
        <TextRegion orientation="0.0" id="tr_2" custom="readingOrder {index:1;}">
            <Coords points="146,266 146,3636 2017,3636 2017,266"/>
            <TextLine id="tr_2_tl_1" custom="readingOrder {index:0;}">
                <Coords points="370,326 1275,329 1274,255 1239,236 369,234"/>
                <Baseline points="376,286 421,292 466,295 511,295 556,295 601,295 646,295 691,298 736,298 781,298 826,295 871,299 916,308 961,306 1006,300 1051,298 1096,301 1141,304 1186,304 1231,304 1277,301"/>
                <Word id="tr_2_tl_1_w1" custom="readingOrder {index:0;}">
                    <Coords points="368,255 368,315 937,315 937,255"/>
                    <TextEquiv>
                        <Unicode>Schnitzler's</Unicode>
                    </TextEquiv>
                </Word>
                <Word id="tr_2_tl_1_w2" custom="readingOrder {index:1;}">
                    <Coords points="1009,262 1009,322 1233,322 1233,262"/>
                    <TextEquiv>
                        <Unicode>Death</Unicode>
                    </TextEquiv>
                </Word>
                <TextEquiv>
                    <Unicode>Schnitzler's Death</Unicode>
                </TextEquiv>
            </TextLine>
            <TextLine id="tr_2_tl_2" custom="readingOrder {index:1;}">
                <Coords points="1461,330 1504,321 1534,339 1659,295 1766,318 1821,294 1870,310 1869,253 1818,238 1791,256 1705,239 1649,275 1607,251 1564,265 1513,243 1460,244"/>
                <Baseline points="1468,298 1493,296 1518,295 1544,297 1569,299 1594,300 1620,301 1645,301 1671,303 1696,304 1721,304 1747,304 1772,304 1797,303 1823,301 1848,302 1874,304"/>
                <Word id="tr_2_tl_2_w1" custom="readingOrder {index:0;}">
                    <Coords points="1465,255 1465,315 1586,315 1586,255"/>
                    <TextEquiv>
                        <Unicode>box</Unicode>
                    </TextEquiv>
                </Word>
                <Word id="tr_2_tl_2_w2" custom="readingOrder {index:1;}">
                    <Coords points="1664,264 1664,324 1855,324 1855,264"/>
                    <TextEquiv>
                        <Unicode>43/1</Unicode>
                    </TextEquiv>
                </Word>
                <TextEquiv>
                    <Unicode>box 43/1</Unicode>
                </TextEquiv>
            </TextLine>
            <TextLine id="tr_2_tl_3" custom="readingOrder {index:2;}">
                <Coords points="188,1649 944,1661 943,1610 874,1604 188,1609"/>
                <Baseline points="196,1644 233,1646 271,1647 308,1647 346,1647 383,1647 421,1647 458,1647 496,1649 533,1650 571,1650 608,1650 646,1650 683,1650 721,1650 758,1650 796,1651 833,1653 871,1653 908,1653 946,1653"/>
                <Word id="tr_2_tl_3_w1" custom="readingOrder {index:0;}">
                    <Coords points="193,1606 193,1666 288,1666 288,1606"/>
                    <TextEquiv>
                        <Unicode>Leben</Unicode>
                    </TextEquiv>
                </Word>
                <Word id="tr_2_tl_3_w2" custom="readingOrder {index:1;}">
                    <Coords points="324,1607 324,1667 434,1667 434,1607"/>
                    <TextEquiv>
                        <Unicode>liebte,</Unicode>
                    </TextEquiv>
                </Word>
                <Word id="tr_2_tl_3_w3" custom="readingOrder {index:2;}">
                    <Coords points="454,1609 454,1669 575,1669 575,1609"/>
                    <TextEquiv>
                        <Unicode>horchte</Unicode>
                    </TextEquiv>
                </Word>
                <Word id="tr_2_tl_3_w4" custom="readingOrder {index:3;}">
                    <Coords points="605,1610 605,1670 640,1670 640,1610"/>
                    <TextEquiv>
                        <Unicode>er</Unicode>
                    </TextEquiv>
                </Word>
                <Word id="tr_2_tl_3_w5" custom="readingOrder {index:4;}">
                    <Coords points="671,1610 671,1670 776,1670 776,1610"/>
                    <TextEquiv>
                        <Unicode>hinein</Unicode>
                    </TextEquiv>
                </Word>
                <Word id="tr_2_tl_3_w6" custom="readingOrder {index:5;}">
                    <Coords points="812,1612 812,1672 836,1672 836,1612"/>
                    <TextEquiv>
                        <Unicode>in</Unicode>
                    </TextEquiv>
                </Word>
                <Word id="tr_2_tl_3_w7" custom="readingOrder {index:6;}">
                    <Coords points="872,1613 872,1673 922,1673 922,1613"/>
                    <TextEquiv>
                        <Unicode>den</Unicode>
                    </TextEquiv>
                </Word>
                <TextEquiv>
                    <Unicode>Leben liebte, horchte er hinein in den</Unicode>
                </TextEquiv>
            </TextLine>
            <TextLine id="tr_2_tl_4" custom="readingOrder {index:3;}">
                <Coords points="988,1660 2014,1691 2013,1642 1916,1627 987,1604"/>
                <Baseline points="996,1653 1047,1656 1098,1657 1149,1659 1200,1659 1251,1661 1302,1664 1353,1665 1404,1665 1455,1668 1506,1668 1557,1670 1608,1671 1659,1673 1710,1674 1761,1677 1812,1678 1863,1680 1914,1680 1965,1682 2017,1683"/>
                <Word id="tr_2_tl_4_w1" custom="readingOrder {index:0;}">
                    <Coords points="993,1614 993,1674 1035,1674 1035,1614"/>
                    <TextEquiv>
                        <Unicode>laß</Unicode>
                    </TextEquiv>
                </Word>
                <Word id="tr_2_tl_4_w2" custom="readingOrder {index:1;}">
                    <Coords points="1063,1618 1063,1678 1193,1678 1193,1618"/>
                    <TextEquiv>
                        <Unicode>bewußt</Unicode>
                    </TextEquiv>
                </Word>
                <Word id="tr_2_tl_4_w3" custom="readingOrder {index:2;}">
                    <Coords points="1215,1620 1215,1680 1263,1680 1263,1620"/>
                    <TextEquiv>
                        <Unicode>ist.</Unicode>
                    </TextEquiv>
                </Word>
                <Word id="tr_2_tl_4_w4" custom="readingOrder {index:3;}">
                    <Coords points="1291,1625 1291,1685 1426,1685 1426,1625"/>
                    <TextEquiv>
                        <Unicode>„Stehen</Unicode>
                    </TextEquiv>
                </Word>
                <Word id="tr_2_tl_4_w5" custom="readingOrder {index:4;}">
                    <Coords points="1459,1628 1459,1688 1518,1688 1518,1628"/>
                    <TextEquiv>
                        <Unicode>wir</Unicode>
                    </TextEquiv>
                </Word>
                <Word id="tr_2_tl_4_w6" custom="readingOrder {index:5;}">
                    <Coords points="1541,1630 1541,1690 1616,1690 1616,1630"/>
                    <TextEquiv>
                        <Unicode>denn</Unicode>
                    </TextEquiv>
                </Word>
                <Word id="tr_2_tl_4_w7" custom="readingOrder {index:6;}">
                    <Coords points="1644,1633 1644,1693 1703,1693 1703,1633"/>
                    <TextEquiv>
                        <Unicode>mit</Unicode>
                    </TextEquiv>
                </Word>
                <Word id="tr_2_tl_4_w8" custom="readingOrder {index:7;}">
                    <Coords points="1725,1636 1725,1696 1773,1696 1773,1636"/>
                    <TextEquiv>
                        <Unicode>dem</Unicode>
                    </TextEquiv>
                </Word>
                <Word id="tr_2_tl_4_w9" custom="readingOrder {index:8;}">
                    <Coords points="1817,1640 1817,1700 2007,1700 2007,1640"/>
                    <TextEquiv>
                        <Unicode>Augenblick</Unicode>
                    </TextEquiv>
                </Word>
                <TextEquiv>
                    <Unicode>laß bewußt ist. „Stehen wir denn mit dem Augenblick</Unicode>
                </TextEquiv>
            </TextLine>
            <TextLine id="tr_2_tl_5" custom="readingOrder {index:4;}">
                <Coords points="186,1692 931,1700 920,1661 809,1651 186,1656"/>
                <Baseline points="193,1683 230,1685 267,1686 304,1686 341,1686 378,1686 415,1686 452,1686 489,1688 526,1689 563,1689 600,1689 637,1689 674,1689 711,1689 748,1689 785,1690 822,1692 859,1692 896,1692 934,1689"/>
                <Word id="tr_2_tl_5_w1" custom="readingOrder {index:0;}">
                    <Coords points="189,1644 189,1704 240,1704 240,1644"/>
                    <TextEquiv>
                        <Unicode>der</Unicode>
                    </TextEquiv>
                </Word>
                <Word id="tr_2_tl_5_w2" custom="readingOrder {index:1;}">
                    <Coords points="264,1646 264,1706 431,1706 431,1646"/>
                    <TextEquiv>
                        <Unicode>Geliebten</Unicode>
                    </TextEquiv>
                </Word>
                <Word id="tr_2_tl_5_w3" custom="readingOrder {index:2;}">
                    <Coords points="460,1648 460,1708 520,1708 520,1648"/>
                    <TextEquiv>
                        <Unicode>und</Unicode>
                    </TextEquiv>
                </Word>
                <Word id="tr_2_tl_5_w4" custom="readingOrder {index:3;}">
                    <Coords points="549,1649 549,1709 674,1709 674,1649"/>
                    <TextEquiv>
                        <Unicode>zögerte</Unicode>
                    </TextEquiv>
                </Word>
                <Word id="tr_2_tl_5_w5" custom="readingOrder {index:4;}">
                    <Coords points="698,1649 698,1709 781,1709 781,1649"/>
                    <TextEquiv>
                        <Unicode>doch,</Unicode>
                    </TextEquiv>
                </Word>
                <Word id="tr_2_tl_5_w6" custom="readingOrder {index:5;}">
                    <Coords points="801,1652 801,1712 856,1712 856,1652"/>
                    <TextEquiv>
                        <Unicode>das</Unicode>
                    </TextEquiv>
                </Word>
                <Word id="tr_2_tl_5_w7" custom="readingOrder {index:6;}">
                    <Coords points="885,1651 885,1711 931,1711 931,1651"/>
                    <TextEquiv>
                        <Unicode>er¬</Unicode>
                    </TextEquiv>
                </Word>
                <TextEquiv>
                    <Unicode>der Geliebten und zögerte doch, das er¬</Unicode>
                </TextEquiv>
            </TextLine>
            <TextLine id="tr_2_tl_6" custom="readingOrder {index:5;}">
                <Coords points="990,1697 1949,1735 2008,1692 988,1659"/>
                <Baseline points="996,1692 1046,1695 1097,1696 1148,1698 1199,1698 1249,1700 1300,1701 1351,1704 1402,1704 1452,1705 1503,1707 1554,1708 1605,1710 1655,1710 1706,1713 1757,1716 1808,1716 1858,1717 1909,1719 1960,1719 2011,1719"/>
                <Word id="tr_2_tl_6_w1" custom="readingOrder {index:0;}">
                    <Coords points="987,1654 987,1714 1089,1714 1089,1654"/>
                    <TextEquiv>
                        <Unicode>Brust</Unicode>
                    </TextEquiv>
                </Word>
                <Word id="tr_2_tl_6_w2" custom="readingOrder {index:1;}">
                    <Coords points="1113,1657 1113,1717 1145,1717 1145,1657"/>
                    <TextEquiv>
                        <Unicode>an</Unicode>
                    </TextEquiv>
                </Word>
                <Word id="tr_2_tl_6_w3" custom="readingOrder {index:2;}">
                    <Coords points="1173,1659 1173,1719 1289,1719 1289,1659"/>
                    <TextEquiv>
                        <Unicode>Brust,</Unicode>
                    </TextEquiv>
                </Word>
                <Word id="tr_2_tl_6_w4" custom="readingOrder {index:3;}">
                    <Coords points="1308,1663 1308,1723 1364,1723 1364,1663"/>
                    <TextEquiv>
                        <Unicode>wie</Unicode>
                    </TextEquiv>
                </Word>
                <Word id="tr_2_tl_6_w5" custom="readingOrder {index:4;}">
                    <Coords points="1392,1664 1392,1724 1447,1724 1447,1664"/>
                    <TextEquiv>
                        <Unicode>mit</Unicode>
                    </TextEquiv>
                </Word>
                <Word id="tr_2_tl_6_w6" custom="readingOrder {index:5;}">
                    <Coords points="1471,1667 1471,1727 1560,1727 1560,1667"/>
                    <TextEquiv>
                        <Unicode>einem</Unicode>
                    </TextEquiv>
                </Word>
                <Word id="tr_2_tl_6_w7" custom="readingOrder {index:6;}">
                    <Coords points="1602,1671 1602,1731 1751,1731 1751,1671"/>
                    <TextEquiv>
                        <Unicode>Freund,</Unicode>
                    </TextEquiv>
                </Word>
                <Word id="tr_2_tl_6_w8" custom="readingOrder {index:7;}">
                    <Coords points="1765,1676 1765,1736 1816,1736 1816,1676"/>
                    <TextEquiv>
                        <Unicode>den</Unicode>
                    </TextEquiv>
                </Word>
                <Word id="tr_2_tl_6_w9" custom="readingOrder {index:8;}">
                    <Coords points="1849,1677 1849,1737 1909,1737 1909,1677"/>
                    <TextEquiv>
                        <Unicode>wir</Unicode>
                    </TextEquiv>
                </Word>
                <Word id="tr_2_tl_6_w10" custom="readingOrder {index:9;}">
                    <Coords points="1933,1679 1933,1739 2002,1739 2002,1679"/>
                    <TextEquiv>
                        <Unicode>um¬</Unicode>
                    </TextEquiv>
                </Word>
                <TextEquiv>
                    <Unicode>Brust an Brust, wie mit einem Freund, den wir um¬</Unicode>
                </TextEquiv>
            </TextLine>
            <TextLine id="tr_2_tl_7" custom="readingOrder {index:6;}">
                <Coords points="175,1735 934,1735 933,1699 873,1691 174,1688"/>
                <Baseline points="182,1725 219,1725 257,1725 295,1725 333,1725 370,1725 408,1725 446,1725 484,1725 521,1727 559,1728 597,1728 635,1728 672,1728 710,1728 748,1730 786,1731 823,1731 861,1731 899,1731 937,1728"/>
                <Word id="tr_2_tl_7_w1" custom="readingOrder {index:0;}">
                    <Coords points="173,1685 173,1745 256,1745 256,1685"/>
                    <TextEquiv>
                        <Unicode>mnis</Unicode>
                    </TextEquiv>
                </Word>
                <Word id="tr_2_tl_7_w2" custom="readingOrder {index:1;}">
                    <Coords points="286,1685 286,1745 340,1745 340,1685"/>
                    <TextEquiv>
                        <Unicode>der</Unicode>
                    </TextEquiv>
                </Word>
                <Word id="tr_2_tl_7_w3" custom="readingOrder {index:2;}">
                    <Coords points="370,1685 370,1745 469,1745 469,1685"/>
                    <TextEquiv>
                        <Unicode>Seele</Unicode>
                    </TextEquiv>
                </Word>
                <Word id="tr_2_tl_7_w4" custom="readingOrder {index:3;}">
                    <Coords points="499,1688 499,1748 666,1748 666,1688"/>
                    <TextEquiv>
                        <Unicode>dichterisch</Unicode>
                    </TextEquiv>
                </Word>
                <Word id="tr_2_tl_7_w5" custom="readingOrder {index:4;}">
                    <Coords points="697,1689 697,1749 794,1749 794,1689"/>
                    <TextEquiv>
                        <Unicode>völlig</Unicode>
                    </TextEquiv>
                </Word>
                <Word id="tr_2_tl_7_w6" custom="readingOrder {index:5;}">
                    <Coords points="825,1691 825,1751 932,1751 932,1691"/>
                    <TextEquiv>
                        <Unicode>preis¬</Unicode>
                    </TextEquiv>
                </Word>
                <TextEquiv>
                    <Unicode>mnis der Seele dichterisch völlig preis¬</Unicode>
                </TextEquiv>
            </TextLine>
            <TextLine id="tr_2_tl_8" custom="readingOrder {index:7;}">
                <Coords points="986,1736 1996,1771 2007,1725 984,1700"/>
                <Baseline points="993,1728 1043,1734 1094,1734 1145,1734 1196,1736 1247,1739 1298,1740 1349,1742 1400,1742 1451,1745 1502,1745 1552,1746 1603,1748 1654,1750 1705,1751 1756,1754 1807,1755 1858,1757 1909,1758 1960,1760 2011,1760"/>
                <Word id="tr_2_tl_8_w1" custom="readingOrder {index:0;}">
                    <Coords points="983,1693 983,1753 1095,1753 1095,1693"/>
                    <TextEquiv>
                        <Unicode>armen</Unicode>
                    </TextEquiv>
                </Word>
                <Word id="tr_2_tl_8_w2" custom="readingOrder {index:1;}">
                    <Coords points="1127,1694 1127,1754 1136,1754 1136,1694"/>
                    <TextEquiv>
                        <Unicode>—</Unicode>
                    </TextEquiv>
                </Word>
                <Word id="tr_2_tl_8_w3" custom="readingOrder {index:2;}">
                    <Coords points="1186,1697 1186,1757 1263,1757 1263,1697"/>
                    <TextEquiv>
                        <Unicode>oder</Unicode>
                    </TextEquiv>
                </Word>
                <Word id="tr_2_tl_8_w4" custom="readingOrder {index:3;}">
                    <Coords points="1291,1700 1291,1760 1349,1760 1349,1700"/>
                    <TextEquiv>
                        <Unicode>mit</Unicode>
                    </TextEquiv>
                </Word>
                <Word id="tr_2_tl_8_w5" custom="readingOrder {index:4;}">
                    <Coords points="1377,1703 1377,1763 1463,1763 1463,1703"/>
                    <TextEquiv>
                        <Unicode>einem</Unicode>
                    </TextEquiv>
                </Word>
                <Word id="tr_2_tl_8_w6" custom="readingOrder {index:5;}">
                    <Coords points="1509,1706 1509,1766 1626,1766 1626,1706"/>
                    <TextEquiv>
                        <Unicode>Feind,</Unicode>
                    </TextEquiv>
                </Word>
                <Word id="tr_2_tl_8_w7" custom="readingOrder {index:6;}">
                    <Coords points="1649,1710 1649,1770 1699,1770 1699,1710"/>
                    <TextEquiv>
                        <Unicode>der</Unicode>
                    </TextEquiv>
                </Word>
                <Word id="tr_2_tl_8_w8" custom="readingOrder {index:7;}">
                    <Coords points="1726,1714 1726,1774 1790,1774 1790,1714"/>
                    <TextEquiv>
                        <Unicode>uns</Unicode>
                    </TextEquiv>
                </Word>
                <Word id="tr_2_tl_8_w9" custom="readingOrder {index:8;}">
                    <Coords points="1818,1717 1818,1777 1998,1777 1998,1717"/>
                    <TextEquiv>
                        <Unicode>bedrängt?</Unicode>
                    </TextEquiv>
                </Word>
                <TextEquiv>
                    <Unicode>armen — oder mit einem Feind, der uns bedrängt?</Unicode>
                </TextEquiv>
            </TextLine>
            <TextLine id="tr_2_tl_9" custom="readingOrder {index:8;}">
                <Coords points="175,1765 940,1783 930,1731 175,1735"/>
                <Baseline points="182,1763 220,1763 258,1763 296,1763 334,1763 372,1763 410,1763 448,1763 486,1765 524,1766 562,1766 600,1766 638,1767 676,1769 714,1766 752,1768 790,1769 828,1769 866,1769 904,1769 943,1769"/>
                <Word id="tr_2_tl_9_w1" custom="readingOrder {index:0;}">
                    <Coords points="169,1723 169,1783 188,1783 188,1723"/>
                    <TextEquiv>
                        <Unicode>er</Unicode>
                    </TextEquiv>
                </Word>
                <Word id="tr_2_tl_9_w2" custom="readingOrder {index:1;}">
                    <Coords points="217,1723 217,1783 245,1783 245,1723"/>
                    <TextEquiv>
                        <Unicode>in</Unicode>
                    </TextEquiv>
                </Word>
                <Word id="tr_2_tl_9_w3" custom="readingOrder {index:2;}">
                    <Coords points="279,1723 279,1783 375,1783 375,1723"/>
                    <TextEquiv>
                        <Unicode>seiner</Unicode>
                    </TextEquiv>
                </Word>
                <Word id="tr_2_tl_9_w4" custom="readingOrder {index:3;}">
                    <Coords points="404,1725 404,1785 633,1785 633,1725"/>
                    <TextEquiv>
                        <Unicode>Mannesreife</Unicode>
                    </TextEquiv>
                </Word>
                <Word id="tr_2_tl_9_w5" custom="readingOrder {index:4;}">
                    <Coords points="662,1726 662,1786 791,1786 791,1726"/>
                    <TextEquiv>
                        <Unicode>schenkte</Unicode>
                    </TextEquiv>
                </Word>
                <Word id="tr_2_tl_9_w6" custom="readingOrder {index:5;}">
                    <Coords points="820,1729 820,1789 853,1789 853,1729"/>
                    <TextEquiv>
                        <Unicode>er</Unicode>
                    </TextEquiv>
                </Word>
                <Word id="tr_2_tl_9_w7" custom="readingOrder {index:6;}">
                    <Coords points="878,1729 878,1789 925,1789 925,1729"/>
                    <TextEquiv>
                        <Unicode>die</Unicode>
                    </TextEquiv>
                </Word>
                <TextEquiv>
                    <Unicode>er in seiner Mannesreife schenkte er die</Unicode>
                </TextEquiv>
            </TextLine>
            <TextLine id="tr_2_tl_10" custom="readingOrder {index:9;}">
                <Coords points="984,1782 1920,1810 2003,1773 983,1736"/>
                <Baseline points="990,1772 1040,1772 1091,1772 1142,1773 1193,1775 1243,1777 1294,1778 1345,1778 1396,1781 1446,1782 1497,1784 1548,1785 1599,1787 1649,1789 1700,1793 1751,1793 1802,1793 1852,1794 1903,1796 1954,1796 2005,1796"/>
                <Word id="tr_2_tl_10_w1" custom="readingOrder {index:0;}">
                    <Coords points="982,1732 982,1792 1039,1792 1039,1732"/>
                    <TextEquiv>
                        <Unicode>Ist</Unicode>
                    </TextEquiv>
                </Word>
                <Word id="tr_2_tl_10_w2" custom="readingOrder {index:1;}">
                    <Coords points="1063,1732 1063,1792 1115,1792 1115,1732"/>
                    <TextEquiv>
                        <Unicode>das</Unicode>
                    </TextEquiv>
                </Word>
                <Word id="tr_2_tl_10_w3" custom="readingOrder {index:2;}">
                    <Coords points="1140,1735 1140,1795 1254,1795 1254,1735"/>
                    <TextEquiv>
                        <Unicode>Wort,</Unicode>
                    </TextEquiv>
                </Word>
                <Word id="tr_2_tl_10_w4" custom="readingOrder {index:3;}">
                    <Coords points="1269,1738 1269,1798 1326,1798 1326,1738"/>
                    <TextEquiv>
                        <Unicode>das</Unicode>
                    </TextEquiv>
                </Word>
                <Word id="tr_2_tl_10_w5" custom="readingOrder {index:4;}">
                    <Coords points="1355,1740 1355,1800 1427,1800 1427,1740"/>
                    <TextEquiv>
                        <Unicode>eben</Unicode>
                    </TextEquiv>
                </Word>
                <Word id="tr_2_tl_10_w6" custom="readingOrder {index:5;}">
                    <Coords points="1456,1744 1456,1804 1628,1804 1628,1744"/>
                    <TextEquiv>
                        <Unicode>verklang,</Unicode>
                    </TextEquiv>
                </Word>
                <Word id="tr_2_tl_10_w7" custom="readingOrder {index:6;}">
                    <Coords points="1648,1751 1648,1811 1724,1811 1724,1751"/>
                    <TextEquiv>
                        <Unicode>nicht</Unicode>
                    </TextEquiv>
                </Word>
                <Word id="tr_2_tl_10_w8" custom="readingOrder {index:7;}">
                    <Coords points="1748,1753 1748,1813 1825,1813 1825,1753"/>
                    <TextEquiv>
                        <Unicode>schon</Unicode>
                    </TextEquiv>
                </Word>
                <Word id="tr_2_tl_10_w9" custom="readingOrder {index:8;}">
                    <Coords points="1859,1756 1859,1816 2002,1816 2002,1756"/>
                    <TextEquiv>
                        <Unicode>Erinne¬</Unicode>
                    </TextEquiv>
                </Word>
                <TextEquiv>
                    <Unicode>Ist das Wort, das eben verklang, nicht schon Erinne¬</Unicode>
                </TextEquiv>
            </TextLine>
            <TextLine id="tr_2_tl_11" custom="readingOrder {index:10;}">
                <Coords points="175,1807 936,1817 936,1782 871,1771 175,1765"/>
                <Baseline points="182,1799 219,1802 257,1802 295,1802 333,1802 371,1803 409,1805 447,1802 485,1804 523,1805 561,1805 598,1805 636,1805 674,1805 712,1805 750,1807 788,1808 826,1808 864,1808 902,1808 940,1811"/>
                <Word id="tr_2_tl_11_w1" custom="readingOrder {index:0;}">
                    <Coords points="174,1759 174,1819 198,1819 198,1759"/>
                    <TextEquiv>
                        <Unicode>is</Unicode>
                    </TextEquiv>
                </Word>
                <Word id="tr_2_tl_11_w2" custom="readingOrder {index:1;}">
                    <Coords points="224,1762 224,1822 322,1822 322,1762"/>
                    <TextEquiv>
                        <Unicode>seiner</Unicode>
                    </TextEquiv>
                </Word>
                <Word id="tr_2_tl_11_w3" custom="readingOrder {index:2;}">
                    <Coords points="347,1762 347,1822 544,1822 544,1762"/>
                    <TextEquiv>
                        <Unicode>Einsamkeit</Unicode>
                    </TextEquiv>
                </Word>
                <Word id="tr_2_tl_11_w4" custom="readingOrder {index:3;}">
                    <Coords points="560,1765 560,1825 658,1825 658,1765"/>
                    <TextEquiv>
                        <Unicode>allen,</Unicode>
                    </TextEquiv>
                </Word>
                <Word id="tr_2_tl_11_w5" custom="readingOrder {index:4;}">
                    <Coords points="678,1765 678,1825 722,1825 722,1765"/>
                    <TextEquiv>
                        <Unicode>die</Unicode>
                    </TextEquiv>
                </Word>
                <Word id="tr_2_tl_11_w6" custom="readingOrder {index:5;}">
                    <Coords points="743,1767 743,1827 786,1827 786,1767"/>
                    <TextEquiv>
                        <Unicode>ein</Unicode>
                    </TextEquiv>
                </Word>
                <Word id="tr_2_tl_11_w7" custom="readingOrder {index:6;}">
                    <Coords points="811,1768 811,1828 925,1828 925,1768"/>
                    <TextEquiv>
                        <Unicode>Organ</Unicode>
                    </TextEquiv>
                </Word>
                <TextEquiv>
                    <Unicode>is seiner Einsamkeit allen, die ein Organ</Unicode>
                </TextEquiv>
            </TextLine>
            <TextLine id="tr_2_tl_12" custom="readingOrder {index:11;}">
                <Coords points="988,1814 2005,1842 2004,1799 988,1779"/>
                <Baseline points="996,1808 1046,1808 1097,1811 1147,1812 1198,1814 1249,1816 1299,1817 1350,1820 1400,1817 1451,1820 1502,1823 1552,1824 1603,1826 1653,1826 1704,1828 1755,1832 1805,1832 1856,1833 1906,1835 1957,1835 2008,1835"/>
                <Word id="tr_2_tl_12_w1" custom="readingOrder {index:0;}">
                    <Coords points="982,1768 982,1828 1087,1828 1087,1768"/>
                    <TextEquiv>
                        <Unicode>rung?</Unicode>
                    </TextEquiv>
                </Word>
                <Word id="tr_2_tl_12_w2" custom="readingOrder {index:1;}">
                    <Coords points="1117,1772 1117,1832 1189,1832 1189,1772"/>
                    <TextEquiv>
                        <Unicode>Der</Unicode>
                    </TextEquiv>
                </Word>
                <Word id="tr_2_tl_12_w3" custom="readingOrder {index:2;}">
                    <Coords points="1214,1776 1214,1836 1304,1836 1304,1776"/>
                    <TextEquiv>
                        <Unicode>Ton,</Unicode>
                    </TextEquiv>
                </Word>
                <Word id="tr_2_tl_12_w4" custom="readingOrder {index:3;}">
                    <Coords points="1325,1779 1325,1839 1382,1839 1382,1779"/>
                    <TextEquiv>
                        <Unicode>mit</Unicode>
                    </TextEquiv>
                </Word>
                <Word id="tr_2_tl_12_w5" custom="readingOrder {index:4;}">
                    <Coords points="1406,1778 1406,1838 1454,1838 1454,1778"/>
                    <TextEquiv>
                        <Unicode>dem</Unicode>
                    </TextEquiv>
                </Word>
                <Word id="tr_2_tl_12_w6" custom="readingOrder {index:5;}">
                    <Coords points="1498,1783 1498,1843 1565,1843 1565,1783"/>
                    <TextEquiv>
                        <Unicode>eine</Unicode>
                    </TextEquiv>
                </Word>
                <Word id="tr_2_tl_12_w7" custom="readingOrder {index:6;}">
                    <Coords points="1590,1786 1590,1846 1734,1846 1734,1786"/>
                    <TextEquiv>
                        <Unicode>Melodie</Unicode>
                    </TextEquiv>
                </Word>
                <Word id="tr_2_tl_12_w8" custom="readingOrder {index:7;}">
                    <Coords points="1763,1792 1763,1852 1903,1852 1903,1792"/>
                    <TextEquiv>
                        <Unicode>begann,</Unicode>
                    </TextEquiv>
                </Word>
                <Word id="tr_2_tl_12_w9" custom="readingOrder {index:8;}">
                    <Coords points="1923,1795 1923,1855 2004,1855 2004,1795"/>
                    <TextEquiv>
                        <Unicode>nicht</Unicode>
                    </TextEquiv>
                </Word>
                <TextEquiv>
                    <Unicode>rung? Der Ton, mit dem eine Melodie begann, nicht</Unicode>
                </TextEquiv>
            </TextLine>
            <TextLine id="tr_2_tl_13" custom="readingOrder {index:12;}">
                <Coords points="169,1847 934,1855 934,1818 845,1808 799,1838 727,1809 169,1807"/>
                <Baseline points="176,1838 214,1841 252,1841 290,1841 328,1841 366,1841 404,1841 442,1841 480,1843 518,1844 556,1844 594,1844 632,1844 670,1844 708,1844 746,1844 784,1846 822,1847 860,1847 898,1847 937,1847"/>
                <Word id="tr_2_tl_13_w1" custom="readingOrder {index:0;}">
                    <Coords points="163,1799 163,1859 217,1859 217,1799"/>
                    <TextEquiv>
                        <Unicode>Rut</Unicode>
                    </TextEquiv>
                </Word>
                <Word id="tr_2_tl_13_w2" custom="readingOrder {index:1;}">
                    <Coords points="242,1801 242,1861 266,1861 266,1801"/>
                    <TextEquiv>
                        <Unicode>zu</Unicode>
                    </TextEquiv>
                </Word>
                <Word id="tr_2_tl_13_w3" custom="readingOrder {index:2;}">
                    <Coords points="301,1801 301,1861 395,1861 395,1801"/>
                    <TextEquiv>
                        <Unicode>dieser</Unicode>
                    </TextEquiv>
                </Word>
                <Word id="tr_2_tl_13_w4" custom="readingOrder {index:3;}">
                    <Coords points="425,1804 425,1864 621,1864 621,1804"/>
                    <TextEquiv>
                        <Unicode>Erkenntnis</Unicode>
                    </TextEquiv>
                </Word>
                <Word id="tr_2_tl_13_w5" custom="readingOrder {index:4;}">
                    <Coords points="652,1804 652,1864 790,1864 790,1804"/>
                    <TextEquiv>
                        <Unicode>besitzen.</Unicode>
                    </TextEquiv>
                </Word>
                <Word id="tr_2_tl_13_w6" custom="readingOrder {index:5;}">
                    <Coords points="830,1807 830,1867 923,1867 923,1807"/>
                    <TextEquiv>
                        <Unicode>Denn</Unicode>
                    </TextEquiv>
                </Word>
                <TextEquiv>
                    <Unicode>Rut zu dieser Erkenntnis besitzen. Denn</Unicode>
                </TextEquiv>
            </TextLine>
            <TextLine id="tr_2_tl_14" custom="readingOrder {index:13;}">
                <Coords points="994,1853 2000,1891 1999,1839 992,1814"/>
                <Baseline points="999,1844 1049,1847 1099,1850 1149,1851 1199,1853 1249,1853 1299,1853 1350,1856 1400,1859 1450,1859 1500,1862 1550,1863 1600,1865 1650,1865 1701,1865 1751,1870 1801,1871 1851,1871 1901,1874 1951,1874 2002,1874"/>
                <Word id="tr_2_tl_14_w1" custom="readingOrder {index:0;}">
                    <Coords points="986,1810 986,1870 1212,1870 1212,1810"/>
                    <TextEquiv>
                        <Unicode>Erinnerung,</Unicode>
                    </TextEquiv>
                </Word>
                <Word id="tr_2_tl_14_w2" custom="readingOrder {index:1;}">
                    <Coords points="1237,1813 1237,1873 1285,1873 1285,1813"/>
                    <TextEquiv>
                        <Unicode>ehe</Unicode>
                    </TextEquiv>
                </Word>
                <Word id="tr_2_tl_14_w3" custom="readingOrder {index:2;}">
                    <Coords points="1316,1815 1316,1875 1374,1875 1374,1815"/>
                    <TextEquiv>
                        <Unicode>das</Unicode>
                    </TextEquiv>
                </Word>
                <Word id="tr_2_tl_14_w4" custom="readingOrder {index:3;}">
                    <Coords points="1404,1819 1404,1879 1477,1879 1477,1819"/>
                    <TextEquiv>
                        <Unicode>Lied</Unicode>
                    </TextEquiv>
                </Word>
                <Word id="tr_2_tl_14_w5" custom="readingOrder {index:4;}">
                    <Coords points="1503,1824 1503,1884 1679,1884 1679,1824"/>
                    <TextEquiv>
                        <Unicode>geendet?“</Unicode>
                    </TextEquiv>
                </Word>
                <Word id="tr_2_tl_14_w6" custom="readingOrder {index:5;}">
                    <Coords points="1714,1829 1714,1889 1787,1889 1787,1829"/>
                    <TextEquiv>
                        <Unicode>Und</Unicode>
                    </TextEquiv>
                </Word>
                <Word id="tr_2_tl_14_w7" custom="readingOrder {index:6;}">
                    <Coords points="1817,1831 1817,1891 1895,1891 1895,1831"/>
                    <TextEquiv>
                        <Unicode>dann</Unicode>
                    </TextEquiv>
                </Word>
                <Word id="tr_2_tl_14_w8" custom="readingOrder {index:7;}">
                    <Coords points="1930,1834 1930,1894 1994,1894 1994,1834"/>
                    <TextEquiv>
                        <Unicode>doch</Unicode>
                    </TextEquiv>
                </Word>
                <TextEquiv>
                    <Unicode>Erinnerung, ehe das Lied geendet?“ Und dann doch</Unicode>
                </TextEquiv>
            </TextLine>
            <TextLine id="tr_2_tl_15" custom="readingOrder {index:14;}">
                <Coords points="169,1887 931,1891 921,1851 168,1847"/>
                <Baseline points="176,1880 213,1880 251,1880 289,1880 327,1880 365,1881 403,1883 441,1880 479,1882 517,1883 555,1883 592,1883 630,1883 668,1886 706,1886 744,1886 782,1886 820,1886 858,1886 896,1886 934,1886"/>
                <Word id="tr_2_tl_15_w1" custom="readingOrder {index:0;}">
                    <Coords points="163,1840 163,1900 177,1900 177,1840"/>
                    <TextEquiv>
                        <Unicode>si</Unicode>
                    </TextEquiv>
                </Word>
                <Word id="tr_2_tl_15_w2" custom="readingOrder {index:1;}">
                    <Coords points="198,1840 198,1900 279,1900 279,1840"/>
                    <TextEquiv>
                        <Unicode>aller</Unicode>
                    </TextEquiv>
                </Word>
                <Word id="tr_2_tl_15_w3" custom="readingOrder {index:2;}">
                    <Coords points="310,1842 310,1902 461,1902 461,1842"/>
                    <TextEquiv>
                        <Unicode>Zartheit</Unicode>
                    </TextEquiv>
                </Word>
                <Word id="tr_2_tl_15_w4" custom="readingOrder {index:3;}">
                    <Coords points="487,1842 487,1902 513,1902 513,1842"/>
                    <TextEquiv>
                        <Unicode>so</Unicode>
                    </TextEquiv>
                </Word>
                <Word id="tr_2_tl_15_w5" custom="readingOrder {index:4;}">
                    <Coords points="544,1843 544,1903 609,1903 609,1843"/>
                    <TextEquiv>
                        <Unicode>viel</Unicode>
                    </TextEquiv>
                </Word>
                <Word id="tr_2_tl_15_w6" custom="readingOrder {index:5;}">
                    <Coords points="640,1846 640,1906 853,1906 853,1846"/>
                    <TextEquiv>
                        <Unicode>männlicher,</Unicode>
                    </TextEquiv>
                </Word>
                <Word id="tr_2_tl_15_w7" custom="readingOrder {index:6;}">
                    <Coords points="879,1846 879,1906 924,1906 924,1846"/>
                    <TextEquiv>
                        <Unicode>als</Unicode>
                    </TextEquiv>
                </Word>
                <TextEquiv>
                    <Unicode>si aller Zartheit so viel männlicher, als</Unicode>
                </TextEquiv>
            </TextLine>
            <TextLine id="tr_2_tl_16" custom="readingOrder {index:15;}">
                <Coords points="983,1891 1955,1929 1999,1888 982,1847"/>
                <Baseline points="990,1886 1040,1886 1091,1890 1141,1891 1192,1891 1243,1894 1293,1895 1344,1898 1394,1898 1445,1898 1496,1901 1546,1901 1597,1903 1647,1904 1698,1906 1749,1907 1799,1910 1850,1911 1900,1913 1951,1914 2002,1913"/>
                <Word id="tr_2_tl_16_w1" custom="readingOrder {index:0;}">
                    <Coords points="981,1846 981,1906 1025,1906 1025,1846"/>
                    <TextEquiv>
                        <Unicode>die</Unicode>
                    </TextEquiv>
                </Word>
                <Word id="tr_2_tl_16_w2" custom="readingOrder {index:1;}">
                    <Coords points="1050,1850 1050,1910 1148,1910 1148,1850"/>
                    <TextEquiv>
                        <Unicode>starke</Unicode>
                    </TextEquiv>
                </Word>
                <Word id="tr_2_tl_16_w3" custom="readingOrder {index:2;}">
                    <Coords points="1173,1854 1173,1914 1349,1914 1349,1854"/>
                    <TextEquiv>
                        <Unicode>Bejahung</Unicode>
                    </TextEquiv>
                </Word>
                <Word id="tr_2_tl_16_w4" custom="readingOrder {index:3;}">
                    <Coords points="1379,1858 1379,1918 1428,1918 1428,1858"/>
                    <TextEquiv>
                        <Unicode>des</Unicode>
                    </TextEquiv>
                </Word>
                <Word id="tr_2_tl_16_w5" custom="readingOrder {index:4;}">
                    <Coords points="1458,1861 1458,1921 1580,1921 1580,1861"/>
                    <TextEquiv>
                        <Unicode>Lebens</Unicode>
                    </TextEquiv>
                </Word>
                <Word id="tr_2_tl_16_w6" custom="readingOrder {index:5;}">
                    <Coords points="1610,1863 1610,1923 1669,1923 1669,1863"/>
                    <TextEquiv>
                        <Unicode>und</Unicode>
                    </TextEquiv>
                </Word>
                <Word id="tr_2_tl_16_w7" custom="readingOrder {index:6;}">
                    <Coords points="1699,1866 1699,1926 1747,1926 1747,1866"/>
                    <TextEquiv>
                        <Unicode>des</Unicode>
                    </TextEquiv>
                </Word>
                <Word id="tr_2_tl_16_w8" custom="readingOrder {index:7;}">
                    <Coords points="1777,1872 1777,1932 1997,1932 1997,1872"/>
                    <TextEquiv>
                        <Unicode>Unvergäng¬</Unicode>
                    </TextEquiv>
                </Word>
                <TextEquiv>
                    <Unicode>die starke Bejahung des Lebens und des Unvergäng¬</Unicode>
                </TextEquiv>
            </TextLine>
            <TextLine id="tr_2_tl_17" custom="readingOrder {index:16;}">
                <Coords points="169,1922 936,1934 936,1900 862,1887 822,1910 631,1883 169,1887"/>
                <Baseline points="176,1916 214,1919 252,1919 290,1919 328,1920 367,1922 405,1922 443,1922 481,1922 519,1924 558,1923 596,1922 634,1923 672,1925 710,1925 749,1925 787,1925 825,1925 863,1925 901,1925 940,1925"/>
                <Word id="tr_2_tl_17_w1" custom="readingOrder {index:0;}">
                    <Coords points="168,1877 168,1937 211,1937 211,1877"/>
                    <TextEquiv>
                        <Unicode>ten</Unicode>
                    </TextEquiv>
                </Word>
                <Word id="tr_2_tl_17_w2" custom="readingOrder {index:1;}">
                    <Coords points="250,1879 250,1939 311,1939 311,1879"/>
                    <TextEquiv>
                        <Unicode>und</Unicode>
                    </TextEquiv>
                </Word>
                <Word id="tr_2_tl_17_w3" custom="readingOrder {index:2;}">
                    <Coords points="341,1882 341,1942 393,1942 393,1882"/>
                    <TextEquiv>
                        <Unicode>den</Unicode>
                    </TextEquiv>
                </Word>
                <Word id="tr_2_tl_17_w4" custom="readingOrder {index:3;}">
                    <Coords points="427,1883 427,1943 647,1943 647,1883"/>
                    <TextEquiv>
                        <Unicode>Vielzuvielen</Unicode>
                    </TextEquiv>
                </Word>
                <Word id="tr_2_tl_17_w5" custom="readingOrder {index:4;}">
                    <Coords points="686,1885 686,1945 796,1945 796,1885"/>
                    <TextEquiv>
                        <Unicode>schien.</Unicode>
                    </TextEquiv>
                </Word>
                <Word id="tr_2_tl_17_w6" custom="readingOrder {index:5;}">
                    <Coords points="839,1885 839,1945 916,1945 916,1885"/>
                    <TextEquiv>
                        <Unicode>Sein</Unicode>
                    </TextEquiv>
                </Word>
                <TextEquiv>
                    <Unicode>ten und den Vielzuvielen schien. Sein</Unicode>
                </TextEquiv>
            </TextLine>
            <TextLine id="tr_2_tl_18" custom="readingOrder {index:17;}">
                <Coords points="983,1931 2005,1957 2004,1923 1859,1912 982,1892"/>
                <Baseline points="990,1928 1040,1925 1091,1929 1142,1931 1193,1931 1244,1933 1295,1934 1346,1934 1397,1936 1448,1936 1499,1937 1549,1939 1600,1941 1651,1942 1702,1939 1753,1945 1804,1948 1855,1948 1906,1949 1957,1951 2008,1951"/>
                <Word id="tr_2_tl_18_w1" custom="readingOrder {index:0;}">
                    <Coords points="981,1885 981,1945 1099,1945 1099,1885"/>
                    <TextEquiv>
                        <Unicode>lichen:</Unicode>
                    </TextEquiv>
                </Word>
                <Word id="tr_2_tl_18_w2" custom="readingOrder {index:1;}">
                    <Coords points="1119,1891 1119,1951 1267,1951 1267,1891"/>
                    <TextEquiv>
                        <Unicode>„Gerade</Unicode>
                    </TextEquiv>
                </Word>
                <Word id="tr_2_tl_18_w3" custom="readingOrder {index:2;}">
                    <Coords points="1297,1894 1297,1954 1322,1954 1322,1894"/>
                    <TextEquiv>
                        <Unicode>in</Unicode>
                    </TextEquiv>
                </Word>
                <Word id="tr_2_tl_18_w4" custom="readingOrder {index:3;}">
                    <Coords points="1352,1896 1352,1956 1465,1956 1465,1896"/>
                    <TextEquiv>
                        <Unicode>solchen</Unicode>
                    </TextEquiv>
                </Word>
                <Word id="tr_2_tl_18_w5" custom="readingOrder {index:4;}">
                    <Coords points="1500,1900 1500,1960 1673,1960 1673,1900"/>
                    <TextEquiv>
                        <Unicode>Stunden“</Unicode>
                    </TextEquiv>
                </Word>
                <Word id="tr_2_tl_18_w6" custom="readingOrder {index:5;}">
                    <Coords points="1698,1899 1698,1959 1712,1959 1712,1899"/>
                    <TextEquiv>
                        <Unicode>—</Unicode>
                    </TextEquiv>
                </Word>
                <Word id="tr_2_tl_18_w7" custom="readingOrder {index:6;}">
                    <Coords points="1757,1907 1757,1967 1825,1967 1825,1907"/>
                    <TextEquiv>
                        <Unicode>sagt</Unicode>
                    </TextEquiv>
                </Word>
                <Word id="tr_2_tl_18_w8" custom="readingOrder {index:7;}">
                    <Coords points="1851,1908 1851,1968 1934,1968 1934,1908"/>
                    <TextEquiv>
                        <Unicode>Sala</Unicode>
                    </TextEquiv>
                </Word>
                <Word id="tr_2_tl_18_w9" custom="readingOrder {index:8;}">
                    <Coords points="1965,1911 1965,1971 1994,1971 1994,1911"/>
                    <TextEquiv>
                        <Unicode>zu</Unicode>
                    </TextEquiv>
                </Word>
                <TextEquiv>
                    <Unicode>lichen: „Gerade in solchen Stunden“ — sagt Sala zu</Unicode>
                </TextEquiv>
            </TextLine>
            <TextLine id="tr_2_tl_19" custom="readingOrder {index:18;}">
                <Coords points="166,1962 914,1981 927,1931 165,1925"/>
                <Baseline points="173,1954 210,1957 248,1959 286,1958 324,1958 362,1960 400,1960 438,1960 476,1960 514,1960 552,1960 589,1961 627,1963 665,1963 703,1963 741,1963 779,1963 817,1964 855,1965 893,1963 931,1963"/>
                <Word id="tr_2_tl_19_w1" custom="readingOrder {index:0;}">
                    <Coords points="159,1915 159,1975 214,1975 214,1915"/>
                    <TextEquiv>
                        <Unicode>ches</Unicode>
                    </TextEquiv>
                </Word>
                <Word id="tr_2_tl_19_w2" custom="readingOrder {index:1;}">
                    <Coords points="248,1918 248,1978 341,1978 341,1918"/>
                    <TextEquiv>
                        <Unicode>Leben</Unicode>
                    </TextEquiv>
                </Word>
                <Word id="tr_2_tl_19_w3" custom="readingOrder {index:2;}">
                    <Coords points="374,1920 374,1980 439,1980 439,1920"/>
                    <TextEquiv>
                        <Unicode>war</Unicode>
                    </TextEquiv>
                </Word>
                <Word id="tr_2_tl_19_w4" custom="readingOrder {index:3;}">
                    <Coords points="472,1920 472,1980 496,1980 496,1920"/>
                    <TextEquiv>
                        <Unicode>im</Unicode>
                    </TextEquiv>
                </Word>
                <Word id="tr_2_tl_19_w5" custom="readingOrder {index:4;}">
                    <Coords points="538,1922 538,1982 678,1982 678,1922"/>
                    <TextEquiv>
                        <Unicode>Grunde</Unicode>
                    </TextEquiv>
                </Word>
                <Word id="tr_2_tl_19_w6" custom="readingOrder {index:5;}">
                    <Coords points="707,1923 707,1983 767,1983 767,1923"/>
                    <TextEquiv>
                        <Unicode>nur</Unicode>
                    </TextEquiv>
                </Word>
                <Word id="tr_2_tl_19_w7" custom="readingOrder {index:6;}">
                    <Coords points="796,1924 796,1984 921,1984 921,1924"/>
                    <TextEquiv>
                        <Unicode>möglich</Unicode>
                    </TextEquiv>
                </Word>
                <TextEquiv>
                    <Unicode>ches Leben war im Grunde nur möglich</Unicode>
                </TextEquiv>
            </TextLine>
            <TextLine id="tr_2_tl_20" custom="readingOrder {index:19;}">
                <Coords points="986,1972 1987,2005 1997,1959 984,1931"/>
                <Baseline points="993,1966 1043,1966 1093,1967 1143,1969 1194,1969 1244,1971 1294,1974 1345,1972 1395,1975 1445,1975 1496,1978 1546,1979 1596,1981 1646,1981 1697,1983 1747,1981 1797,1984 1848,1984 1898,1988 1948,1990 1999,1987"/>
                <Word id="tr_2_tl_20_w1" custom="readingOrder {index:0;}">
                    <Coords points="983,1926 983,1986 1155,1986 1155,1926"/>
                    <TextEquiv>
                        <Unicode>Johanna,</Unicode>
                    </TextEquiv>
                </Word>
                <Word id="tr_2_tl_20_w2" custom="readingOrder {index:1;}">
                    <Coords points="1170,1929 1170,1989 1217,1989 1217,1929"/>
                    <TextEquiv>
                        <Unicode>die</Unicode>
                    </TextEquiv>
                </Word>
                <Word id="tr_2_tl_20_w3" custom="readingOrder {index:2;}">
                    <Coords points="1237,1933 1237,1993 1332,1993 1332,1933"/>
                    <TextEquiv>
                        <Unicode>dieses</Unicode>
                    </TextEquiv>
                </Word>
                <Word id="tr_2_tl_20_w4" custom="readingOrder {index:3;}">
                    <Coords points="1361,1935 1361,1995 1561,1995 1561,1935"/>
                    <TextEquiv>
                        <Unicode>Bekenntnis</Unicode>
                    </TextEquiv>
                </Word>
                <Word id="tr_2_tl_20_w5" custom="readingOrder {index:4;}">
                    <Coords points="1590,1941 1590,2001 1647,2001 1647,1941"/>
                    <TextEquiv>
                        <Unicode>aus</Unicode>
                    </TextEquiv>
                </Word>
                <Word id="tr_2_tl_20_w6" custom="readingOrder {index:5;}">
                    <Coords points="1672,1942 1672,2002 1762,2002 1762,1942"/>
                    <TextEquiv>
                        <Unicode>tiefer</Unicode>
                    </TextEquiv>
                </Word>
                <Word id="tr_2_tl_20_w7" custom="readingOrder {index:6;}">
                    <Coords points="1787,1947 1787,2007 1987,2007 1987,1947"/>
                    <TextEquiv>
                        <Unicode>Erkenntnis</Unicode>
                    </TextEquiv>
                </Word>
                <TextEquiv>
                    <Unicode>Johanna, die dieses Bekenntnis aus tiefer Erkenntnis</Unicode>
                </TextEquiv>
            </TextLine>
            <TextLine id="tr_2_tl_21" custom="readingOrder {index:20;}">
                <Coords points="166,2007 852,2020 934,2008 934,1981 165,1962"/>
                <Baseline points="173,1996 211,1996 249,1998 287,1999 325,1999 364,1999 402,1999 440,1999 478,2001 516,2002 555,2000 593,2000 631,2002 669,2002 707,2002 746,2002 784,2004 822,2005 860,2005 898,2004 937,2002"/>
                <Word id="tr_2_tl_21_w1" custom="readingOrder {index:0;}">
                    <Coords points="164,1956 164,2016 212,2016 212,1956"/>
                    <TextEquiv>
                        <Unicode>hes</Unicode>
                    </TextEquiv>
                </Word>
                <Word id="tr_2_tl_21_w2" custom="readingOrder {index:1;}">
                    <Coords points="246,1959 246,2019 459,2019 459,1959"/>
                    <TextEquiv>
                        <Unicode>Kompromiß</Unicode>
                    </TextEquiv>
                </Word>
                <Word id="tr_2_tl_21_w3" custom="readingOrder {index:2;}">
                    <Coords points="493,1961 493,2021 551,2021 551,1961"/>
                    <TextEquiv>
                        <Unicode>mit</Unicode>
                    </TextEquiv>
                </Word>
                <Word id="tr_2_tl_21_w4" custom="readingOrder {index:3;}">
                    <Coords points="580,1960 580,2020 633,2020 633,1960"/>
                    <TextEquiv>
                        <Unicode>dem</Unicode>
                    </TextEquiv>
                </Word>
                <Word id="tr_2_tl_21_w5" custom="readingOrder {index:4;}">
                    <Coords points="682,1962 682,2022 783,2022 783,1962"/>
                    <TextEquiv>
                        <Unicode>Tode.</Unicode>
                    </TextEquiv>
                </Word>
                <Word id="tr_2_tl_21_w6" custom="readingOrder {index:5;}">
                    <Coords points="827,1964 827,2024 928,2024 928,1964"/>
                    <TextEquiv>
                        <Unicode>Inso¬</Unicode>
                    </TextEquiv>
                </Word>
                <TextEquiv>
                    <Unicode>hes Kompromiß mit dem Tode. Inso¬</Unicode>
                </TextEquiv>
            </TextLine>
            <TextLine id="tr_2_tl_22" custom="readingOrder {index:21;}">
                <Coords points="977,2007 1871,2044 2000,2040 1999,2004 975,1979"/>
                <Baseline points="984,2002 1034,2005 1085,2006 1136,2008 1187,2008 1238,2010 1289,2013 1340,2014 1391,2014 1442,2015 1493,2017 1543,2018 1594,2020 1645,2020 1696,2023 1747,2023 1798,2024 1849,2026 1900,2027 1951,2029 2002,2032"/>
                <Word id="tr_2_tl_22_w1" custom="readingOrder {index:0;}">
                    <Coords points="978,1965 978,2025 1104,2025 1104,1965"/>
                    <TextEquiv>
                        <Unicode>traurig</Unicode>
                    </TextEquiv>
                </Word>
                <Word id="tr_2_tl_22_w2" custom="readingOrder {index:1;}">
                    <Coords points="1132,1968 1132,2028 1232,2028 1232,1968"/>
                    <TextEquiv>
                        <Unicode>macht</Unicode>
                    </TextEquiv>
                </Word>
                <Word id="tr_2_tl_22_w3" custom="readingOrder {index:2;}">
                    <Coords points="1246,1970 1246,2030 1255,2030 1255,1970"/>
                    <TextEquiv>
                        <Unicode>—</Unicode>
                    </TextEquiv>
                </Word>
                <Word id="tr_2_tl_22_w4" custom="readingOrder {index:3;}">
                    <Coords points="1291,1974 1291,2034 1427,2034 1427,1974"/>
                    <TextEquiv>
                        <Unicode>„gerade</Unicode>
                    </TextEquiv>
                </Word>
                <Word id="tr_2_tl_22_w5" custom="readingOrder {index:4;}">
                    <Coords points="1450,1975 1450,2035 1477,2035 1477,1975"/>
                    <TextEquiv>
                        <Unicode>in</Unicode>
                    </TextEquiv>
                </Word>
                <Word id="tr_2_tl_22_w6" custom="readingOrder {index:5;}">
                    <Coords points="1501,1978 1501,2038 1609,2038 1609,1978"/>
                    <TextEquiv>
                        <Unicode>solchen</Unicode>
                    </TextEquiv>
                </Word>
                <Word id="tr_2_tl_22_w7" custom="readingOrder {index:6;}">
                    <Coords points="1632,1983 1632,2043 1777,2043 1777,1983"/>
                    <TextEquiv>
                        <Unicode>Stunden</Unicode>
                    </TextEquiv>
                </Word>
                <Word id="tr_2_tl_22_w8" custom="readingOrder {index:7;}">
                    <Coords points="1805,1986 1805,2046 1900,2046 1900,1986"/>
                    <TextEquiv>
                        <Unicode>wissen</Unicode>
                    </TextEquiv>
                </Word>
                <Word id="tr_2_tl_22_w9" custom="readingOrder {index:8;}">
                    <Coords points="1927,1989 1927,2049 1999,2049 1999,1989"/>
                    <TextEquiv>
                        <Unicode>wir,</Unicode>
                    </TextEquiv>
                </Word>
                <TextEquiv>
                    <Unicode>traurig macht — „gerade in solchen Stunden wissen wir,</Unicode>
                </TextEquiv>
            </TextLine>
            <TextLine id="tr_2_tl_23" custom="readingOrder {index:22;}">
                <Coords points="162,2046 864,2043 925,2064 925,2016 878,2007 162,2007"/>
                <Baseline points="170,2032 207,2035 245,2037 283,2038 321,2038 359,2038 397,2038 435,2038 473,2038 511,2040 549,2041 586,2041 624,2041 662,2041 700,2041 738,2041 776,2041 814,2042 852,2044 890,2044 928,2044"/>
                <Word id="tr_2_tl_23_w1" custom="readingOrder {index:0;}">
                    <Coords points="161,1993 161,2053 224,2053 224,1993"/>
                    <TextEquiv>
                        <Unicode>eine</Unicode>
                    </TextEquiv>
                </Word>
                <Word id="tr_2_tl_23_w2" custom="readingOrder {index:1;}">
                    <Coords points="250,1998 250,2058 564,2058 564,1998"/>
                    <TextEquiv>
                        <Unicode>Jugenddichtungen</Unicode>
                    </TextEquiv>
                </Word>
                <Word id="tr_2_tl_23_w3" custom="readingOrder {index:2;}">
                    <Coords points="594,2001 594,2061 786,2061 786,2001"/>
                    <TextEquiv>
                        <Unicode>Schnitzlers</Unicode>
                    </TextEquiv>
                </Word>
                <Word id="tr_2_tl_23_w4" custom="readingOrder {index:3;}">
                    <Coords points="816,2002 816,2062 840,2062 840,2002"/>
                    <TextEquiv>
                        <Unicode>in</Unicode>
                    </TextEquiv>
                </Word>
                <Word id="tr_2_tl_23_w5" custom="readingOrder {index:4;}">
                    <Coords points="870,2004 870,2064 919,2064 919,2004"/>
                    <TextEquiv>
                        <Unicode>der</Unicode>
                    </TextEquiv>
                </Word>
                <TextEquiv>
                    <Unicode>eine Jugenddichtungen Schnitzlers in der</Unicode>
                </TextEquiv>
            </TextLine>
            <TextLine id="tr_2_tl_24" custom="readingOrder {index:23;}">
                <Coords points="977,2046 1275,2049 1333,2088 1947,2088 1992,2079 1991,2036 975,2005"/>
                <Baseline points="984,2041 1034,2044 1085,2044 1135,2045 1186,2047 1237,2049 1287,2050 1338,2053 1388,2053 1439,2056 1490,2057 1540,2059 1591,2059 1641,2061 1692,2062 1743,2065 1793,2065 1844,2068 1894,2068 1945,2068 1996,2068"/>
                <Word id="tr_2_tl_24_w1" custom="readingOrder {index:0;}">
                    <Coords points="980,2002 980,2062 1029,2062 1029,2002"/>
                    <TextEquiv>
                        <Unicode>daß</Unicode>
                    </TextEquiv>
                </Word>
                <Word id="tr_2_tl_24_w2" custom="readingOrder {index:1;}">
                    <Coords points="1065,2004 1065,2064 1125,2064 1125,2004"/>
                    <TextEquiv>
                        <Unicode>wir</Unicode>
                    </TextEquiv>
                </Word>
                <Word id="tr_2_tl_24_w3" custom="readingOrder {index:2;}">
                    <Coords points="1156,2007 1156,2067 1251,2067 1251,2007"/>
                    <TextEquiv>
                        <Unicode>nichts</Unicode>
                    </TextEquiv>
                </Word>
                <Word id="tr_2_tl_24_w4" custom="readingOrder {index:3;}">
                    <Coords points="1286,2013 1286,2073 1432,2073 1432,2013"/>
                    <TextEquiv>
                        <Unicode>verloren</Unicode>
                    </TextEquiv>
                </Word>
                <Word id="tr_2_tl_24_w5" custom="readingOrder {index:4;}">
                    <Coords points="1473,2018 1473,2078 1563,2078 1563,2018"/>
                    <TextEquiv>
                        <Unicode>haben</Unicode>
                    </TextEquiv>
                </Word>
                <Word id="tr_2_tl_24_w6" custom="readingOrder {index:5;}">
                    <Coords points="1603,2020 1603,2080 1663,2080 1663,2020"/>
                    <TextEquiv>
                        <Unicode>und</Unicode>
                    </TextEquiv>
                </Word>
                <Word id="tr_2_tl_24_w7" custom="readingOrder {index:6;}">
                    <Coords points="1694,2025 1694,2085 1854,2085 1854,2025"/>
                    <TextEquiv>
                        <Unicode>eigentlich</Unicode>
                    </TextEquiv>
                </Word>
                <Word id="tr_2_tl_24_w8" custom="readingOrder {index:7;}">
                    <Coords points="1890,2028 1890,2088 1985,2088 1985,2028"/>
                    <TextEquiv>
                        <Unicode>nichts</Unicode>
                    </TextEquiv>
                </Word>
                <TextEquiv>
                    <Unicode>daß wir nichts verloren haben und eigentlich nichts</Unicode>
                </TextEquiv>
            </TextLine>
            <TextLine id="tr_2_tl_25" custom="readingOrder {index:24;}">
                <Coords points="166,2084 918,2088 918,2055 865,2043 166,2046"/>
                <Baseline points="173,2074 210,2077 247,2077 285,2077 322,2076 360,2075 397,2077 435,2077 472,2077 510,2079 547,2080 584,2080 622,2080 659,2080 697,2082 734,2081 772,2080 809,2081 847,2083 884,2083 922,2083"/>
                <Word id="tr_2_tl_25_w1" custom="readingOrder {index:0;}">
                    <Coords points="160,2035 160,2095 220,2095 220,2035"/>
                    <TextEquiv>
                        <Unicode>nde</Unicode>
                    </TextEquiv>
                </Word>
                <Word id="tr_2_tl_25_w2" custom="readingOrder {index:1;}">
                    <Coords points="249,2036 249,2096 351,2096 351,2036"/>
                    <TextEquiv>
                        <Unicode>seiner</Unicode>
                    </TextEquiv>
                </Word>
                <Word id="tr_2_tl_25_w3" custom="readingOrder {index:2;}">
                    <Coords points="380,2037 380,2097 543,2097 543,2037"/>
                    <TextEquiv>
                        <Unicode>Dramen,</Unicode>
                    </TextEquiv>
                </Word>
                <Word id="tr_2_tl_25_w4" custom="readingOrder {index:3;}">
                    <Coords points="563,2040 563,2100 730,2100 730,2040"/>
                    <TextEquiv>
                        <Unicode>Romane,</Unicode>
                    </TextEquiv>
                </Word>
                <Word id="tr_2_tl_25_w5" custom="readingOrder {index:4;}">
                    <Coords points="749,2042 749,2102 922,2102 922,2042"/>
                    <TextEquiv>
                        <Unicode>Novellen,</Unicode>
                    </TextEquiv>
                </Word>
                <TextEquiv>
                    <Unicode>nde seiner Dramen, Romane, Novellen,</Unicode>
                </TextEquiv>
            </TextLine>
            <TextLine id="tr_2_tl_26" custom="readingOrder {index:25;}">
                <Coords points="981,2103 1061,2088 1190,2101 1313,2096 1312,2065 979,2046"/>
                <Baseline points="987,2083 1012,2083 1037,2083 1062,2083 1088,2083 1113,2083 1138,2084 1164,2086 1189,2086 1214,2086 1240,2088 1265,2089 1290,2089 1316,2086"/>
                <Word id="tr_2_tl_26_w1" custom="readingOrder {index:0;}">
                    <Coords points="977,2043 977,2103 1138,2103 1138,2043"/>
                    <TextEquiv>
                        <Unicode>verlieren</Unicode>
                    </TextEquiv>
                </Word>
                <Word id="tr_2_tl_26_w2" custom="readingOrder {index:1;}">
                    <Coords points="1170,2048 1170,2108 1312,2108 1312,2048"/>
                    <TextEquiv>
                        <Unicode>können.</Unicode>
                    </TextEquiv>
                </Word>
                <TextEquiv>
                    <Unicode>verlieren können.</Unicode>
                </TextEquiv>
            </TextLine>
            <TextLine id="tr_2_tl_27" custom="readingOrder {index:26;}">
                <Coords points="168,2123 908,2134 914,2088 166,2083"/>
                <Baseline points="173,2110 210,2115 247,2116 284,2116 322,2116 359,2116 396,2113 434,2116 471,2116 508,2117 546,2119 583,2119 620,2119 657,2121 695,2120 732,2119 769,2119 807,2120 844,2122 881,2122 919,2122"/>
                <Word id="tr_2_tl_27_w1" custom="readingOrder {index:0;}">
                    <Coords points="165,2071 165,2131 206,2131 206,2071"/>
                    <TextEquiv>
                        <Unicode>m,</Unicode>
                    </TextEquiv>
                </Word>
                <Word id="tr_2_tl_27_w2" custom="readingOrder {index:1;}">
                    <Coords points="230,2076 230,2136 295,2136 295,2076"/>
                    <TextEquiv>
                        <Unicode>auch</Unicode>
                    </TextEquiv>
                </Word>
                <Word id="tr_2_tl_27_w3" custom="readingOrder {index:2;}">
                    <Coords points="323,2075 323,2135 397,2135 397,2075"/>
                    <TextEquiv>
                        <Unicode>über</Unicode>
                    </TextEquiv>
                </Word>
                <Word id="tr_2_tl_27_w4" custom="readingOrder {index:3;}">
                    <Coords points="426,2076 426,2136 477,2136 477,2076"/>
                    <TextEquiv>
                        <Unicode>den</Unicode>
                    </TextEquiv>
                </Word>
                <Word id="tr_2_tl_27_w5" custom="readingOrder {index:4;}">
                    <Coords points="510,2079 510,2139 617,2139 617,2079"/>
                    <TextEquiv>
                        <Unicode>frühen</Unicode>
                    </TextEquiv>
                </Word>
                <Word id="tr_2_tl_27_w6" custom="readingOrder {index:5;}">
                    <Coords points="650,2079 650,2139 822,2139 822,2079"/>
                    <TextEquiv>
                        <Unicode>Komödien</Unicode>
                    </TextEquiv>
                </Word>
                <Word id="tr_2_tl_27_w7" custom="readingOrder {index:6;}">
                    <Coords points="855,2082 855,2142 910,2142 910,2082"/>
                    <TextEquiv>
                        <Unicode>und</Unicode>
                    </TextEquiv>
                </Word>
                <TextEquiv>
                    <Unicode>m, auch über den frühen Komödien und</Unicode>
                </TextEquiv>
            </TextLine>
            <TextLine id="tr_2_tl_28" custom="readingOrder {index:27;}">
                <Coords points="1049,2130 1999,2153 1997,2104 1049,2090"/>
                <Baseline points="1056,2122 1103,2125 1150,2125 1197,2128 1245,2128 1292,2128 1339,2129 1387,2130 1434,2131 1481,2133 1529,2133 1576,2135 1623,2136 1670,2136 1718,2138 1765,2142 1812,2142 1860,2142 1907,2145 1954,2145 2002,2145"/>
                <Word id="tr_2_tl_28_w1" custom="readingOrder {index:0;}">
                    <Coords points="1049,2085 1049,2145 1174,2145 1174,2085"/>
                    <TextEquiv>
                        <Unicode>Arthur</Unicode>
                    </TextEquiv>
                </Word>
                <Word id="tr_2_tl_28_w2" custom="readingOrder {index:1;}">
                    <Coords points="1211,2088 1211,2148 1408,2148 1408,2088"/>
                    <TextEquiv>
                        <Unicode>Schnitzlers</Unicode>
                    </TextEquiv>
                </Word>
                <Word id="tr_2_tl_28_w3" custom="readingOrder {index:2;}">
                    <Coords points="1455,2094 1455,2154 1652,2154 1652,2094"/>
                    <TextEquiv>
                        <Unicode>spielerische</Unicode>
                    </TextEquiv>
                </Word>
                <Word id="tr_2_tl_28_w4" custom="readingOrder {index:3;}">
                    <Coords points="1694,2100 1694,2160 1809,2160 1809,2100"/>
                    <TextEquiv>
                        <Unicode>Kunst,</Unicode>
                    </TextEquiv>
                </Word>
                <Word id="tr_2_tl_28_w5" custom="readingOrder {index:4;}">
                    <Coords points="1845,2102 1845,2162 1896,2162 1896,2102"/>
                    <TextEquiv>
                        <Unicode>die</Unicode>
                    </TextEquiv>
                </Word>
                <Word id="tr_2_tl_28_w6" custom="readingOrder {index:5;}">
                    <Coords points="1937,2105 1937,2165 1992,2165 1992,2105"/>
                    <TextEquiv>
                        <Unicode>das</Unicode>
                    </TextEquiv>
                </Word>
                <TextEquiv>
                    <Unicode>Arthur Schnitzlers spielerische Kunst, die das</Unicode>
                </TextEquiv>
            </TextLine>
            <TextLine id="tr_2_tl_29" custom="readingOrder {index:28;}">
                <Coords points="175,2168 916,2168 916,2133 888,2127 175,2123"/>
                <Baseline points="182,2154 218,2154 255,2156 292,2156 329,2155 366,2157 403,2157 439,2155 476,2156 513,2158 550,2159 587,2157 624,2160 661,2160 697,2160 734,2160 771,2160 808,2160 845,2160 882,2160 919,2160"/>
                <Word id="tr_2_tl_29_w1" custom="readingOrder {index:0;}">
                    <Coords points="169,2114 169,2174 193,2174 193,2114"/>
                    <TextEquiv>
                        <Unicode>1,</Unicode>
                    </TextEquiv>
                </Word>
                <Word id="tr_2_tl_29_w2" custom="readingOrder {index:1;}">
                    <Coords points="219,2116 219,2176 297,2176 297,2116"/>
                    <TextEquiv>
                        <Unicode>liegt</Unicode>
                    </TextEquiv>
                </Word>
                <Word id="tr_2_tl_29_w3" custom="readingOrder {index:2;}">
                    <Coords points="327,2117 327,2177 416,2177 416,2117"/>
                    <TextEquiv>
                        <Unicode>jener</Unicode>
                    </TextEquiv>
                </Word>
                <Word id="tr_2_tl_29_w4" custom="readingOrder {index:3;}">
                    <Coords points="446,2117 446,2177 564,2177 564,2117"/>
                    <TextEquiv>
                        <Unicode>dunkle</Unicode>
                    </TextEquiv>
                </Word>
                <Word id="tr_2_tl_29_w5" custom="readingOrder {index:4;}">
                    <Coords points="594,2120 594,2180 919,2180 919,2120"/>
                    <TextEquiv>
                        <Unicode>Cypressenschatten,</Unicode>
                    </TextEquiv>
                </Word>
                <TextEquiv>
                    <Unicode>1, liegt jener dunkle Cypressenschatten,</Unicode>
                </TextEquiv>
            </TextLine>
            <TextLine id="tr_2_tl_30" custom="readingOrder {index:29;}">
                <Coords points="979,2162 1999,2196 1988,2149 978,2122"/>
                <Baseline points="987,2160 1037,2160 1088,2161 1138,2163 1189,2163 1240,2167 1290,2167 1341,2169 1391,2172 1442,2172 1493,2173 1543,2175 1594,2177 1644,2176 1695,2177 1746,2181 1796,2181 1847,2184 1897,2184 1948,2185 1999,2184"/>
                <Word id="tr_2_tl_30_w1" custom="readingOrder {index:0;}">
                    <Coords points="977,2120 977,2180 1073,2180 1073,2120"/>
                    <TextEquiv>
                        <Unicode>Wesen</Unicode>
                    </TextEquiv>
                </Word>
                <Word id="tr_2_tl_30_w2" custom="readingOrder {index:1;}">
                    <Coords points="1112,2123 1112,2183 1164,2183 1164,2123"/>
                    <TextEquiv>
                        <Unicode>der</Unicode>
                    </TextEquiv>
                </Word>
                <Word id="tr_2_tl_30_w3" custom="readingOrder {index:2;}">
                    <Coords points="1194,2127 1194,2187 1371,2187 1371,2127"/>
                    <TextEquiv>
                        <Unicode>Dramatik</Unicode>
                    </TextEquiv>
                </Word>
                <Word id="tr_2_tl_30_w4" custom="readingOrder {index:3;}">
                    <Coords points="1401,2132 1401,2192 1463,2192 1463,2132"/>
                    <TextEquiv>
                        <Unicode>und</Unicode>
                    </TextEquiv>
                </Word>
                <Word id="tr_2_tl_30_w5" custom="readingOrder {index:4;}">
                    <Coords points="1497,2134 1497,2194 1550,2194 1550,2134"/>
                    <TextEquiv>
                        <Unicode>der</Unicode>
                    </TextEquiv>
                </Word>
                <Word id="tr_2_tl_30_w6" custom="readingOrder {index:5;}">
                    <Coords points="1584,2136 1584,2196 1699,2196 1699,2136"/>
                    <TextEquiv>
                        <Unicode>Bühne</Unicode>
                    </TextEquiv>
                </Word>
                <Word id="tr_2_tl_30_w7" custom="readingOrder {index:6;}">
                    <Coords points="1733,2142 1733,2202 1916,2202 1916,2142"/>
                    <TextEquiv>
                        <Unicode>ausmacht,</Unicode>
                    </TextEquiv>
                </Word>
                <Word id="tr_2_tl_30_w8" custom="readingOrder {index:7;}">
                    <Coords points="1941,2144 1941,2204 1993,2204 1993,2144"/>
                    <TextEquiv>
                        <Unicode>hat</Unicode>
                    </TextEquiv>
                </Word>
                <TextEquiv>
                    <Unicode>Wesen der Dramatik und der Bühne ausmacht, hat</Unicode>
                </TextEquiv>
            </TextLine>
            <TextLine id="tr_2_tl_31" custom="readingOrder {index:30;}">
                <Coords points="169,2197 749,2214 918,2207 917,2170 168,2164"/>
                <Baseline points="176,2190 213,2193 250,2193 287,2193 325,2193 362,2193 399,2196 437,2196 474,2196 511,2196 549,2196 586,2196 623,2196 660,2196 698,2198 735,2199 772,2199 810,2199 847,2199 884,2199 922,2196"/>
                <Word id="tr_2_tl_31_w1" custom="readingOrder {index:0;}">
                    <Coords points="167,2153 167,2213 268,2213 268,2153"/>
                    <TextEquiv>
                        <Unicode>ernde</Unicode>
                    </TextEquiv>
                </Word>
                <Word id="tr_2_tl_31_w2" custom="readingOrder {index:1;}">
                    <Coords points="292,2153 292,2213 445,2213 445,2153"/>
                    <TextEquiv>
                        <Unicode>Zartheit</Unicode>
                    </TextEquiv>
                </Word>
                <Word id="tr_2_tl_31_w3" custom="readingOrder {index:2;}">
                    <Coords points="465,2156 465,2216 542,2216 542,2156"/>
                    <TextEquiv>
                        <Unicode>aller</Unicode>
                    </TextEquiv>
                </Word>
                <Word id="tr_2_tl_31_w4" custom="readingOrder {index:3;}">
                    <Coords points="571,2157 571,2217 806,2217 806,2157"/>
                    <TextEquiv>
                        <Unicode>Lebensfarben</Unicode>
                    </TextEquiv>
                </Word>
                <Word id="tr_2_tl_31_w5" custom="readingOrder {index:4;}">
                    <Coords points="841,2159 841,2219 917,2219 917,2159"/>
                    <TextEquiv>
                        <Unicode>aller</Unicode>
                    </TextEquiv>
                </Word>
                <TextEquiv>
                    <Unicode>ernde Zartheit aller Lebensfarben aller</Unicode>
                </TextEquiv>
            </TextLine>
            <TextLine id="tr_2_tl_32" custom="readingOrder {index:31;}">
                <Coords points="983,2205 1994,2231 1992,2194 1934,2187 982,2165"/>
                <Baseline points="990,2199 1040,2202 1090,2203 1140,2205 1191,2205 1241,2207 1291,2208 1342,2208 1392,2208 1442,2211 1493,2212 1543,2214 1593,2215 1643,2217 1694,2219 1744,2220 1794,2220 1845,2223 1895,2223 1945,2223 1996,2223"/>
                <Word id="tr_2_tl_32_w1" custom="readingOrder {index:0;}">
                    <Coords points="976,2160 976,2220 1054,2220 1054,2160"/>
                    <TextEquiv>
                        <Unicode>seine</Unicode>
                    </TextEquiv>
                </Word>
                <Word id="tr_2_tl_32_w2" custom="readingOrder {index:1;}">
                    <Coords points="1084,2165 1084,2225 1334,2225 1334,2165"/>
                    <TextEquiv>
                        <Unicode>melancholische</Unicode>
                    </TextEquiv>
                </Word>
                <Word id="tr_2_tl_32_w3" custom="readingOrder {index:2;}">
                    <Coords points="1364,2171 1364,2231 1531,2231 1531,2171"/>
                    <TextEquiv>
                        <Unicode>Weisheit</Unicode>
                    </TextEquiv>
                </Word>
                <Word id="tr_2_tl_32_w4" custom="readingOrder {index:3;}">
                    <Coords points="1561,2174 1561,2234 1619,2234 1619,2174"/>
                    <TextEquiv>
                        <Unicode>und</Unicode>
                    </TextEquiv>
                </Word>
                <Word id="tr_2_tl_32_w5" custom="readingOrder {index:4;}">
                    <Coords points="1649,2178 1649,2238 1718,2238 1718,2178"/>
                    <TextEquiv>
                        <Unicode>ihre</Unicode>
                    </TextEquiv>
                </Word>
                <Word id="tr_2_tl_32_w6" custom="readingOrder {index:5;}">
                    <Coords points="1753,2180 1753,2240 1865,2240 1865,2180"/>
                    <TextEquiv>
                        <Unicode>Lehren</Unicode>
                    </TextEquiv>
                </Word>
                <Word id="tr_2_tl_32_w7" custom="readingOrder {index:6;}">
                    <Coords points="1905,2183 1905,2243 1988,2243 1988,2183"/>
                    <TextEquiv>
                        <Unicode>öfter</Unicode>
                    </TextEquiv>
                </Word>
                <TextEquiv>
                    <Unicode>seine melancholische Weisheit und ihre Lehren öfter</Unicode>
                </TextEquiv>
            </TextLine>
            <TextLine id="tr_2_tl_33" custom="readingOrder {index:32;}">
                <Coords points="166,2239 922,2251 901,2203 452,2196 396,2218 166,2196"/>
                <Baseline points="173,2232 210,2232 248,2232 285,2232 323,2233 361,2235 398,2235 436,2235 473,2235 511,2235 549,2235 586,2235 624,2235 661,2238 699,2236 737,2237 774,2238 812,2238 849,2238 887,2238 925,2238"/>
                <Word id="tr_2_tl_33_w1" custom="readingOrder {index:0;}">
                    <Coords points="165,2192 165,2252 194,2252 194,2192"/>
                    <TextEquiv>
                        <Unicode>fe</Unicode>
                    </TextEquiv>
                </Word>
                <Word id="tr_2_tl_33_w2" custom="readingOrder {index:1;}">
                    <Coords points="224,2192 224,2252 371,2252 371,2192"/>
                    <TextEquiv>
                        <Unicode>bedingt.</Unicode>
                    </TextEquiv>
                </Word>
                <Word id="tr_2_tl_33_w3" custom="readingOrder {index:2;}">
                    <Coords points="411,2195 411,2255 715,2255 715,2195"/>
                    <TextEquiv>
                        <Unicode>„Erkenntnisbaum</Unicode>
                    </TextEquiv>
                </Word>
                <Word id="tr_2_tl_33_w4" custom="readingOrder {index:3;}">
                    <Coords points="769,2198 769,2258 808,2258 808,2198"/>
                    <TextEquiv>
                        <Unicode>ist</Unicode>
                    </TextEquiv>
                </Word>
                <Word id="tr_2_tl_33_w5" custom="readingOrder {index:4;}">
                    <Coords points="838,2198 838,2258 916,2258 916,2198"/>
                    <TextEquiv>
                        <Unicode>nicht</Unicode>
                    </TextEquiv>
                </Word>
                <TextEquiv>
                    <Unicode>fe bedingt. „Erkenntnisbaum ist nicht</Unicode>
                </TextEquiv>
            </TextLine>
            <TextLine id="tr_2_tl_34" custom="readingOrder {index:33;}">
                <Coords points="979,2246 1992,2272 1991,2235 1896,2222 1535,2247 1356,2208 979,2208"/>
                <Baseline points="987,2238 1037,2241 1087,2244 1138,2244 1188,2245 1239,2247 1289,2247 1340,2250 1390,2250 1441,2253 1491,2254 1541,2256 1592,2256 1642,2256 1693,2258 1743,2259 1794,2259 1844,2262 1895,2262 1945,2263 1996,2265"/>
                <Word id="tr_2_tl_34_w1" custom="readingOrder {index:0;}">
                    <Coords points="974,2198 974,2258 998,2258 998,2198"/>
                    <TextEquiv>
                        <Unicode>in</Unicode>
                    </TextEquiv>
                </Word>
                <Word id="tr_2_tl_34_w2" custom="readingOrder {index:1;}">
                    <Coords points="1034,2203 1034,2263 1129,2263 1129,2203"/>
                    <TextEquiv>
                        <Unicode>starke</Unicode>
                    </TextEquiv>
                </Word>
                <Word id="tr_2_tl_34_w3" custom="readingOrder {index:2;}">
                    <Coords points="1160,2207 1160,2267 1361,2267 1361,2207"/>
                    <TextEquiv>
                        <Unicode>dramatische</Unicode>
                    </TextEquiv>
                </Word>
                <Word id="tr_2_tl_34_w4" custom="readingOrder {index:3;}">
                    <Coords points="1392,2213 1392,2273 1502,2273 1502,2213"/>
                    <TextEquiv>
                        <Unicode>Höhen</Unicode>
                    </TextEquiv>
                </Word>
                <Word id="tr_2_tl_34_w5" custom="readingOrder {index:4;}">
                    <Coords points="1543,2216 1543,2276 1723,2276 1723,2216"/>
                    <TextEquiv>
                        <Unicode>gefördert.</Unicode>
                    </TextEquiv>
                </Word>
                <Word id="tr_2_tl_34_w6" custom="readingOrder {index:5;}">
                    <Coords points="1764,2219 1764,2279 1849,2279 1849,2219"/>
                    <TextEquiv>
                        <Unicode>Auch</Unicode>
                    </TextEquiv>
                </Word>
                <Word id="tr_2_tl_34_w7" custom="readingOrder {index:6;}">
                    <Coords points="1890,2222 1890,2282 1985,2282 1985,2222"/>
                    <TextEquiv>
                        <Unicode>derbe</Unicode>
                    </TextEquiv>
                </Word>
                <TextEquiv>
                    <Unicode>in starke dramatische Höhen gefördert. Auch derbe</Unicode>
                </TextEquiv>
            </TextLine>
            <TextLine id="tr_2_tl_35" custom="readingOrder {index:34;}">
                <Coords points="162,2277 917,2290 916,2251 834,2239 162,2247"/>
                <Baseline points="170,2271 207,2271 244,2271 282,2271 319,2272 357,2274 394,2274 432,2277 469,2277 507,2277 544,2277 581,2277 619,2277 656,2277 694,2277 731,2277 769,2278 806,2280 844,2280 881,2280 919,2277"/>
                <Word id="tr_2_tl_35_w1" custom="readingOrder {index:0;}">
                    <Coords points="156,2231 156,2291 264,2291 264,2231"/>
                    <TextEquiv>
                        <Unicode>num."</Unicode>
                    </TextEquiv>
                </Word>
                <Word id="tr_2_tl_35_w2" custom="readingOrder {index:1;}">
                    <Coords points="309,2233 309,2293 373,2293 373,2233"/>
                    <TextEquiv>
                        <Unicode>Die</Unicode>
                    </TextEquiv>
                </Word>
                <Word id="tr_2_tl_35_w3" custom="readingOrder {index:2;}">
                    <Coords points="398,2237 398,2297 511,2297 511,2237"/>
                    <TextEquiv>
                        <Unicode>großen</Unicode>
                    </TextEquiv>
                </Word>
                <Word id="tr_2_tl_35_w4" custom="readingOrder {index:3;}">
                    <Coords points="541,2237 541,2297 723,2297 723,2237"/>
                    <TextEquiv>
                        <Unicode>Pathetiker</Unicode>
                    </TextEquiv>
                </Word>
                <Word id="tr_2_tl_35_w5" custom="readingOrder {index:4;}">
                    <Coords points="748,2238 748,2298 802,2298 802,2238"/>
                    <TextEquiv>
                        <Unicode>des</Unicode>
                    </TextEquiv>
                </Word>
                <Word id="tr_2_tl_35_w6" custom="readingOrder {index:5;}">
                    <Coords points="828,2240 828,2300 915,2300 915,2240"/>
                    <TextEquiv>
                        <Unicode>Dra¬</Unicode>
                    </TextEquiv>
                </Word>
                <TextEquiv>
                    <Unicode>num." Die großen Pathetiker des Dra¬</Unicode>
                </TextEquiv>
            </TextLine>
            <TextLine id="tr_2_tl_36" custom="readingOrder {index:35;}">
                <Coords points="971,2286 1992,2313 1991,2275 1871,2261 971,2247"/>
                <Baseline points="978,2277 1028,2280 1079,2281 1130,2283 1181,2285 1232,2286 1283,2286 1334,2286 1385,2289 1436,2292 1487,2293 1537,2295 1588,2295 1639,2295 1690,2298 1741,2298 1792,2301 1843,2302 1894,2304 1945,2304 1996,2307"/>
                <Word id="tr_2_tl_36_w1" custom="readingOrder {index:0;}">
                    <Coords points="970,2240 970,2300 1109,2300 1109,2240"/>
                    <TextEquiv>
                        <Unicode>Naturen</Unicode>
                    </TextEquiv>
                </Word>
                <Word id="tr_2_tl_36_w2" custom="readingOrder {index:1;}">
                    <Coords points="1140,2245 1140,2305 1236,2305 1236,2245"/>
                    <TextEquiv>
                        <Unicode>haben</Unicode>
                    </TextEquiv>
                </Word>
                <Word id="tr_2_tl_36_w3" custom="readingOrder {index:2;}">
                    <Coords points="1265,2248 1265,2308 1477,2308 1477,2248"/>
                    <TextEquiv>
                        <Unicode>empfunden,</Unicode>
                    </TextEquiv>
                </Word>
                <Word id="tr_2_tl_36_w4" custom="readingOrder {index:3;}">
                    <Coords points="1493,2254 1493,2314 1579,2314 1579,2254"/>
                    <TextEquiv>
                        <Unicode>welch</Unicode>
                    </TextEquiv>
                </Word>
                <Word id="tr_2_tl_36_w5" custom="readingOrder {index:4;}">
                    <Coords points="1619,2255 1619,2315 1662,2315 1662,2255"/>
                    <TextEquiv>
                        <Unicode>ein</Unicode>
                    </TextEquiv>
                </Word>
                <Word id="tr_2_tl_36_w6" custom="readingOrder {index:5;}">
                    <Coords points="1691,2258 1691,2318 1783,2318 1783,2258"/>
                    <TextEquiv>
                        <Unicode>Stück</Unicode>
                    </TextEquiv>
                </Word>
                <Word id="tr_2_tl_36_w7" custom="readingOrder {index:6;}">
                    <Coords points="1802,2262 1802,2322 1913,2322 1913,2262"/>
                    <TextEquiv>
                        <Unicode>bisher</Unicode>
                    </TextEquiv>
                </Word>
                <Word id="tr_2_tl_36_w8" custom="readingOrder {index:7;}">
                    <Coords points="1938,2265 1938,2325 1991,2325 1991,2265"/>
                    <TextEquiv>
                        <Unicode>nie</Unicode>
                    </TextEquiv>
                </Word>
                <TextEquiv>
                    <Unicode>Naturen haben empfunden, welch ein Stück bisher nie</Unicode>
                </TextEquiv>
            </TextLine>
            <TextLine id="tr_2_tl_37" custom="readingOrder {index:36;}">
                <Coords points="162,2316 908,2333 917,2290 161,2277"/>
                <Baseline points="170,2310 207,2310 245,2310 282,2310 320,2311 358,2313 395,2313 433,2313 470,2313 508,2315 546,2316 583,2316 621,2316 658,2316 696,2316 734,2316 771,2316 809,2317 846,2319 884,2319 922,2319"/>
                <Word id="tr_2_tl_37_w1" custom="readingOrder {index:0;}">
                    <Coords points="160,2270 160,2330 207,2330 207,2270"/>
                    <TextEquiv>
                        <Unicode>das</Unicode>
                    </TextEquiv>
                </Word>
                <Word id="tr_2_tl_37_w2" custom="readingOrder {index:1;}">
                    <Coords points="237,2270 237,2330 346,2330 346,2270"/>
                    <TextEquiv>
                        <Unicode>Gesetz</Unicode>
                    </TextEquiv>
                </Word>
                <Word id="tr_2_tl_37_w3" custom="readingOrder {index:2;}">
                    <Coords points="366,2273 366,2333 500,2333 500,2273"/>
                    <TextEquiv>
                        <Unicode>Byrons</Unicode>
                    </TextEquiv>
                </Word>
                <Word id="tr_2_tl_37_w4" custom="readingOrder {index:3;}">
                    <Coords points="534,2276 534,2336 562,2336 562,2276"/>
                    <TextEquiv>
                        <Unicode>zu</Unicode>
                    </TextEquiv>
                </Word>
                <Word id="tr_2_tl_37_w5" custom="readingOrder {index:4;}">
                    <Coords points="591,2276 591,2336 821,2336 821,2276"/>
                    <TextEquiv>
                        <Unicode>überwinden.</Unicode>
                    </TextEquiv>
                </Word>
                <Word id="tr_2_tl_37_w6" custom="readingOrder {index:5;}">
                    <Coords points="860,2279 860,2339 907,2339 907,2279"/>
                    <TextEquiv>
                        <Unicode>In</Unicode>
                    </TextEquiv>
                </Word>
                <TextEquiv>
                    <Unicode>das Gesetz Byrons zu überwinden. In</Unicode>
                </TextEquiv>
            </TextLine>
            <TextLine id="tr_2_tl_38" custom="readingOrder {index:37;}">
                <Coords points="965,2338 1991,2356 1990,2313 1920,2305 964,2291"/>
                <Baseline points="972,2319 1023,2321 1074,2322 1125,2324 1176,2324 1227,2326 1278,2327 1329,2330 1380,2330 1431,2331 1482,2333 1533,2335 1584,2336 1635,2336 1686,2336 1737,2339 1788,2340 1839,2342 1890,2342 1941,2342 1993,2342"/>
                <Word id="tr_2_tl_38_w1" custom="readingOrder {index:0;}">
                    <Coords points="968,2282 968,2342 1201,2342 1201,2282"/>
                    <TextEquiv>
                        <Unicode>bezwungener</Unicode>
                    </TextEquiv>
                </Word>
                <Word id="tr_2_tl_38_w2" custom="readingOrder {index:1;}">
                    <Coords points="1230,2290 1230,2350 1512,2350 1512,2290"/>
                    <TextEquiv>
                        <Unicode>gesellschaftlicher</Unicode>
                    </TextEquiv>
                </Word>
                <Word id="tr_2_tl_38_w3" custom="readingOrder {index:2;}">
                    <Coords points="1536,2296 1536,2356 1808,2356 1808,2296"/>
                    <TextEquiv>
                        <Unicode>Schicksalsmacht</Unicode>
                    </TextEquiv>
                </Word>
                <Word id="tr_2_tl_38_w4" custom="readingOrder {index:3;}">
                    <Coords points="1838,2302 1838,2362 1861,2362 1861,2302"/>
                    <TextEquiv>
                        <Unicode>in</Unicode>
                    </TextEquiv>
                </Word>
                <Word id="tr_2_tl_38_w5" custom="readingOrder {index:4;}">
                    <Coords points="1895,2302 1895,2362 1980,2362 1980,2302"/>
                    <TextEquiv>
                        <Unicode>einer</Unicode>
                    </TextEquiv>
                </Word>
                <TextEquiv>
                    <Unicode>bezwungener gesellschaftlicher Schicksalsmacht in einer</Unicode>
                </TextEquiv>
            </TextLine>
            <TextLine id="tr_2_tl_39" custom="readingOrder {index:38;}">
                <Coords points="175,2356 922,2369 922,2329 851,2318 769,2342 175,2314"/>
                <Baseline points="182,2348 219,2351 256,2349 293,2349 330,2351 367,2351 404,2351 442,2351 479,2351 516,2352 553,2354 590,2354 627,2354 664,2354 702,2354 739,2354 776,2355 813,2357 850,2357 887,2357 925,2360"/>
                <Word id="tr_2_tl_39_w1" custom="readingOrder {index:0;}">
                    <Coords points="169,2308 169,2368 212,2368 212,2308"/>
                    <TextEquiv>
                        <Unicode>Im</Unicode>
                    </TextEquiv>
                </Word>
                <Word id="tr_2_tl_39_w2" custom="readingOrder {index:1;}">
                    <Coords points="256,2310 256,2370 395,2370 395,2310"/>
                    <TextEquiv>
                        <Unicode>Grunde</Unicode>
                    </TextEquiv>
                </Word>
                <Word id="tr_2_tl_39_w3" custom="readingOrder {index:2;}">
                    <Coords points="430,2311 430,2371 554,2371 554,2311"/>
                    <TextEquiv>
                        <Unicode>bleiben</Unicode>
                    </TextEquiv>
                </Word>
                <Word id="tr_2_tl_39_w4" custom="readingOrder {index:3;}">
                    <Coords points="593,2314 593,2374 665,2374 665,2314"/>
                    <TextEquiv>
                        <Unicode>auch</Unicode>
                    </TextEquiv>
                </Word>
                <Word id="tr_2_tl_39_w5" custom="readingOrder {index:4;}">
                    <Coords points="705,2314 705,2374 743,2374 743,2314"/>
                    <TextEquiv>
                        <Unicode>sie</Unicode>
                    </TextEquiv>
                </Word>
                <Word id="tr_2_tl_39_w6" custom="readingOrder {index:5;}">
                    <Coords points="782,2317 782,2377 916,2377 916,2317"/>
                    <TextEquiv>
                        <Unicode>einsam.</Unicode>
                    </TextEquiv>
                </Word>
                <TextEquiv>
                    <Unicode>Im Grunde bleiben auch sie einsam.</Unicode>
                </TextEquiv>
            </TextLine>
            <TextLine id="tr_2_tl_40" custom="readingOrder {index:39;}">
                <Coords points="968,2366 1987,2391 1986,2352 1833,2340 968,2336"/>
                <Baseline points="975,2357 1025,2360 1076,2363 1127,2363 1178,2365 1228,2366 1279,2368 1330,2369 1381,2369 1431,2370 1482,2373 1533,2375 1584,2375 1634,2377 1685,2378 1736,2378 1787,2378 1837,2379 1888,2381 1939,2383 1990,2381"/>
                <Word id="tr_2_tl_40_w1" custom="readingOrder {index:0;}">
                    <Coords points="967,2320 967,2380 1102,2380 1102,2320"/>
                    <TextEquiv>
                        <Unicode>einzigen</Unicode>
                    </TextEquiv>
                </Word>
                <Word id="tr_2_tl_40_w2" custom="readingOrder {index:1;}">
                    <Coords points="1136,2325 1136,2385 1242,2385 1242,2325"/>
                    <TextEquiv>
                        <Unicode>Szene</Unicode>
                    </TextEquiv>
                </Word>
                <Word id="tr_2_tl_40_w3" custom="readingOrder {index:2;}">
                    <Coords points="1267,2328 1267,2388 1362,2388 1362,2328"/>
                    <TextEquiv>
                        <Unicode>liegt,</Unicode>
                    </TextEquiv>
                </Word>
                <Word id="tr_2_tl_40_w4" custom="readingOrder {index:3;}">
                    <Coords points="1382,2329 1382,2389 1440,2389 1440,2329"/>
                    <TextEquiv>
                        <Unicode>wie</Unicode>
                    </TextEquiv>
                </Word>
                <Word id="tr_2_tl_40_w5" custom="readingOrder {index:4;}">
                    <Coords points="1464,2332 1464,2392 1493,2392 1493,2332"/>
                    <TextEquiv>
                        <Unicode>in</Unicode>
                    </TextEquiv>
                </Word>
                <Word id="tr_2_tl_40_w6" custom="readingOrder {index:5;}">
                    <Coords points="1523,2335 1523,2395 1575,2395 1575,2335"/>
                    <TextEquiv>
                        <Unicode>der</Unicode>
                    </TextEquiv>
                </Word>
                <Word id="tr_2_tl_40_w7" custom="readingOrder {index:6;}">
                    <Coords points="1600,2336 1600,2396 1652,2396 1652,2336"/>
                    <TextEquiv>
                        <Unicode>der</Unicode>
                    </TextEquiv>
                </Word>
                <Word id="tr_2_tl_40_w8" custom="readingOrder {index:7;}">
                    <Coords points="1677,2338 1677,2398 1875,2398 1875,2338"/>
                    <TextEquiv>
                        <Unicode>„Liebelei“,</Unicode>
                    </TextEquiv>
                </Word>
                <Word id="tr_2_tl_40_w9" custom="readingOrder {index:8;}">
                    <Coords points="1890,2342 1890,2402 1976,2402 1976,2342"/>
                    <TextEquiv>
                        <Unicode>wenn</Unicode>
                    </TextEquiv>
                </Word>
                <TextEquiv>
                    <Unicode>einzigen Szene liegt, wie in der der „Liebelei“, wenn</Unicode>
                </TextEquiv>
            </TextLine>
            <TextLine id="tr_2_tl_41" custom="readingOrder {index:40;}">
                <Coords points="171,2391 917,2405 917,2369 887,2361 171,2356"/>
                <Baseline points="179,2384 216,2389 253,2390 290,2390 327,2390 364,2390 401,2390 438,2390 475,2390 512,2391 549,2393 586,2393 623,2396 660,2396 697,2394 734,2394 771,2396 808,2396 845,2396 882,2396 919,2396"/>
                <Word id="tr_2_tl_41_w1" custom="readingOrder {index:0;}">
                    <Coords points="170,2350 170,2410 387,2410 387,2350"/>
                    <TextEquiv>
                        <Unicode>vergängliche</Unicode>
                    </TextEquiv>
                </Word>
                <Word id="tr_2_tl_41_w2" custom="readingOrder {index:1;}">
                    <Coords points="417,2351 417,2411 609,2411 609,2351"/>
                    <TextEquiv>
                        <Unicode>Bedeutung</Unicode>
                    </TextEquiv>
                </Word>
                <Word id="tr_2_tl_41_w3" custom="readingOrder {index:2;}">
                    <Coords points="644,2354 644,2414 758,2414 758,2354"/>
                    <TextEquiv>
                        <Unicode>scheint</Unicode>
                    </TextEquiv>
                </Word>
                <Word id="tr_2_tl_41_w4" custom="readingOrder {index:3;}">
                    <Coords points="788,2356 788,2416 846,2416 846,2356"/>
                    <TextEquiv>
                        <Unicode>mir</Unicode>
                    </TextEquiv>
                </Word>
                <Word id="tr_2_tl_41_w5" custom="readingOrder {index:4;}">
                    <Coords points="882,2356 882,2416 906,2416 906,2356"/>
                    <TextEquiv>
                        <Unicode>in</Unicode>
                    </TextEquiv>
                </Word>
                <TextEquiv>
                    <Unicode>vergängliche Bedeutung scheint mir in</Unicode>
                </TextEquiv>
            </TextLine>
            <TextLine id="tr_2_tl_42" custom="readingOrder {index:41;}">
                <Coords points="965,2405 1988,2429 1879,2382 964,2368"/>
                <Baseline points="972,2399 1022,2399 1073,2400 1124,2403 1175,2405 1226,2405 1277,2407 1328,2408 1379,2411 1430,2411 1481,2412 1531,2414 1582,2414 1633,2414 1684,2417 1735,2420 1786,2420 1837,2420 1888,2421 1939,2423 1990,2423"/>
                <Word id="tr_2_tl_42_w1" custom="readingOrder {index:0;}">
                    <Coords points="968,2359 968,2419 1020,2419 1020,2359"/>
                    <TextEquiv>
                        <Unicode>der</Unicode>
                    </TextEquiv>
                </Word>
                <Word id="tr_2_tl_42_w2" custom="readingOrder {index:1;}">
                    <Coords points="1044,2361 1044,2421 1163,2421 1163,2361"/>
                    <TextEquiv>
                        <Unicode>fremde</Unicode>
                    </TextEquiv>
                </Word>
                <Word id="tr_2_tl_42_w3" custom="readingOrder {index:2;}">
                    <Coords points="1193,2365 1193,2425 1278,2425 1278,2365"/>
                    <TextEquiv>
                        <Unicode>Herr</Unicode>
                    </TextEquiv>
                </Word>
                <Word id="tr_2_tl_42_w4" custom="readingOrder {index:3;}">
                    <Coords points="1312,2370 1312,2430 1412,2430 1412,2370"/>
                    <TextEquiv>
                        <Unicode>(welch</Unicode>
                    </TextEquiv>
                </Word>
                <Word id="tr_2_tl_42_w5" custom="readingOrder {index:4;}">
                    <Coords points="1446,2371 1446,2431 1513,2431 1513,2371"/>
                    <TextEquiv>
                        <Unicode>eine</Unicode>
                    </TextEquiv>
                </Word>
                <Word id="tr_2_tl_42_w6" custom="readingOrder {index:5;}">
                    <Coords points="1542,2374 1542,2434 1666,2434 1666,2374"/>
                    <TextEquiv>
                        <Unicode>Gestalt</Unicode>
                    </TextEquiv>
                </Word>
                <Word id="tr_2_tl_42_w7" custom="readingOrder {index:6;}">
                    <Coords points="1695,2379 1695,2439 1747,2439 1747,2379"/>
                    <TextEquiv>
                        <Unicode>für</Unicode>
                    </TextEquiv>
                </Word>
                <Word id="tr_2_tl_42_w8" custom="readingOrder {index:7;}">
                    <Coords points="1772,2380 1772,2440 1824,2440 1824,2380"/>
                    <TextEquiv>
                        <Unicode>den</Unicode>
                    </TextEquiv>
                </Word>
                <Word id="tr_2_tl_42_w9" custom="readingOrder {index:8;}">
                    <Coords points="1863,2382 1863,2442 1987,2442 1987,2382"/>
                    <TextEquiv>
                        <Unicode>Schau¬</Unicode>
                    </TextEquiv>
                </Word>
                <TextEquiv>
                    <Unicode>der fremde Herr (welch eine Gestalt für den Schau¬</Unicode>
                </TextEquiv>
            </TextLine>
            <TextLine id="tr_2_tl_43" custom="readingOrder {index:42;}">
                <Coords points="160,2443 913,2440 913,2405 870,2395 160,2397"/>
                <Baseline points="167,2429 204,2429 241,2429 279,2429 316,2429 354,2429 391,2429 429,2429 466,2429 504,2431 541,2432 578,2432 616,2432 653,2432 691,2434 728,2435 766,2435 803,2435 841,2435 878,2435 916,2432"/>
                <Word id="tr_2_tl_43_w1" custom="readingOrder {index:0;}">
                    <Coords points="160,2389 160,2449 211,2449 211,2389"/>
                    <TextEquiv>
                        <Unicode>hen</Unicode>
                    </TextEquiv>
                </Word>
                <Word id="tr_2_tl_43_w2" custom="readingOrder {index:1;}">
                    <Coords points="242,2389 242,2449 408,2449 408,2389"/>
                    <TextEquiv>
                        <Unicode>Weisheit</Unicode>
                    </TextEquiv>
                </Word>
                <Word id="tr_2_tl_43_w3" custom="readingOrder {index:2;}">
                    <Coords points="429,2389 429,2449 460,2449 460,2389"/>
                    <TextEquiv>
                        <Unicode>zu</Unicode>
                    </TextEquiv>
                </Word>
                <Word id="tr_2_tl_43_w4" custom="readingOrder {index:3;}">
                    <Coords points="492,2392 492,2452 610,2452 610,2392"/>
                    <TextEquiv>
                        <Unicode>liegen,</Unicode>
                    </TextEquiv>
                </Word>
                <Word id="tr_2_tl_43_w5" custom="readingOrder {index:4;}">
                    <Coords points="632,2392 632,2452 678,2452 678,2392"/>
                    <TextEquiv>
                        <Unicode>die</Unicode>
                    </TextEquiv>
                </Word>
                <Word id="tr_2_tl_43_w6" custom="readingOrder {index:5;}">
                    <Coords points="705,2395 705,2455 761,2455 761,2395"/>
                    <TextEquiv>
                        <Unicode>tief</Unicode>
                    </TextEquiv>
                </Word>
                <Word id="tr_2_tl_43_w7" custom="readingOrder {index:6;}">
                    <Coords points="787,2395 787,2455 916,2455 916,2395"/>
                    <TextEquiv>
                        <Unicode>hinein¬</Unicode>
                    </TextEquiv>
                </Word>
                <TextEquiv>
                    <Unicode>hen Weisheit zu liegen, die tief hinein¬</Unicode>
                </TextEquiv>
            </TextLine>
            <TextLine id="tr_2_tl_44" custom="readingOrder {index:43;}">
                <Coords points="974,2444 1981,2474 1959,2427 974,2405"/>
                <Baseline points="981,2438 1031,2438 1081,2442 1131,2444 1181,2445 1231,2447 1281,2447 1332,2449 1382,2447 1432,2450 1482,2451 1532,2453 1582,2454 1632,2456 1683,2456 1733,2456 1783,2459 1833,2459 1883,2459 1933,2462 1984,2462"/>
                <Word id="tr_2_tl_44_w1" custom="readingOrder {index:0;}">
                    <Coords points="968,2398 968,2458 1115,2458 1115,2398"/>
                    <TextEquiv>
                        <Unicode>spieler!)</Unicode>
                    </TextEquiv>
                </Word>
                <Word id="tr_2_tl_44_w2" custom="readingOrder {index:1;}">
                    <Coords points="1140,2404 1140,2464 1164,2464 1164,2404"/>
                    <TextEquiv>
                        <Unicode>in</Unicode>
                    </TextEquiv>
                </Word>
                <Word id="tr_2_tl_44_w3" custom="readingOrder {index:2;}">
                    <Coords points="1199,2406 1199,2466 1257,2466 1257,2406"/>
                    <TextEquiv>
                        <Unicode>das</Unicode>
                    </TextEquiv>
                </Word>
                <Word id="tr_2_tl_44_w4" custom="readingOrder {index:3;}">
                    <Coords points="1292,2407 1292,2467 1439,2467 1439,2407"/>
                    <TextEquiv>
                        <Unicode>Zimmer</Unicode>
                    </TextEquiv>
                </Word>
                <Word id="tr_2_tl_44_w5" custom="readingOrder {index:4;}">
                    <Coords points="1469,2411 1469,2471 1518,2471 1518,2411"/>
                    <TextEquiv>
                        <Unicode>des</Unicode>
                    </TextEquiv>
                </Word>
                <Word id="tr_2_tl_44_w6" custom="readingOrder {index:5;}">
                    <Coords points="1548,2414 1548,2474 1665,2474 1665,2414"/>
                    <TextEquiv>
                        <Unicode>jungen</Unicode>
                    </TextEquiv>
                </Word>
                <Word id="tr_2_tl_44_w7" custom="readingOrder {index:6;}">
                    <Coords points="1705,2419 1705,2479 1867,2479 1867,2419"/>
                    <TextEquiv>
                        <Unicode>Menschen</Unicode>
                    </TextEquiv>
                </Word>
                <Word id="tr_2_tl_44_w8" custom="readingOrder {index:7;}">
                    <Coords points="1902,2422 1902,2482 1984,2482 1984,2422"/>
                    <TextEquiv>
                        <Unicode>tritt.</Unicode>
                    </TextEquiv>
                </Word>
                <TextEquiv>
                    <Unicode>spieler!) in das Zimmer des jungen Menschen tritt.</Unicode>
                </TextEquiv>
            </TextLine>
            <TextLine id="tr_2_tl_45" custom="readingOrder {index:44;}">
                <Coords points="181,2469 913,2485 913,2440 181,2438"/>
                <Baseline points="188,2462 224,2467 260,2468 297,2468 333,2468 370,2468 406,2468 442,2468 479,2470 515,2471 552,2471 588,2471 624,2471 661,2471 697,2471 734,2471 770,2471 806,2471 843,2473 879,2475 916,2474"/>
                <Word id="tr_2_tl_45_w1" custom="readingOrder {index:0;}">
                    <Coords points="180,2427 180,2487 318,2487 318,2427"/>
                    <TextEquiv>
                        <Unicode>Bezirke</Unicode>
                    </TextEquiv>
                </Word>
                <Word id="tr_2_tl_45_w2" custom="readingOrder {index:1;}">
                    <Coords points="348,2428 348,2488 397,2488 397,2428"/>
                    <TextEquiv>
                        <Unicode>des</Unicode>
                    </TextEquiv>
                </Word>
                <Word id="tr_2_tl_45_w3" custom="readingOrder {index:2;}">
                    <Coords points="428,2431 428,2491 649,2491 649,2431"/>
                    <TextEquiv>
                        <Unicode>Unbewußten</Unicode>
                    </TextEquiv>
                </Word>
                <Word id="tr_2_tl_45_w4" custom="readingOrder {index:3;}">
                    <Coords points="685,2431 685,2491 744,2491 744,2431"/>
                    <TextEquiv>
                        <Unicode>und</Unicode>
                    </TextEquiv>
                </Word>
                <Word id="tr_2_tl_45_w5" custom="readingOrder {index:4;}">
                    <Coords points="779,2431 779,2491 788,2491 788,2431"/>
                    <TextEquiv>
                        <Unicode>-</Unicode>
                    </TextEquiv>
                </Word>
                <Word id="tr_2_tl_45_w6" custom="readingOrder {index:5;}">
                    <Coords points="843,2434 843,2494 907,2494 907,2434"/>
                    <TextEquiv>
                        <Unicode>dies</Unicode>
                    </TextEquiv>
                </Word>
                <TextEquiv>
                    <Unicode>Bezirke des Unbewußten und - dies</Unicode>
                </TextEquiv>
            </TextLine>
            <TextLine id="tr_2_tl_46" custom="readingOrder {index:45;}">
                <Coords points="968,2486 1888,2514 1987,2510 1987,2473 966,2451"/>
                <Baseline points="975,2483 1025,2480 1076,2481 1127,2483 1178,2485 1228,2486 1279,2486 1330,2486 1381,2489 1431,2492 1482,2493 1533,2495 1584,2495 1634,2495 1685,2495 1736,2498 1787,2498 1837,2501 1888,2501 1939,2501 1990,2504"/>
                <Word id="tr_2_tl_46_w1" custom="readingOrder {index:0;}">
                    <Coords points="966,2440 966,2500 1061,2500 1061,2440"/>
                    <TextEquiv>
                        <Unicode>Jeder</Unicode>
                    </TextEquiv>
                </Word>
                <Word id="tr_2_tl_46_w2" custom="readingOrder {index:1;}">
                    <Coords points="1082,2442 1082,2502 1158,2502 1158,2442"/>
                    <TextEquiv>
                        <Unicode>weiß</Unicode>
                    </TextEquiv>
                </Word>
                <Word id="tr_2_tl_46_w3" custom="readingOrder {index:2;}">
                    <Coords points="1184,2446 1184,2506 1300,2506 1300,2446"/>
                    <TextEquiv>
                        <Unicode>sofort,</Unicode>
                    </TextEquiv>
                </Word>
                <Word id="tr_2_tl_46_w4" custom="readingOrder {index:3;}">
                    <Coords points="1316,2447 1316,2507 1386,2507 1386,2447"/>
                    <TextEquiv>
                        <Unicode>der</Unicode>
                    </TextEquiv>
                </Word>
                <Word id="tr_2_tl_46_w5" custom="readingOrder {index:4;}">
                    <Coords points="1407,2452 1407,2512 1478,2512 1478,2452"/>
                    <TextEquiv>
                        <Unicode>muß</Unicode>
                    </TextEquiv>
                </Word>
                <Word id="tr_2_tl_46_w6" custom="readingOrder {index:5;}">
                    <Coords points="1504,2455 1504,2515 1615,2515 1615,2455"/>
                    <TextEquiv>
                        <Unicode>fallen.</Unicode>
                    </TextEquiv>
                </Word>
                <Word id="tr_2_tl_46_w7" custom="readingOrder {index:6;}">
                    <Coords points="1630,2455 1630,2515 1711,2515 1711,2455"/>
                    <TextEquiv>
                        <Unicode>Man</Unicode>
                    </TextEquiv>
                </Word>
                <Word id="tr_2_tl_46_w8" custom="readingOrder {index:7;}">
                    <Coords points="1742,2460 1742,2520 1909,2520 1909,2460"/>
                    <TextEquiv>
                        <Unicode>vergleiche</Unicode>
                    </TextEquiv>
                </Word>
                <Word id="tr_2_tl_46_w9" custom="readingOrder {index:8;}">
                    <Coords points="1935,2462 1935,2522 1980,2522 1980,2462"/>
                    <TextEquiv>
                        <Unicode>die</Unicode>
                    </TextEquiv>
                </Word>
                <TextEquiv>
                    <Unicode>Jeder weiß sofort, der muß fallen. Man vergleiche die</Unicode>
                </TextEquiv>
            </TextLine>
            <TextLine id="tr_2_tl_47" custom="readingOrder {index:46;}">
                <Coords points="166,2514 909,2523 909,2483 825,2470 488,2491 465,2470 166,2472"/>
                <Baseline points="173,2507 210,2507 247,2507 284,2508 321,2509 358,2507 395,2510 432,2510 469,2508 506,2508 543,2510 580,2510 617,2510 654,2512 691,2513 728,2513 765,2513 802,2515 839,2515 876,2515 913,2515"/>
                <Word id="tr_2_tl_47_w1" custom="readingOrder {index:0;}">
                    <Coords points="165,2468 165,2528 460,2528 460,2468"/>
                    <TextEquiv>
                        <Unicode>ebensabgewandt</Unicode>
                    </TextEquiv>
                </Word>
                <Word id="tr_2_tl_47_w2" custom="readingOrder {index:1;}">
                    <Coords points="480,2468 480,2528 489,2528 489,2468"/>
                    <TextEquiv>
                        <Unicode>—</Unicode>
                    </TextEquiv>
                </Word>
                <Word id="tr_2_tl_47_w3" custom="readingOrder {index:2;}">
                    <Coords points="529,2470 529,2530 583,2530 583,2470"/>
                    <TextEquiv>
                        <Unicode>das</Unicode>
                    </TextEquiv>
                </Word>
                <Word id="tr_2_tl_47_w4" custom="readingOrder {index:3;}">
                    <Coords points="603,2471 603,2531 701,2531 701,2471"/>
                    <TextEquiv>
                        <Unicode>Wort</Unicode>
                    </TextEquiv>
                </Word>
                <Word id="tr_2_tl_47_w5" custom="readingOrder {index:4;}">
                    <Coords points="721,2473 721,2533 770,2533 770,2473"/>
                    <TextEquiv>
                        <Unicode>des</Unicode>
                    </TextEquiv>
                </Word>
                <Word id="tr_2_tl_47_w6" custom="readingOrder {index:5;}">
                    <Coords points="795,2475 795,2535 907,2535 907,2475"/>
                    <TextEquiv>
                        <Unicode>fausti¬</Unicode>
                    </TextEquiv>
                </Word>
                <TextEquiv>
                    <Unicode>ebensabgewandt — das Wort des fausti¬</Unicode>
                </TextEquiv>
            </TextLine>
            <TextLine id="tr_2_tl_48" custom="readingOrder {index:47;}">
                <Coords points="962,2525 1982,2548 1973,2508 962,2483"/>
                <Baseline points="969,2515 1019,2521 1070,2522 1121,2524 1172,2524 1222,2526 1273,2529 1324,2527 1375,2530 1425,2531 1476,2533 1527,2533 1578,2531 1628,2532 1679,2536 1730,2536 1781,2536 1831,2540 1882,2541 1933,2541 1984,2539"/>
                <Word id="tr_2_tl_48_w1" custom="readingOrder {index:0;}">
                    <Coords points="961,2481 961,2541 1157,2541 1157,2481"/>
                    <TextEquiv>
                        <Unicode>abgebogene</Unicode>
                    </TextEquiv>
                </Word>
                <Word id="tr_2_tl_48_w2" custom="readingOrder {index:1;}">
                    <Coords points="1195,2488 1195,2548 1363,2548 1363,2488"/>
                    <TextEquiv>
                        <Unicode>Tragödie</Unicode>
                    </TextEquiv>
                </Word>
                <Word id="tr_2_tl_48_w3" custom="readingOrder {index:2;}">
                    <Coords points="1392,2490 1392,2550 1447,2550 1447,2490"/>
                    <TextEquiv>
                        <Unicode>der</Unicode>
                    </TextEquiv>
                </Word>
                <Word id="tr_2_tl_48_w4" custom="readingOrder {index:3;}">
                    <Coords points="1481,2492 1481,2552 1602,2552 1602,2492"/>
                    <TextEquiv>
                        <Unicode>„Ehre“</Unicode>
                    </TextEquiv>
                </Word>
                <Word id="tr_2_tl_48_w5" custom="readingOrder {index:4;}">
                    <Coords points="1635,2496 1635,2556 1874,2556 1874,2496"/>
                    <TextEquiv>
                        <Unicode>Sudermanns</Unicode>
                    </TextEquiv>
                </Word>
                <Word id="tr_2_tl_48_w6" custom="readingOrder {index:5;}">
                    <Coords points="1912,2500 1912,2560 1972,2560 1972,2500"/>
                    <TextEquiv>
                        <Unicode>und</Unicode>
                    </TextEquiv>
                </Word>
                <TextEquiv>
                    <Unicode>abgebogene Tragödie der „Ehre“ Sudermanns und</Unicode>
                </TextEquiv>
            </TextLine>
            <TextLine id="tr_2_tl_49" custom="readingOrder {index:48;}">
                <Coords points="162,2553 918,2578 918,2523 884,2517 162,2516"/>
                <Baseline points="170,2548 207,2545 245,2547 282,2548 320,2549 358,2550 395,2548 433,2548 470,2548 508,2550 546,2551 583,2551 621,2551 658,2554 696,2554 734,2554 771,2554 809,2555 846,2557 884,2554 922,2557"/>
                <Word id="tr_2_tl_49_w1" custom="readingOrder {index:0;}">
                    <Coords points="157,2508 157,2568 172,2568 172,2508"/>
                    <TextEquiv>
                        <Unicode>n</Unicode>
                    </TextEquiv>
                </Word>
                <Word id="tr_2_tl_49_w2" custom="readingOrder {index:1;}">
                    <Coords points="205,2507 205,2567 321,2567 321,2507"/>
                    <TextEquiv>
                        <Unicode>Byron</Unicode>
                    </TextEquiv>
                </Word>
                <Word id="tr_2_tl_49_w3" custom="readingOrder {index:2;}">
                    <Coords points="364,2508 364,2568 427,2568 427,2508"/>
                    <TextEquiv>
                        <Unicode>mit</Unicode>
                    </TextEquiv>
                </Word>
                <Word id="tr_2_tl_49_w4" custom="readingOrder {index:3;}">
                    <Coords points="459,2511 459,2571 730,2571 730,2511"/>
                    <TextEquiv>
                        <Unicode>melancholischem</Unicode>
                    </TextEquiv>
                </Word>
                <Word id="tr_2_tl_49_w5" custom="readingOrder {index:4;}">
                    <Coords points="778,2516 778,2576 900,2576 900,2516"/>
                    <TextEquiv>
                        <Unicode>Lächeln</Unicode>
                    </TextEquiv>
                </Word>
                <TextEquiv>
                    <Unicode>n Byron mit melancholischem Lächeln</Unicode>
                </TextEquiv>
            </TextLine>
            <TextLine id="tr_2_tl_50" custom="readingOrder {index:49;}">
                <Coords points="962,2568 1988,2603 1987,2551 961,2527"/>
                <Baseline points="969,2557 1020,2560 1071,2559 1122,2563 1173,2565 1224,2566 1275,2566 1326,2566 1377,2569 1428,2569 1479,2570 1530,2572 1581,2574 1632,2575 1683,2578 1734,2578 1785,2578 1836,2579 1887,2581 1938,2581 1990,2584"/>
                <Word id="tr_2_tl_50_w1" custom="readingOrder {index:0;}">
                    <Coords points="955,2518 955,2578 1032,2578 1032,2518"/>
                    <TextEquiv>
                        <Unicode>diese</Unicode>
                    </TextEquiv>
                </Word>
                <Word id="tr_2_tl_50_w2" custom="readingOrder {index:1;}">
                    <Coords points="1061,2520 1061,2580 1128,2580 1128,2520"/>
                    <TextEquiv>
                        <Unicode>eine</Unicode>
                    </TextEquiv>
                </Word>
                <Word id="tr_2_tl_50_w3" custom="readingOrder {index:2;}">
                    <Coords points="1168,2526 1168,2586 1287,2586 1287,2526"/>
                    <TextEquiv>
                        <Unicode>knappe</Unicode>
                    </TextEquiv>
                </Word>
                <Word id="tr_2_tl_50_w4" custom="readingOrder {index:3;}">
                    <Coords points="1322,2528 1322,2588 1427,2588 1427,2528"/>
                    <TextEquiv>
                        <Unicode>Szene</Unicode>
                    </TextEquiv>
                </Word>
                <Word id="tr_2_tl_50_w5" custom="readingOrder {index:4;}">
                    <Coords points="1457,2533 1457,2593 1669,2593 1669,2533"/>
                    <TextEquiv>
                        <Unicode>Schnitzlers.</Unicode>
                    </TextEquiv>
                </Word>
                <Word id="tr_2_tl_50_w6" custom="readingOrder {index:5;}">
                    <Coords points="1712,2538 1712,2598 1779,2598 1779,2538"/>
                    <TextEquiv>
                        <Unicode>Und</Unicode>
                    </TextEquiv>
                </Word>
                <Word id="tr_2_tl_50_w7" custom="readingOrder {index:6;}">
                    <Coords points="1814,2539 1814,2599 1876,2599 1876,2539"/>
                    <TextEquiv>
                        <Unicode>wie</Unicode>
                    </TextEquiv>
                </Word>
                <Word id="tr_2_tl_50_w8" custom="readingOrder {index:7;}">
                    <Coords points="1905,2541 1905,2601 1977,2601 1977,2541"/>
                    <TextEquiv>
                        <Unicode>dort</Unicode>
                    </TextEquiv>
                </Word>
                <TextEquiv>
                    <Unicode>diese eine knappe Szene Schnitzlers. Und wie dort</Unicode>
                </TextEquiv>
            </TextLine>
            <TextLine id="tr_2_tl_51" custom="readingOrder {index:50;}">
                <Coords points="960,2608 1810,2652 1979,2638 1978,2594 958,2572"/>
                <Baseline points="967,2599 1017,2599 1068,2600 1119,2602 1169,2604 1220,2607 1271,2606 1321,2605 1372,2608 1423,2611 1474,2612 1524,2614 1575,2614 1626,2614 1676,2617 1727,2617 1778,2620 1828,2620 1879,2621 1930,2623 1981,2626"/>
                <Word id="tr_2_tl_51_w1" custom="readingOrder {index:0;}">
                    <Coords points="953,2559 953,2619 1008,2619 1008,2559"/>
                    <TextEquiv>
                        <Unicode>das</Unicode>
                    </TextEquiv>
                </Word>
                <Word id="tr_2_tl_51_w2" custom="readingOrder {index:1;}">
                    <Coords points="1034,2561 1034,2621 1176,2621 1176,2561"/>
                    <TextEquiv>
                        <Unicode>Problem</Unicode>
                    </TextEquiv>
                </Word>
                <Word id="tr_2_tl_51_w3" custom="readingOrder {index:2;}">
                    <Coords points="1212,2565 1212,2625 1334,2625 1334,2565"/>
                    <TextEquiv>
                        <Unicode>„Ehre“</Unicode>
                    </TextEquiv>
                </Word>
                <Word id="tr_2_tl_51_w4" custom="readingOrder {index:3;}">
                    <Coords points="1360,2568 1360,2628 1411,2628 1411,2568"/>
                    <TextEquiv>
                        <Unicode>bis</Unicode>
                    </TextEquiv>
                </Word>
                <Word id="tr_2_tl_51_w5" custom="readingOrder {index:4;}">
                    <Coords points="1437,2571 1437,2631 1462,2631 1462,2571"/>
                    <TextEquiv>
                        <Unicode>in</Unicode>
                    </TextEquiv>
                </Word>
                <Word id="tr_2_tl_51_w6" custom="readingOrder {index:5;}">
                    <Coords points="1493,2573 1493,2633 1538,2633 1538,2573"/>
                    <TextEquiv>
                        <Unicode>die</Unicode>
                    </TextEquiv>
                </Word>
                <Word id="tr_2_tl_51_w7" custom="readingOrder {index:6;}">
                    <Coords points="1560,2574 1560,2634 1646,2634 1646,2574"/>
                    <TextEquiv>
                        <Unicode>letzte</Unicode>
                    </TextEquiv>
                </Word>
                <Word id="tr_2_tl_51_w8" custom="readingOrder {index:7;}">
                    <Coords points="1666,2579 1666,2639 1875,2639 1875,2579"/>
                    <TextEquiv>
                        <Unicode>Konsequenz</Unicode>
                    </TextEquiv>
                </Word>
                <Word id="tr_2_tl_51_w9" custom="readingOrder {index:8;}">
                    <Coords points="1901,2583 1901,2643 1982,2643 1982,2583"/>
                    <TextEquiv>
                        <Unicode>klar,</Unicode>
                    </TextEquiv>
                </Word>
                <TextEquiv>
                    <Unicode>das Problem „Ehre“ bis in die letzte Konsequenz klar,</Unicode>
                </TextEquiv>
            </TextLine>
            <TextLine id="tr_2_tl_52" custom="readingOrder {index:51;}">
                <Coords points="171,2634 908,2646 907,2596 852,2590 771,2608 652,2583 171,2579"/>
                <Baseline points="179,2623 215,2623 252,2623 288,2623 325,2624 361,2626 398,2626 434,2626 471,2628 507,2629 544,2629 581,2629 617,2629 654,2631 690,2632 727,2632 763,2632 800,2635 836,2633 873,2632 910,2632"/>
                <Word id="tr_2_tl_52_w1" custom="readingOrder {index:0;}">
                    <Coords points="171,2583 171,2643 250,2643 250,2583"/>
                    <TextEquiv>
                        <Unicode>hätte</Unicode>
                    </TextEquiv>
                </Word>
                <Word id="tr_2_tl_52_w2" custom="readingOrder {index:1;}">
                    <Coords points="281,2585 281,2645 407,2645 407,2585"/>
                    <TextEquiv>
                        <Unicode>Arthur</Unicode>
                    </TextEquiv>
                </Word>
                <Word id="tr_2_tl_52_w3" custom="readingOrder {index:2;}">
                    <Coords points="438,2589 438,2649 614,2649 614,2589"/>
                    <TextEquiv>
                        <Unicode>Schnitzler</Unicode>
                    </TextEquiv>
                </Word>
                <Word id="tr_2_tl_52_w4" custom="readingOrder {index:3;}">
                    <Coords points="649,2592 649,2652 745,2652 745,2592"/>
                    <TextEquiv>
                        <Unicode>nichts</Unicode>
                    </TextEquiv>
                </Word>
                <Word id="tr_2_tl_52_w5" custom="readingOrder {index:4;}">
                    <Coords points="781,2592 781,2652 901,2652 901,2592"/>
                    <TextEquiv>
                        <Unicode>andres</Unicode>
                    </TextEquiv>
                </Word>
                <TextEquiv>
                    <Unicode>hätte Arthur Schnitzler nichts andres</Unicode>
                </TextEquiv>
            </TextLine>
            <TextLine id="tr_2_tl_53" custom="readingOrder {index:52;}">
                <Coords points="964,2652 1640,2666 1639,2621 962,2610"/>
                <Baseline points="969,2638 1002,2640 1036,2641 1070,2641 1104,2641 1137,2641 1171,2642 1205,2645 1239,2647 1272,2647 1306,2647 1340,2648 1374,2650 1407,2650 1441,2650 1475,2651 1509,2653 1542,2655 1576,2654 1610,2654 1644,2656"/>
                <Word id="tr_2_tl_53_w1" custom="readingOrder {index:0;}">
                    <Coords points="961,2601 961,2661 1185,2661 1185,2601"/>
                    <TextEquiv>
                        <Unicode>erschütternd,</Unicode>
                    </TextEquiv>
                </Word>
                <Word id="tr_2_tl_53_w2" custom="readingOrder {index:1;}">
                    <Coords points="1201,2607 1201,2667 1414,2667 1414,2607"/>
                    <TextEquiv>
                        <Unicode>bezwingend</Unicode>
                    </TextEquiv>
                </Word>
                <Word id="tr_2_tl_53_w3" custom="readingOrder {index:2;}">
                    <Coords points="1440,2613 1440,2673 1579,2673 1579,2613"/>
                    <TextEquiv>
                        <Unicode>erledigt</Unicode>
                    </TextEquiv>
                </Word>
                <Word id="tr_2_tl_53_w4" custom="readingOrder {index:3;}">
                    <Coords points="1604,2614 1604,2674 1638,2674 1638,2614"/>
                    <TextEquiv>
                        <Unicode>ist</Unicode>
                    </TextEquiv>
                </Word>
                <TextEquiv>
                    <Unicode>erschütternd, bezwingend erledigt ist</Unicode>
                </TextEquiv>
            </TextLine>
            <TextLine id="tr_2_tl_54" custom="readingOrder {index:53;}">
                <Coords points="162,2672 909,2679 908,2640 162,2627"/>
                <Baseline points="170,2665 207,2665 244,2665 281,2666 318,2667 355,2665 392,2665 429,2665 466,2665 503,2666 540,2668 577,2668 614,2668 651,2670 688,2671 725,2671 762,2671 799,2671 836,2674 873,2674 910,2671"/>
                <Word id="tr_2_tl_54_w1" custom="readingOrder {index:0;}">
                    <Coords points="156,2625 156,2685 180,2685 180,2625"/>
                    <TextEquiv>
                        <Unicode>ls</Unicode>
                    </TextEquiv>
                </Word>
                <Word id="tr_2_tl_54_w2" custom="readingOrder {index:1;}">
                    <Coords points="219,2625 219,2685 271,2685 271,2625"/>
                    <TextEquiv>
                        <Unicode>den</Unicode>
                    </TextEquiv>
                </Word>
                <Word id="tr_2_tl_54_w3" custom="readingOrder {index:2;}">
                    <Coords points="310,2625 310,2685 482,2685 482,2625"/>
                    <TextEquiv>
                        <Unicode>genialsten</Unicode>
                    </TextEquiv>
                </Word>
                <Word id="tr_2_tl_54_w4" custom="readingOrder {index:3;}">
                    <Coords points="535,2628 535,2688 693,2688 693,2628"/>
                    <TextEquiv>
                        <Unicode>Einakter</Unicode>
                    </TextEquiv>
                </Word>
                <Word id="tr_2_tl_54_w5" custom="readingOrder {index:4;}">
                    <Coords points="746,2633 746,2693 904,2693 904,2633"/>
                    <TextEquiv>
                        <Unicode>deutscher</Unicode>
                    </TextEquiv>
                </Word>
                <TextEquiv>
                    <Unicode>ls den genialsten Einakter deutscher</Unicode>
                </TextEquiv>
            </TextLine>
            <TextLine id="tr_2_tl_55" custom="readingOrder {index:54;}">
                <Coords points="1043,2690 1981,2710 1959,2651 1043,2647"/>
                <Baseline points="1050,2677 1096,2683 1143,2683 1190,2683 1236,2686 1283,2686 1330,2687 1376,2689 1423,2689 1470,2690 1517,2693 1563,2695 1610,2693 1657,2694 1703,2693 1750,2694 1797,2697 1843,2698 1890,2700 1937,2701 1984,2698"/>
                <Word id="tr_2_tl_55_w1" custom="readingOrder {index:0;}">
                    <Coords points="1038,2639 1038,2699 1102,2699 1102,2639"/>
                    <TextEquiv>
                        <Unicode>Das</Unicode>
                    </TextEquiv>
                </Word>
                <Word id="tr_2_tl_55_w2" custom="readingOrder {index:1;}">
                    <Coords points="1138,2646 1138,2706 1349,2706 1349,2646"/>
                    <TextEquiv>
                        <Unicode>Wienerische</Unicode>
                    </TextEquiv>
                </Word>
                <Word id="tr_2_tl_55_w3" custom="readingOrder {index:2;}">
                    <Coords points="1380,2649 1380,2709 1410,2709 1410,2649"/>
                    <TextEquiv>
                        <Unicode>in</Unicode>
                    </TextEquiv>
                </Word>
                <Word id="tr_2_tl_55_w4" custom="readingOrder {index:3;}">
                    <Coords points="1446,2650 1446,2710 1500,2710 1500,2650"/>
                    <TextEquiv>
                        <Unicode>der</Unicode>
                    </TextEquiv>
                </Word>
                <Word id="tr_2_tl_55_w5" custom="readingOrder {index:4;}">
                    <Coords points="1531,2653 1531,2713 1707,2713 1707,2653"/>
                    <TextEquiv>
                        <Unicode>„Liebelei“</Unicode>
                    </TextEquiv>
                </Word>
                <Word id="tr_2_tl_55_w6" custom="readingOrder {index:5;}">
                    <Coords points="1738,2657 1738,2717 1868,2717 1868,2657"/>
                    <TextEquiv>
                        <Unicode>beweist</Unicode>
                    </TextEquiv>
                </Word>
                <Word id="tr_2_tl_55_w7" custom="readingOrder {index:6;}">
                    <Coords points="1894,2660 1894,2720 1974,2720 1974,2660"/>
                    <TextEquiv>
                        <Unicode>nicht</Unicode>
                    </TextEquiv>
                </Word>
                <TextEquiv>
                    <Unicode>Das Wienerische in der „Liebelei“ beweist nicht</Unicode>
                </TextEquiv>
            </TextLine>
            <TextLine id="tr_2_tl_56" custom="readingOrder {index:55;}">
                <Coords points="153,2713 914,2729 913,2688 875,2677 153,2679"/>
                <Baseline points="161,2701 198,2706 236,2705 274,2704 312,2704 349,2705 387,2707 425,2704 463,2704 500,2704 538,2705 576,2707 614,2707 651,2709 689,2709 727,2711 765,2712 802,2712 840,2712 878,2712 916,2712"/>
                <Word id="tr_2_tl_56_w1" custom="readingOrder {index:0;}">
                    <Coords points="147,2661 147,2721 181,2721 181,2661"/>
                    <TextEquiv>
                        <Unicode>ser</Unicode>
                    </TextEquiv>
                </Word>
                <Word id="tr_2_tl_56_w2" custom="readingOrder {index:1;}">
                    <Coords points="216,2664 216,2724 324,2724 324,2664"/>
                    <TextEquiv>
                        <Unicode>grüne</Unicode>
                    </TextEquiv>
                </Word>
                <Word id="tr_2_tl_56_w3" custom="readingOrder {index:2;}">
                    <Coords points="359,2664 359,2724 527,2724 527,2664"/>
                    <TextEquiv>
                        <Unicode>Kakadu",</Unicode>
                    </TextEquiv>
                </Word>
                <Word id="tr_2_tl_56_w4" custom="readingOrder {index:3;}">
                    <Coords points="552,2667 552,2727 611,2727 611,2667"/>
                    <TextEquiv>
                        <Unicode>sein</Unicode>
                    </TextEquiv>
                </Word>
                <Word id="tr_2_tl_56_w5" custom="readingOrder {index:4;}">
                    <Coords points="651,2669 651,2729 760,2729 760,2669"/>
                    <TextEquiv>
                        <Unicode>Name</Unicode>
                    </TextEquiv>
                </Word>
                <Word id="tr_2_tl_56_w6" custom="readingOrder {index:5;}">
                    <Coords points="795,2672 795,2732 903,2732 903,2672"/>
                    <TextEquiv>
                        <Unicode>stünde</Unicode>
                    </TextEquiv>
                </Word>
                <TextEquiv>
                    <Unicode>ser grüne Kakadu", sein Name stünde</Unicode>
                </TextEquiv>
            </TextLine>
            <TextLine id="tr_2_tl_57" custom="readingOrder {index:56;}">
                <Coords points="955,2731 1975,2757 1975,2720 953,2670"/>
                <Baseline points="961,2718 1011,2718 1062,2721 1113,2721 1164,2723 1215,2724 1266,2726 1316,2727 1367,2727 1418,2727 1469,2728 1520,2730 1571,2732 1622,2733 1672,2733 1723,2736 1774,2739 1825,2738 1876,2737 1927,2739 1978,2739"/>
                <Word id="tr_2_tl_57_w1" custom="readingOrder {index:0;}">
                    <Coords points="957,2678 957,2738 1084,2738 1084,2678"/>
                    <TextEquiv>
                        <Unicode>zuletzt,</Unicode>
                    </TextEquiv>
                </Word>
                <Word id="tr_2_tl_57_w2" custom="readingOrder {index:1;}">
                    <Coords points="1104,2681 1104,2741 1157,2741 1157,2681"/>
                    <TextEquiv>
                        <Unicode>wie</Unicode>
                    </TextEquiv>
                </Word>
                <Word id="tr_2_tl_57_w3" custom="readingOrder {index:2;}">
                    <Coords points="1187,2683 1187,2743 1235,2743 1235,2683"/>
                    <TextEquiv>
                        <Unicode>die</Unicode>
                    </TextEquiv>
                </Word>
                <Word id="tr_2_tl_57_w4" custom="readingOrder {index:3;}">
                    <Coords points="1260,2687 1260,2747 1436,2747 1436,2687"/>
                    <TextEquiv>
                        <Unicode>Romantik</Unicode>
                    </TextEquiv>
                </Word>
                <Word id="tr_2_tl_57_w5" custom="readingOrder {index:4;}">
                    <Coords points="1461,2689 1461,2749 1539,2749 1539,2689"/>
                    <TextEquiv>
                        <Unicode>über</Unicode>
                    </TextEquiv>
                </Word>
                <Word id="tr_2_tl_57_w6" custom="readingOrder {index:5;}">
                    <Coords points="1569,2692 1569,2752 1627,2752 1627,2692"/>
                    <TextEquiv>
                        <Unicode>alle</Unicode>
                    </TextEquiv>
                </Word>
                <Word id="tr_2_tl_57_w7" custom="readingOrder {index:6;}">
                    <Coords points="1652,2696 1652,2756 1818,2756 1818,2696"/>
                    <TextEquiv>
                        <Unicode>Schicksale</Unicode>
                    </TextEquiv>
                </Word>
                <Word id="tr_2_tl_57_w8" custom="readingOrder {index:7;}">
                    <Coords points="1843,2698 1843,2758 1969,2758 1969,2698"/>
                    <TextEquiv>
                        <Unicode>Oester¬</Unicode>
                    </TextEquiv>
                </Word>
                <TextEquiv>
                    <Unicode>zuletzt, wie die Romantik über alle Schicksale Oester¬</Unicode>
                </TextEquiv>
            </TextLine>
            <TextLine id="tr_2_tl_58" custom="readingOrder {index:57;}">
                <Coords points="160,2746 909,2753 909,2730 832,2714 160,2708"/>
                <Baseline points="167,2739 204,2742 241,2742 278,2742 316,2742 353,2742 390,2742 428,2742 465,2744 502,2745 540,2745 577,2745 614,2745 651,2747 689,2748 726,2748 763,2748 801,2748 838,2748 875,2748 913,2748"/>
                <Word id="tr_2_tl_58_w1" custom="readingOrder {index:0;}">
                    <Coords points="160,2702 160,2762 305,2762 305,2702"/>
                    <TextEquiv>
                        <Unicode>Register</Unicode>
                    </TextEquiv>
                </Word>
                <Word id="tr_2_tl_58_w2" custom="readingOrder {index:1;}">
                    <Coords points="331,2702 331,2762 381,2762 381,2702"/>
                    <TextEquiv>
                        <Unicode>der</Unicode>
                    </TextEquiv>
                </Word>
                <Word id="tr_2_tl_58_w3" custom="readingOrder {index:2;}">
                    <Coords points="407,2705 407,2765 665,2765 665,2705"/>
                    <TextEquiv>
                        <Unicode>Unsterblichen.</Unicode>
                    </TextEquiv>
                </Word>
                <Word id="tr_2_tl_58_w4" custom="readingOrder {index:3;}">
                    <Coords points="691,2708 691,2768 786,2768 786,2708"/>
                    <TextEquiv>
                        <Unicode>Diese</Unicode>
                    </TextEquiv>
                </Word>
                <Word id="tr_2_tl_58_w5" custom="readingOrder {index:4;}">
                    <Coords points="817,2708 817,2768 902,2768 902,2708"/>
                    <TextEquiv>
                        <Unicode>Kon¬</Unicode>
                    </TextEquiv>
                </Word>
                <TextEquiv>
                    <Unicode>Register der Unsterblichen. Diese Kon¬</Unicode>
                </TextEquiv>
            </TextLine>
            <TextLine id="tr_2_tl_59" custom="readingOrder {index:58;}">
                <Coords points="953,2761 1962,2787 1942,2742 1834,2736 953,2733"/>
                <Baseline points="961,2757 1011,2760 1061,2761 1111,2763 1162,2763 1212,2763 1262,2765 1312,2769 1363,2769 1413,2769 1463,2770 1513,2772 1564,2772 1614,2772 1664,2774 1714,2775 1765,2775 1815,2775 1865,2778 1915,2779 1966,2778"/>
                <Word id="tr_2_tl_59_w1" custom="readingOrder {index:0;}">
                    <Coords points="953,2719 953,2779 1048,2779 1048,2719"/>
                    <TextEquiv>
                        <Unicode>reichs</Unicode>
                    </TextEquiv>
                </Word>
                <Word id="tr_2_tl_59_w2" custom="readingOrder {index:1;}">
                    <Coords points="1083,2723 1083,2783 1265,2783 1265,2723"/>
                    <TextEquiv>
                        <Unicode>unsterblich</Unicode>
                    </TextEquiv>
                </Word>
                <Word id="tr_2_tl_59_w3" custom="readingOrder {index:2;}">
                    <Coords points="1300,2729 1300,2789 1345,2789 1345,2729"/>
                    <TextEquiv>
                        <Unicode>sich</Unicode>
                    </TextEquiv>
                </Word>
                <Word id="tr_2_tl_59_w4" custom="readingOrder {index:3;}">
                    <Coords points="1376,2729 1376,2789 1497,2789 1497,2729"/>
                    <TextEquiv>
                        <Unicode>erhält.</Unicode>
                    </TextEquiv>
                </Word>
                <Word id="tr_2_tl_59_w5" custom="readingOrder {index:4;}">
                    <Coords points="1532,2732 1532,2792 1592,2792 1592,2732"/>
                    <TextEquiv>
                        <Unicode>Wo</Unicode>
                    </TextEquiv>
                </Word>
                <Word id="tr_2_tl_59_w6" custom="readingOrder {index:5;}">
                    <Coords points="1623,2733 1623,2793 1693,2793 1693,2733"/>
                    <TextEquiv>
                        <Unicode>gibt</Unicode>
                    </TextEquiv>
                </Word>
                <Word id="tr_2_tl_59_w7" custom="readingOrder {index:6;}">
                    <Coords points="1719,2735 1719,2795 1749,2795 1749,2735"/>
                    <TextEquiv>
                        <Unicode>es</Unicode>
                    </TextEquiv>
                </Word>
                <Word id="tr_2_tl_59_w8" custom="readingOrder {index:7;}">
                    <Coords points="1780,2738 1780,2798 1960,2798 1960,2738"/>
                    <TextEquiv>
                        <Unicode>Aktschlüsse</Unicode>
                    </TextEquiv>
                </Word>
                <TextEquiv>
                    <Unicode>reichs unsterblich sich erhält. Wo gibt es Aktschlüsse</Unicode>
                </TextEquiv>
            </TextLine>
            <TextLine id="tr_2_tl_60" custom="readingOrder {index:59;}">
                <Coords points="161,2794 909,2805 900,2755 160,2744"/>
                <Baseline points="167,2778 204,2778 241,2780 278,2781 316,2781 353,2781 390,2781 428,2784 465,2784 502,2784 540,2784 577,2784 614,2784 651,2786 689,2787 726,2787 763,2788 801,2790 838,2790 875,2790 913,2790"/>
                <Word id="tr_2_tl_60_w1" custom="readingOrder {index:0;}">
                    <Coords points="155,2738 155,2798 199,2798 199,2738"/>
                    <TextEquiv>
                        <Unicode>ses</Unicode>
                    </TextEquiv>
                </Word>
                <Word id="tr_2_tl_60_w2" custom="readingOrder {index:1;}">
                    <Coords points="230,2741 230,2801 518,2801 518,2741"/>
                    <TextEquiv>
                        <Unicode>Durchströmtsein</Unicode>
                    </TextEquiv>
                </Word>
                <Word id="tr_2_tl_60_w3" custom="readingOrder {index:2;}">
                    <Coords points="549,2744 549,2804 573,2804 573,2744"/>
                    <TextEquiv>
                        <Unicode>so</Unicode>
                    </TextEquiv>
                </Word>
                <Word id="tr_2_tl_60_w4" custom="readingOrder {index:3;}">
                    <Coords points="599,2746 599,2806 705,2806 705,2746"/>
                    <TextEquiv>
                        <Unicode>vieler</Unicode>
                    </TextEquiv>
                </Word>
                <Word id="tr_2_tl_60_w5" custom="readingOrder {index:4;}">
                    <Coords points="731,2750 731,2810 897,2810 897,2750"/>
                    <TextEquiv>
                        <Unicode>Gestalten</Unicode>
                    </TextEquiv>
                </Word>
                <TextEquiv>
                    <Unicode>ses Durchströmtsein so vieler Gestalten</Unicode>
                </TextEquiv>
            </TextLine>
            <TextLine id="tr_2_tl_61" custom="readingOrder {index:60;}">
                <Coords points="962,2805 1970,2827 1926,2783 961,2768"/>
                <Baseline points="969,2799 1019,2799 1069,2800 1119,2802 1169,2803 1219,2805 1269,2805 1320,2807 1370,2808 1420,2808 1470,2811 1520,2811 1570,2811 1620,2811 1671,2813 1721,2816 1771,2814 1821,2820 1871,2817 1921,2820 1972,2820"/>
                <Word id="tr_2_tl_61_w1" custom="readingOrder {index:0;}">
                    <Coords points="960,2759 960,2819 1010,2819 1010,2759"/>
                    <TextEquiv>
                        <Unicode>wie</Unicode>
                    </TextEquiv>
                </Word>
                <Word id="tr_2_tl_61_w2" custom="readingOrder {index:1;}">
                    <Coords points="1044,2760 1044,2820 1118,2820 1118,2760"/>
                    <TextEquiv>
                        <Unicode>den,</Unicode>
                    </TextEquiv>
                </Word>
                <Word id="tr_2_tl_61_w3" custom="readingOrder {index:2;}">
                    <Coords points="1151,2762 1151,2822 1183,2822 1183,2762"/>
                    <TextEquiv>
                        <Unicode>da</Unicode>
                    </TextEquiv>
                </Word>
                <Word id="tr_2_tl_61_w4" custom="readingOrder {index:3;}">
                    <Coords points="1226,2765 1226,2825 1282,2825 1282,2765"/>
                    <TextEquiv>
                        <Unicode>der</Unicode>
                    </TextEquiv>
                </Word>
                <Word id="tr_2_tl_61_w5" custom="readingOrder {index:4;}">
                    <Coords points="1324,2768 1324,2828 1459,2828 1459,2768"/>
                    <TextEquiv>
                        <Unicode>plötzlich</Unicode>
                    </TextEquiv>
                </Word>
                <Word id="tr_2_tl_61_w6" custom="readingOrder {index:5;}">
                    <Coords points="1502,2771 1502,2831 1735,2831 1735,2771"/>
                    <TextEquiv>
                        <Unicode>vereinsamte,</Unicode>
                    </TextEquiv>
                </Word>
                <Word id="tr_2_tl_61_w7" custom="readingOrder {index:6;}">
                    <Coords points="1759,2777 1759,2837 1969,2837 1969,2777"/>
                    <TextEquiv>
                        <Unicode>todgeweihte</Unicode>
                    </TextEquiv>
                </Word>
                <TextEquiv>
                    <Unicode>wie den, da der plötzlich vereinsamte, todgeweihte</Unicode>
                </TextEquiv>
            </TextLine>
            <TextLine id="tr_2_tl_62" custom="readingOrder {index:61;}">
                <Coords points="160,2823 907,2842 883,2792 160,2794"/>
                <Baseline points="167,2817 204,2820 241,2820 278,2820 315,2820 352,2820 389,2820 427,2822 464,2823 501,2823 538,2823 575,2823 612,2823 649,2825 687,2826 724,2826 761,2827 798,2829 835,2829 872,2829 910,2832"/>
                <Word id="tr_2_tl_62_w1" custom="readingOrder {index:0;}">
                    <Coords points="159,2780 159,2840 316,2840 316,2780"/>
                    <TextEquiv>
                        <Unicode>elsusidee</Unicode>
                    </TextEquiv>
                </Word>
                <Word id="tr_2_tl_62_w2" custom="readingOrder {index:1;}">
                    <Coords points="351,2780 351,2840 404,2840 404,2780"/>
                    <TextEquiv>
                        <Unicode>(die</Unicode>
                    </TextEquiv>
                </Word>
                <Word id="tr_2_tl_62_w3" custom="readingOrder {index:2;}">
                    <Coords points="430,2783 430,2843 498,2843 498,2783"/>
                    <TextEquiv>
                        <Unicode>drei</Unicode>
                    </TextEquiv>
                </Word>
                <Word id="tr_2_tl_62_w4" custom="readingOrder {index:3;}">
                    <Coords points="518,2783 518,2843 670,2843 670,2783"/>
                    <TextEquiv>
                        <Unicode>Einakter</Unicode>
                    </TextEquiv>
                </Word>
                <Word id="tr_2_tl_62_w5" custom="readingOrder {index:4;}">
                    <Coords points="695,2789 695,2849 905,2849 905,2789"/>
                    <TextEquiv>
                        <Unicode>umspannt),</Unicode>
                    </TextEquiv>
                </Word>
                <TextEquiv>
                    <Unicode>elsusidee (die drei Einakter umspannt),</Unicode>
                </TextEquiv>
            </TextLine>
            <TextLine id="tr_2_tl_63" custom="readingOrder {index:62;}">
                <Coords points="965,2847 1970,2869 1970,2831 964,2804"/>
                <Baseline points="972,2838 1022,2841 1072,2841 1122,2842 1172,2845 1222,2845 1272,2846 1322,2847 1372,2847 1422,2847 1472,2850 1522,2851 1572,2853 1622,2855 1672,2854 1722,2855 1772,2856 1822,2856 1872,2859 1922,2859 1972,2859"/>
                <Word id="tr_2_tl_63_w1" custom="readingOrder {index:0;}">
                    <Coords points="958,2799 958,2859 1051,2859 1051,2799"/>
                    <TextEquiv>
                        <Unicode>junge</Unicode>
                    </TextEquiv>
                </Word>
                <Word id="tr_2_tl_63_w2" custom="readingOrder {index:1;}">
                    <Coords points="1076,2802 1076,2862 1198,2862 1198,2802"/>
                    <TextEquiv>
                        <Unicode>Mensch</Unicode>
                    </TextEquiv>
                </Word>
                <Word id="tr_2_tl_63_w3" custom="readingOrder {index:2;}">
                    <Coords points="1223,2806 1223,2866 1414,2866 1414,2806"/>
                    <TextEquiv>
                        <Unicode>aufgerissen</Unicode>
                    </TextEquiv>
                </Word>
                <Word id="tr_2_tl_63_w4" custom="readingOrder {index:3;}">
                    <Coords points="1449,2810 1449,2870 1527,2870 1527,2810"/>
                    <TextEquiv>
                        <Unicode>wird</Unicode>
                    </TextEquiv>
                </Word>
                <Word id="tr_2_tl_63_w5" custom="readingOrder {index:4;}">
                    <Coords points="1552,2813 1552,2873 1640,2873 1640,2813"/>
                    <TextEquiv>
                        <Unicode>durch</Unicode>
                    </TextEquiv>
                </Word>
                <Word id="tr_2_tl_63_w6" custom="readingOrder {index:5;}">
                    <Coords points="1665,2814 1665,2874 1718,2874 1718,2814"/>
                    <TextEquiv>
                        <Unicode>den</Unicode>
                    </TextEquiv>
                </Word>
                <Word id="tr_2_tl_63_w7" custom="readingOrder {index:6;}">
                    <Coords points="1753,2816 1753,2876 1890,2876 1890,2816"/>
                    <TextEquiv>
                        <Unicode>Marsch,</Unicode>
                    </TextEquiv>
                </Word>
                <Word id="tr_2_tl_63_w8" custom="readingOrder {index:7;}">
                    <Coords points="1910,2819 1910,2879 1959,2879 1959,2819"/>
                    <TextEquiv>
                        <Unicode>den</Unicode>
                    </TextEquiv>
                </Word>
                <TextEquiv>
                    <Unicode>junge Mensch aufgerissen wird durch den Marsch, den</Unicode>
                </TextEquiv>
            </TextLine>
            <TextLine id="tr_2_tl_64" custom="readingOrder {index:63;}">
                <Coords points="161,2869 904,2878 903,2839 873,2835 160,2823"/>
                <Baseline points="167,2856 204,2859 241,2861 278,2861 315,2859 352,2859 389,2862 426,2860 463,2859 500,2860 537,2863 574,2865 611,2865 648,2865 685,2865 722,2865 759,2866 796,2868 833,2868 870,2868 907,2865"/>
                <Word id="tr_2_tl_64_w1" custom="readingOrder {index:0;}">
                    <Coords points="164,2821 164,2881 351,2881 351,2821"/>
                    <TextEquiv>
                        <Unicode>Ausschnitt</Unicode>
                    </TextEquiv>
                </Word>
                <Word id="tr_2_tl_64_w2" custom="readingOrder {index:1;}">
                    <Coords points="376,2821 376,2881 430,2881 430,2821"/>
                    <TextEquiv>
                        <Unicode>das</Unicode>
                    </TextEquiv>
                </Word>
                <Word id="tr_2_tl_64_w3" custom="readingOrder {index:2;}">
                    <Coords points="460,2821 460,2881 582,2881 582,2821"/>
                    <TextEquiv>
                        <Unicode>Leben,</Unicode>
                    </TextEquiv>
                </Word>
                <Word id="tr_2_tl_64_w4" custom="readingOrder {index:3;}">
                    <Coords points="603,2825 603,2885 651,2885 651,2825"/>
                    <TextEquiv>
                        <Unicode>die</Unicode>
                    </TextEquiv>
                </Word>
                <Word id="tr_2_tl_64_w5" custom="readingOrder {index:4;}">
                    <Coords points="681,2827 681,2887 893,2887 893,2827"/>
                    <TextEquiv>
                        <Unicode>bewegenden</Unicode>
                    </TextEquiv>
                </Word>
                <TextEquiv>
                    <Unicode>Ausschnitt das Leben, die bewegenden</Unicode>
                </TextEquiv>
            </TextLine>
            <TextLine id="tr_2_tl_65" custom="readingOrder {index:64;}">
                <Coords points="962,2887 1972,2912 1970,2869 1897,2859 962,2847"/>
                <Baseline points="969,2880 1019,2880 1069,2881 1119,2883 1170,2883 1220,2883 1270,2885 1321,2886 1371,2889 1421,2889 1472,2889 1522,2890 1572,2892 1622,2894 1673,2895 1723,2895 1773,2895 1824,2898 1874,2898 1924,2899 1975,2901"/>
                <Word id="tr_2_tl_65_w1" custom="readingOrder {index:0;}">
                    <Coords points="956,2840 956,2900 1010,2900 1010,2840"/>
                    <TextEquiv>
                        <Unicode>sein</Unicode>
                    </TextEquiv>
                </Word>
                <Word id="tr_2_tl_65_w2" custom="readingOrder {index:1;}">
                    <Coords points="1045,2843 1045,2903 1212,2903 1212,2843"/>
                    <TextEquiv>
                        <Unicode>wissender</Unicode>
                    </TextEquiv>
                </Word>
                <Word id="tr_2_tl_65_w3" custom="readingOrder {index:2;}">
                    <Coords points="1247,2845 1247,2905 1379,2905 1379,2845"/>
                    <TextEquiv>
                        <Unicode>Freund</Unicode>
                    </TextEquiv>
                </Word>
                <Word id="tr_2_tl_65_w4" custom="readingOrder {index:3;}">
                    <Coords points="1415,2849 1415,2909 1468,2909 1468,2849"/>
                    <TextEquiv>
                        <Unicode>von</Unicode>
                    </TextEquiv>
                </Word>
                <Word id="tr_2_tl_65_w5" custom="readingOrder {index:4;}">
                    <Coords points="1508,2850 1508,2910 1557,2910 1557,2850"/>
                    <TextEquiv>
                        <Unicode>der</Unicode>
                    </TextEquiv>
                </Word>
                <Word id="tr_2_tl_65_w6" custom="readingOrder {index:5;}">
                    <Coords points="1592,2854 1592,2914 1715,2914 1715,2854"/>
                    <TextEquiv>
                        <Unicode>Straße</Unicode>
                    </TextEquiv>
                </Word>
                <Word id="tr_2_tl_65_w7" custom="readingOrder {index:6;}">
                    <Coords points="1750,2858 1750,2918 1975,2918 1975,2858"/>
                    <TextEquiv>
                        <Unicode>hinaufpfeift,</Unicode>
                    </TextEquiv>
                </Word>
                <TextEquiv>
                    <Unicode>sein wissender Freund von der Straße hinaufpfeift,</Unicode>
                </TextEquiv>
            </TextLine>
            <TextLine id="tr_2_tl_66" custom="readingOrder {index:65;}">
                <Coords points="160,2909 907,2910 878,2869 160,2870"/>
                <Baseline points="167,2895 204,2898 241,2898 278,2898 315,2899 352,2901 389,2901 427,2901 464,2901 501,2901 538,2902 575,2903 612,2903 649,2903 687,2903 724,2903 761,2904 798,2906 835,2906 872,2904 910,2903"/>
                <Word id="tr_2_tl_66_w1" custom="readingOrder {index:0;}">
                    <Coords points="154,2855 154,2915 173,2915 173,2855"/>
                    <TextEquiv>
                        <Unicode>se</Unicode>
                    </TextEquiv>
                </Word>
                <Word id="tr_2_tl_66_w2" custom="readingOrder {index:1;}">
                    <Coords points="198,2858 198,2918 289,2918 289,2858"/>
                    <TextEquiv>
                        <Unicode>einer</Unicode>
                    </TextEquiv>
                </Word>
                <Word id="tr_2_tl_66_w3" custom="readingOrder {index:2;}">
                    <Coords points="318,2861 318,2921 438,2921 438,2861"/>
                    <TextEquiv>
                        <Unicode>ganzen</Unicode>
                    </TextEquiv>
                </Word>
                <Word id="tr_2_tl_66_w4" custom="readingOrder {index:3;}">
                    <Coords points="472,2861 472,2921 588,2921 588,2861"/>
                    <TextEquiv>
                        <Unicode>Epoche</Unicode>
                    </TextEquiv>
                </Word>
                <Word id="tr_2_tl_66_w5" custom="readingOrder {index:4;}">
                    <Coords points="622,2863 622,2923 684,2923 684,2863"/>
                    <TextEquiv>
                        <Unicode>und</Unicode>
                    </TextEquiv>
                </Word>
                <Word id="tr_2_tl_66_w6" custom="readingOrder {index:5;}">
                    <Coords points="713,2863 713,2923 780,2923 780,2863"/>
                    <TextEquiv>
                        <Unicode>ihre</Unicode>
                    </TextEquiv>
                </Word>
                <Word id="tr_2_tl_66_w7" custom="readingOrder {index:6;}">
                    <Coords points="810,2864 810,2924 901,2924 901,2864"/>
                    <TextEquiv>
                        <Unicode>Aus¬</Unicode>
                    </TextEquiv>
                </Word>
                <TextEquiv>
                    <Unicode>se einer ganzen Epoche und ihre Aus¬</Unicode>
                </TextEquiv>
            </TextLine>
            <TextLine id="tr_2_tl_67" custom="readingOrder {index:66;}">
                <Coords points="957,2925 1977,2947 1975,2914 1795,2898 957,2891"/>
                <Baseline points="964,2918 1014,2918 1065,2921 1116,2922 1166,2922 1217,2923 1268,2924 1318,2927 1369,2927 1420,2927 1471,2927 1521,2928 1572,2930 1623,2932 1673,2933 1724,2933 1775,2933 1825,2937 1876,2938 1927,2938 1978,2942"/>
                <Word id="tr_2_tl_67_w1" custom="readingOrder {index:0;}">
                    <Coords points="952,2878 952,2938 986,2938 986,2878"/>
                    <TextEquiv>
                        <Unicode>um</Unicode>
                    </TextEquiv>
                </Word>
                <Word id="tr_2_tl_67_w2" custom="readingOrder {index:1;}">
                    <Coords points="1037,2880 1037,2940 1087,2940 1087,2880"/>
                    <TextEquiv>
                        <Unicode>ihn</Unicode>
                    </TextEquiv>
                </Word>
                <Word id="tr_2_tl_67_w3" custom="readingOrder {index:2;}">
                    <Coords points="1123,2882 1123,2942 1152,2942 1152,2882"/>
                    <TextEquiv>
                        <Unicode>zu</Unicode>
                    </TextEquiv>
                </Word>
                <Word id="tr_2_tl_67_w4" custom="readingOrder {index:3;}">
                    <Coords points="1193,2885 1193,2945 1395,2945 1395,2885"/>
                    <TextEquiv>
                        <Unicode>ermutigen.</Unicode>
                    </TextEquiv>
                </Word>
                <Word id="tr_2_tl_67_w5" custom="readingOrder {index:4;}">
                    <Coords points="1441,2887 1441,2947 1511,2947 1511,2887"/>
                    <TextEquiv>
                        <Unicode>Wie</Unicode>
                    </TextEquiv>
                </Word>
                <Word id="tr_2_tl_67_w6" custom="readingOrder {index:5;}">
                    <Coords points="1542,2890 1542,2950 1637,2950 1637,2890"/>
                    <TextEquiv>
                        <Unicode>fließt</Unicode>
                    </TextEquiv>
                </Word>
                <Word id="tr_2_tl_67_w7" custom="readingOrder {index:6;}">
                    <Coords points="1668,2893 1668,2953 1698,2953 1698,2893"/>
                    <TextEquiv>
                        <Unicode>da</Unicode>
                    </TextEquiv>
                </Word>
                <Word id="tr_2_tl_67_w8" custom="readingOrder {index:7;}">
                    <Coords points="1734,2893 1734,2953 1839,2953 1839,2893"/>
                    <TextEquiv>
                        <Unicode>heiße,</Unicode>
                    </TextEquiv>
                </Word>
                <Word id="tr_2_tl_67_w9" custom="readingOrder {index:8;}">
                    <Coords points="1865,2898 1865,2958 1965,2958 1965,2898"/>
                    <TextEquiv>
                        <Unicode>junge</Unicode>
                    </TextEquiv>
                </Word>
                <TextEquiv>
                    <Unicode>um ihn zu ermutigen. Wie fließt da heiße, junge</Unicode>
                </TextEquiv>
            </TextLine>
            <TextLine id="tr_2_tl_68" custom="readingOrder {index:67;}">
                <Coords points="160,2940 901,2956 901,2912 160,2910"/>
                <Baseline points="167,2933 203,2935 240,2938 277,2938 314,2937 351,2939 388,2939 424,2939 461,2939 498,2939 535,2939 572,2939 609,2942 646,2942 682,2942 719,2943 756,2945 793,2945 830,2945 867,2945 904,2942"/>
                <Word id="tr_2_tl_68_w1" custom="readingOrder {index:0;}">
                    <Coords points="159,2894 159,2954 245,2954 245,2894"/>
                    <TextEquiv>
                        <Unicode>endig</Unicode>
                    </TextEquiv>
                </Word>
                <Word id="tr_2_tl_68_w2" custom="readingOrder {index:1;}">
                    <Coords points="279,2897 279,2957 308,2957 308,2897"/>
                    <TextEquiv>
                        <Unicode>zu</Unicode>
                    </TextEquiv>
                </Word>
                <Word id="tr_2_tl_68_w3" custom="readingOrder {index:2;}">
                    <Coords points="346,2899 346,2959 457,2959 457,2899"/>
                    <TextEquiv>
                        <Unicode>geben,</Unicode>
                    </TextEquiv>
                </Word>
                <Word id="tr_2_tl_68_w4" custom="readingOrder {index:3;}">
                    <Coords points="482,2899 482,2959 539,2959 539,2899"/>
                    <TextEquiv>
                        <Unicode>das</Unicode>
                    </TextEquiv>
                </Word>
                <Word id="tr_2_tl_68_w5" custom="readingOrder {index:4;}">
                    <Coords points="573,2900 573,2960 606,2960 606,2900"/>
                    <TextEquiv>
                        <Unicode>ist</Unicode>
                    </TextEquiv>
                </Word>
                <Word id="tr_2_tl_68_w6" custom="readingOrder {index:5;}">
                    <Coords points="636,2902 636,2962 755,2962 755,2902"/>
                    <TextEquiv>
                        <Unicode>einfach</Unicode>
                    </TextEquiv>
                </Word>
                <Word id="tr_2_tl_68_w7" custom="readingOrder {index:6;}">
                    <Coords points="785,2905 785,2965 900,2965 900,2905"/>
                    <TextEquiv>
                        <Unicode>genial</Unicode>
                    </TextEquiv>
                </Word>
                <TextEquiv>
                    <Unicode>endig zu geben, das ist einfach genial</Unicode>
                </TextEquiv>
            </TextLine>
            <TextLine id="tr_2_tl_69" custom="readingOrder {index:68;}">
                <Coords points="955,2972 1962,2995 1974,2949 953,2925"/>
                <Baseline points="961,2957 1011,2957 1062,2961 1113,2963 1164,2963 1215,2963 1266,2965 1316,2966 1367,2966 1418,2966 1469,2967 1520,2969 1571,2971 1622,2972 1672,2972 1723,2975 1774,2975 1825,2975 1876,2975 1927,2975 1978,2975"/>
                <Word id="tr_2_tl_69_w1" custom="readingOrder {index:0;}">
                    <Coords points="952,2917 952,2977 1036,2977 1036,2917"/>
                    <TextEquiv>
                        <Unicode>Liebe</Unicode>
                    </TextEquiv>
                </Word>
                <Word id="tr_2_tl_69_w2" custom="readingOrder {index:1;}">
                    <Coords points="1061,2922 1061,2982 1114,2982 1114,2922"/>
                    <TextEquiv>
                        <Unicode>zum</Unicode>
                    </TextEquiv>
                </Word>
                <Word id="tr_2_tl_69_w3" custom="readingOrder {index:2;}">
                    <Coords points="1154,2923 1154,2983 1272,2983 1272,2923"/>
                    <TextEquiv>
                        <Unicode>Leben,</Unicode>
                    </TextEquiv>
                </Word>
                <Word id="tr_2_tl_69_w4" custom="readingOrder {index:3;}">
                    <Coords points="1293,2926 1293,2986 1544,2986 1544,2926"/>
                    <TextEquiv>
                        <Unicode>Tragikomödie</Unicode>
                    </TextEquiv>
                </Word>
                <Word id="tr_2_tl_69_w5" custom="readingOrder {index:4;}">
                    <Coords points="1569,2931 1569,2991 1618,2991 1618,2931"/>
                    <TextEquiv>
                        <Unicode>des</Unicode>
                    </TextEquiv>
                </Word>
                <Word id="tr_2_tl_69_w6" custom="readingOrder {index:5;}">
                    <Coords points="1644,2935 1644,2995 1830,2995 1830,2935"/>
                    <TextEquiv>
                        <Unicode>Schicksals,</Unicode>
                    </TextEquiv>
                </Word>
                <Word id="tr_2_tl_69_w7" custom="readingOrder {index:6;}">
                    <Coords points="1851,2935 1851,2995 1959,2995 1959,2935"/>
                    <TextEquiv>
                        <Unicode>Wissen</Unicode>
                    </TextEquiv>
                </Word>
                <TextEquiv>
                    <Unicode>Liebe zum Leben, Tragikomödie des Schicksals, Wissen</Unicode>
                </TextEquiv>
            </TextLine>
            <TextLine id="tr_2_tl_70" custom="readingOrder {index:69;}">
                <Coords points="158,2985 901,2999 877,2949 157,2939"/>
                <Baseline points="164,2975 201,2972 238,2974 275,2976 312,2978 349,2978 386,2978 423,2976 460,2977 497,2979 534,2981 571,2981 608,2978 645,2980 682,2981 719,2982 756,2984 793,2984 830,2984 867,2984 904,2984"/>
                <Word id="tr_2_tl_70_w1" custom="readingOrder {index:0;}">
                    <Coords points="151,2934 151,2994 195,2994 195,2934"/>
                    <TextEquiv>
                        <Unicode>ler</Unicode>
                    </TextEquiv>
                </Word>
                <Word id="tr_2_tl_70_w2" custom="readingOrder {index:1;}">
                    <Coords points="220,2938 220,2998 417,2998 417,2938"/>
                    <TextEquiv>
                        <Unicode>Einfachheit</Unicode>
                    </TextEquiv>
                </Word>
                <Word id="tr_2_tl_70_w3" custom="readingOrder {index:2;}">
                    <Coords points="437,2937 437,2997 486,2997 486,2937"/>
                    <TextEquiv>
                        <Unicode>bei</Unicode>
                    </TextEquiv>
                </Word>
                <Word id="tr_2_tl_70_w4" custom="readingOrder {index:3;}">
                    <Coords points="511,2940 511,3000 638,3000 638,2940"/>
                    <TextEquiv>
                        <Unicode>höchster</Unicode>
                    </TextEquiv>
                </Word>
                <Word id="tr_2_tl_70_w5" custom="readingOrder {index:4;}">
                    <Coords points="664,2944 664,3004 899,3004 899,2944"/>
                    <TextEquiv>
                        <Unicode>Kompliziert¬</Unicode>
                    </TextEquiv>
                </Word>
                <TextEquiv>
                    <Unicode>ler Einfachheit bei höchster Kompliziert¬</Unicode>
                </TextEquiv>
            </TextLine>
            <TextLine id="tr_2_tl_71" custom="readingOrder {index:70;}">
                <Coords points="957,3004 1970,3029 1969,2996 1887,2978 957,2973"/>
                <Baseline points="964,2996 1014,2999 1064,3002 1115,3002 1165,3002 1216,3002 1266,3004 1316,3005 1367,3008 1417,3008 1468,3012 1518,3013 1568,3011 1619,3011 1669,3011 1720,3014 1770,3014 1820,3014 1871,3015 1921,3016 1972,3014"/>
                <Word id="tr_2_tl_71_w1" custom="readingOrder {index:0;}">
                    <Coords points="951,2956 951,3016 988,3016 988,2956"/>
                    <TextEquiv>
                        <Unicode>um</Unicode>
                    </TextEquiv>
                </Word>
                <Word id="tr_2_tl_71_w2" custom="readingOrder {index:1;}">
                    <Coords points="1026,2961 1026,3021 1077,3021 1077,2961"/>
                    <TextEquiv>
                        <Unicode>den</Unicode>
                    </TextEquiv>
                </Word>
                <Word id="tr_2_tl_71_w3" custom="readingOrder {index:2;}">
                    <Coords points="1110,2962 1110,3022 1175,3022 1175,2962"/>
                    <TextEquiv>
                        <Unicode>Tod</Unicode>
                    </TextEquiv>
                </Word>
                <Word id="tr_2_tl_71_w4" custom="readingOrder {index:3;}">
                    <Coords points="1203,2962 1203,3022 1226,3022 1226,2962"/>
                    <TextEquiv>
                        <Unicode>in</Unicode>
                    </TextEquiv>
                </Word>
                <Word id="tr_2_tl_71_w5" custom="readingOrder {index:4;}">
                    <Coords points="1259,2964 1259,3024 1310,3024 1310,2964"/>
                    <TextEquiv>
                        <Unicode>der</Unicode>
                    </TextEquiv>
                </Word>
                <Word id="tr_2_tl_71_w6" custom="readingOrder {index:5;}">
                    <Coords points="1339,2968 1339,3028 1469,3028 1469,2968"/>
                    <TextEquiv>
                        <Unicode>Jugend</Unicode>
                    </TextEquiv>
                </Word>
                <Word id="tr_2_tl_71_w7" custom="readingOrder {index:6;}">
                    <Coords points="1498,2971 1498,3031 1675,3031 1675,2971"/>
                    <TextEquiv>
                        <Unicode>zusammen</Unicode>
                    </TextEquiv>
                </Word>
                <Word id="tr_2_tl_71_w8" custom="readingOrder {index:7;}">
                    <Coords points="1708,2973 1708,3033 1731,3033 1731,2973"/>
                    <TextEquiv>
                        <Unicode>in</Unicode>
                    </TextEquiv>
                </Word>
                <Word id="tr_2_tl_71_w9" custom="readingOrder {index:8;}">
                    <Coords points="1764,2974 1764,3034 1829,3034 1829,2974"/>
                    <TextEquiv>
                        <Unicode>eine</Unicode>
                    </TextEquiv>
                </Word>
                <Word id="tr_2_tl_71_w10" custom="readingOrder {index:9;}">
                    <Coords points="1857,2975 1857,3035 1964,3035 1964,2975"/>
                    <TextEquiv>
                        <Unicode>Melo¬</Unicode>
                    </TextEquiv>
                </Word>
                <TextEquiv>
                    <Unicode>um den Tod in der Jugend zusammen in eine Melo¬</Unicode>
                </TextEquiv>
            </TextLine>
            <TextLine id="tr_2_tl_72" custom="readingOrder {index:71;}">
                <Coords points="157,3026 796,3049 896,3039 895,2994 156,2985"/>
                <Baseline points="164,3014 200,3014 237,3016 274,3017 310,3017 347,3017 384,3017 420,3017 457,3017 494,3018 531,3020 567,3020 604,3020 641,3020 677,3020 714,3020 751,3020 787,3023 824,3023 861,3023 898,3023"/>
                <Word id="tr_2_tl_72_w1" custom="readingOrder {index:0;}">
                    <Coords points="156,2975 156,3035 291,3035 291,2975"/>
                    <TextEquiv>
                        <Unicode>nklichen</Unicode>
                    </TextEquiv>
                </Word>
                <Word id="tr_2_tl_72_w2" custom="readingOrder {index:1;}">
                    <Coords points="332,2977 332,3037 391,3037 391,2977"/>
                    <TextEquiv>
                        <Unicode>und</Unicode>
                    </TextEquiv>
                </Word>
                <Word id="tr_2_tl_72_w3" custom="readingOrder {index:2;}">
                    <Coords points="427,2977 427,3037 477,3037 477,2977"/>
                    <TextEquiv>
                        <Unicode>des</Unicode>
                    </TextEquiv>
                </Word>
                <Word id="tr_2_tl_72_w4" custom="readingOrder {index:3;}">
                    <Coords points="518,2980 518,3040 789,3040 789,2980"/>
                    <TextEquiv>
                        <Unicode>revolutionären</Unicode>
                    </TextEquiv>
                </Word>
                <Word id="tr_2_tl_72_w5" custom="readingOrder {index:4;}">
                    <Coords points="829,2983 829,3043 894,3043 894,2983"/>
                    <TextEquiv>
                        <Unicode>Ge¬</Unicode>
                    </TextEquiv>
                </Word>
                <TextEquiv>
                    <Unicode>nklichen und des revolutionären Ge¬</Unicode>
                </TextEquiv>
            </TextLine>
            <TextLine id="tr_2_tl_73" custom="readingOrder {index:72;}">
                <Coords points="953,3048 1973,3066 1972,3029 1882,3017 953,3003"/>
                <Baseline points="961,3038 1011,3038 1062,3038 1113,3040 1163,3041 1214,3043 1265,3044 1315,3047 1366,3046 1417,3045 1468,3047 1518,3047 1569,3049 1620,3053 1670,3053 1721,3053 1772,3053 1822,3053 1873,3055 1924,3056 1975,3056"/>
                <Word id="tr_2_tl_73_w1" custom="readingOrder {index:0;}">
                    <Coords points="952,2998 952,3058 1009,3058 1009,2998"/>
                    <TextEquiv>
                        <Unicode>die,</Unicode>
                    </TextEquiv>
                </Word>
                <Word id="tr_2_tl_73_w2" custom="readingOrder {index:1;}">
                    <Coords points="1044,2998 1044,3058 1072,3058 1072,2998"/>
                    <TextEquiv>
                        <Unicode>so</Unicode>
                    </TextEquiv>
                </Word>
                <Word id="tr_2_tl_73_w3" custom="readingOrder {index:2;}">
                    <Coords points="1116,3003 1116,3063 1366,3063 1366,3003"/>
                    <TextEquiv>
                        <Unicode>unvergeßlich,</Unicode>
                    </TextEquiv>
                </Word>
                <Word id="tr_2_tl_73_w4" custom="readingOrder {index:3;}">
                    <Coords points="1400,3005 1400,3065 1462,3065 1462,3005"/>
                    <TextEquiv>
                        <Unicode>wie</Unicode>
                    </TextEquiv>
                </Word>
                <Word id="tr_2_tl_73_w5" custom="readingOrder {index:4;}">
                    <Coords points="1506,3007 1506,3067 1553,3067 1553,3007"/>
                    <TextEquiv>
                        <Unicode>die</Unicode>
                    </TextEquiv>
                </Word>
                <Word id="tr_2_tl_73_w6" custom="readingOrder {index:5;}">
                    <Coords points="1597,3013 1597,3073 1741,3073 1741,3013"/>
                    <TextEquiv>
                        <Unicode>Sorma,</Unicode>
                    </TextEquiv>
                </Word>
                <Word id="tr_2_tl_73_w7" custom="readingOrder {index:6;}">
                    <Coords points="1780,3013 1780,3073 1828,3073 1828,3013"/>
                    <TextEquiv>
                        <Unicode>die</Unicode>
                    </TextEquiv>
                </Word>
                <Word id="tr_2_tl_73_w8" custom="readingOrder {index:7;}">
                    <Coords points="1872,3015 1872,3075 1967,3075 1967,3015"/>
                    <TextEquiv>
                        <Unicode>holde</Unicode>
                    </TextEquiv>
                </Word>
                <TextEquiv>
                    <Unicode>die, so unvergeßlich, wie die Sorma, die holde</Unicode>
                </TextEquiv>
            </TextLine>
            <TextLine id="tr_2_tl_74" custom="readingOrder {index:73;}">
                <Coords points="958,3125 1134,3082 1977,3104 1953,3061 957,3044"/>
                <Baseline points="964,3077 1014,3077 1065,3080 1116,3080 1166,3082 1217,3083 1268,3083 1318,3086 1369,3086 1420,3086 1471,3087 1521,3089 1572,3089 1623,3091 1673,3089 1724,3092 1775,3092 1825,3093 1876,3095 1927,3095 1978,3095"/>
                <Word id="tr_2_tl_74_w1" custom="readingOrder {index:0;}">
                    <Coords points="960,3038 960,3098 1128,3098 1128,3038"/>
                    <TextEquiv>
                        <Unicode>Christine,</Unicode>
                    </TextEquiv>
                </Word>
                <Word id="tr_2_tl_74_w2" custom="readingOrder {index:1;}">
                    <Coords points="1148,3042 1148,3102 1194,3102 1194,3042"/>
                    <TextEquiv>
                        <Unicode>die</Unicode>
                    </TextEquiv>
                </Word>
                <Word id="tr_2_tl_74_w3" custom="readingOrder {index:2;}">
                    <Coords points="1221,3043 1221,3103 1311,3103 1311,3043"/>
                    <TextEquiv>
                        <Unicode>keine</Unicode>
                    </TextEquiv>
                </Word>
                <Word id="tr_2_tl_74_w4" custom="readingOrder {index:3;}">
                    <Coords points="1338,3047 1338,3107 1606,3107 1606,3047"/>
                    <TextEquiv>
                        <Unicode>Oesterreicherin</Unicode>
                    </TextEquiv>
                </Word>
                <Word id="tr_2_tl_74_w5" custom="readingOrder {index:4;}">
                    <Coords points="1640,3049 1640,3109 1704,3109 1704,3049"/>
                    <TextEquiv>
                        <Unicode>war</Unicode>
                    </TextEquiv>
                </Word>
                <Word id="tr_2_tl_74_w6" custom="readingOrder {index:5;}">
                    <Coords points="1737,3052 1737,3112 1796,3112 1796,3052"/>
                    <TextEquiv>
                        <Unicode>und</Unicode>
                    </TextEquiv>
                </Word>
                <Word id="tr_2_tl_74_w7" custom="readingOrder {index:6;}">
                    <Coords points="1829,3055 1829,3115 1959,3115 1959,3055"/>
                    <TextEquiv>
                        <Unicode>dennoch</Unicode>
                    </TextEquiv>
                </Word>
                <TextEquiv>
                    <Unicode>Christine, die keine Oesterreicherin war und dennoch</Unicode>
                </TextEquiv>
            </TextLine>
            <TextLine id="tr_2_tl_75" custom="readingOrder {index:74;}">
                <Coords points="148,3098 895,3104 895,3065 860,3057 630,3065 507,3025 452,3051 277,3035 148,3057"/>
                <Baseline points="155,3089 192,3092 229,3092 266,3092 303,3092 340,3092 377,3092 415,3094 452,3095 489,3095 526,3096 563,3097 600,3097 637,3097 675,3097 712,3097 749,3098 786,3100 823,3100 860,3098 898,3097"/>
                <Word id="tr_2_tl_75_w1" custom="readingOrder {index:0;}">
                    <Coords points="150,3049 150,3109 168,3109 168,3049"/>
                    <TextEquiv>
                        <Unicode>t</Unicode>
                    </TextEquiv>
                </Word>
                <Word id="tr_2_tl_75_w2" custom="readingOrder {index:1;}">
                    <Coords points="181,3052 181,3112 218,3112 218,3052"/>
                    <TextEquiv>
                        <Unicode>er</Unicode>
                    </TextEquiv>
                </Word>
                <Word id="tr_2_tl_75_w3" custom="readingOrder {index:2;}">
                    <Coords points="244,3052 244,3112 388,3112 388,3052"/>
                    <TextEquiv>
                        <Unicode>Schleier</Unicode>
                    </TextEquiv>
                </Word>
                <Word id="tr_2_tl_75_w4" custom="readingOrder {index:3;}">
                    <Coords points="407,3055 407,3115 564,3115 564,3055"/>
                    <TextEquiv>
                        <Unicode>gelüftet,</Unicode>
                    </TextEquiv>
                </Word>
                <Word id="tr_2_tl_75_w5" custom="readingOrder {index:4;}">
                    <Coords points="577,3057 577,3117 696,3117 696,3057"/>
                    <TextEquiv>
                        <Unicode>immer</Unicode>
                    </TextEquiv>
                </Word>
                <Word id="tr_2_tl_75_w6" custom="readingOrder {index:5;}">
                    <Coords points="715,3058 715,3118 790,3118 790,3058"/>
                    <TextEquiv>
                        <Unicode>jene</Unicode>
                    </TextEquiv>
                </Word>
                <Word id="tr_2_tl_75_w7" custom="readingOrder {index:6;}">
                    <Coords points="816,3058 816,3118 897,3118 897,3058"/>
                    <TextEquiv>
                        <Unicode>Ein¬</Unicode>
                    </TextEquiv>
                </Word>
                <TextEquiv>
                    <Unicode>t er Schleier gelüftet, immer jene Ein¬</Unicode>
                </TextEquiv>
            </TextLine>
            <TextLine id="tr_2_tl_76" custom="readingOrder {index:75;}">
                <Coords points="1055,3122 1295,3164 1368,3127 1970,3151 1969,3105 1935,3098 1805,3125 1712,3094 1055,3092"/>
                <Baseline points="1062,3115 1107,3118 1153,3124 1198,3124 1244,3124 1289,3124 1335,3127 1380,3124 1426,3127 1471,3130 1517,3130 1562,3130 1608,3130 1653,3130 1699,3131 1744,3133 1790,3133 1835,3133 1881,3134 1926,3136 1972,3139"/>
                <Word id="tr_2_tl_76_w1" custom="readingOrder {index:0;}">
                    <Coords points="1055,3084 1055,3144 1340,3144 1340,3084"/>
                    <TextEquiv>
                        <Unicode>nachschöpferische</Unicode>
                    </TextEquiv>
                </Word>
                <Word id="tr_2_tl_76_w2" custom="readingOrder {index:1;}">
                    <Coords points="1397,3090 1397,3150 1605,3150 1605,3090"/>
                    <TextEquiv>
                        <Unicode>Vollendung</Unicode>
                    </TextEquiv>
                </Word>
                <Word id="tr_2_tl_76_w3" custom="readingOrder {index:2;}">
                    <Coords points="1678,3092 1678,3152 1776,3152 1776,3092"/>
                    <TextEquiv>
                        <Unicode>dieser</Unicode>
                    </TextEquiv>
                </Word>
                <Word id="tr_2_tl_76_w4" custom="readingOrder {index:3;}">
                    <Coords points="1839,3095 1839,3155 1968,3155 1968,3095"/>
                    <TextEquiv>
                        <Unicode>Gestalt</Unicode>
                    </TextEquiv>
                </Word>
                <TextEquiv>
                    <Unicode>nachschöpferische Vollendung dieser Gestalt</Unicode>
                </TextEquiv>
            </TextLine>
            <TextLine id="tr_2_tl_77" custom="readingOrder {index:76;}">
                <Coords points="153,3142 901,3142 887,3103 153,3096"/>
                <Baseline points="161,3127 198,3130 235,3130 272,3130 309,3131 346,3133 383,3133 421,3133 458,3133 495,3133 532,3133 569,3133 606,3136 643,3136 681,3138 718,3139 755,3139 792,3139 829,3139 866,3139 904,3139"/>
                <Word id="tr_2_tl_77_w1" custom="readingOrder {index:0;}">
                    <Coords points="152,3090 152,3150 316,3150 316,3090"/>
                    <TextEquiv>
                        <Unicode>purpurne</Unicode>
                    </TextEquiv>
                </Word>
                <Word id="tr_2_tl_77_w2" custom="readingOrder {index:1;}">
                    <Coords points="350,3093 350,3153 485,3153 485,3093"/>
                    <TextEquiv>
                        <Unicode>Dunkel</Unicode>
                    </TextEquiv>
                </Word>
                <Word id="tr_2_tl_77_w3" custom="readingOrder {index:2;}">
                    <Coords points="509,3093 509,3153 562,3153 562,3093"/>
                    <TextEquiv>
                        <Unicode>der</Unicode>
                    </TextEquiv>
                </Word>
                <Word id="tr_2_tl_77_w4" custom="readingOrder {index:3;}">
                    <Coords points="591,3096 591,3156 711,3156 711,3096"/>
                    <TextEquiv>
                        <Unicode>Seelen</Unicode>
                    </TextEquiv>
                </Word>
                <Word id="tr_2_tl_77_w5" custom="readingOrder {index:4;}">
                    <Coords points="751,3099 751,3159 798,3159 798,3099"/>
                    <TextEquiv>
                        <Unicode>sich</Unicode>
                    </TextEquiv>
                </Word>
                <Word id="tr_2_tl_77_w6" custom="readingOrder {index:5;}">
                    <Coords points="833,3099 833,3159 895,3159 895,3099"/>
                    <TextEquiv>
                        <Unicode>und</Unicode>
                    </TextEquiv>
                </Word>
                <TextEquiv>
                    <Unicode>purpurne Dunkel der Seelen sich und</Unicode>
                </TextEquiv>
            </TextLine>
            <TextLine id="tr_2_tl_78" custom="readingOrder {index:77;}">
                <Coords points="957,3177 982,3162 1013,3178 1040,3168 1073,3182 1090,3172 1157,3173 1166,3170 1166,3131 1069,3127 1039,3109 995,3126 956,3126"/>
                <Baseline points="964,3157 989,3157 1015,3157 1040,3157 1066,3158 1092,3160 1117,3160 1143,3160 1169,3160"/>
                <Word id="tr_2_tl_78_w1" custom="readingOrder {index:0;}">
                    <Coords points="956,3117 956,3177 1159,3177 1159,3117"/>
                    <TextEquiv>
                        <Unicode>Schnitzlers.</Unicode>
                    </TextEquiv>
                </Word>
                <TextEquiv>
                    <Unicode>Schnitzlers.</Unicode>
                </TextEquiv>
            </TextLine>
            <TextLine id="tr_2_tl_79" custom="readingOrder {index:78;}">
                <Coords points="153,3182 855,3190 886,3186 886,3143 152,3142"/>
                <Baseline points="161,3166 197,3168 233,3169 270,3170 306,3172 343,3172 379,3172 415,3172 452,3174 488,3175 525,3175 561,3175 597,3175 634,3175 670,3175 707,3175 743,3175 779,3177 816,3178 852,3178 889,3175"/>
                <Word id="tr_2_tl_79_w1" custom="readingOrder {index:0;}">
                    <Coords points="151,3127 151,3187 208,3187 208,3127"/>
                    <TextEquiv>
                        <Unicode>und</Unicode>
                    </TextEquiv>
                </Word>
                <Word id="tr_2_tl_79_w2" custom="readingOrder {index:1;}">
                    <Coords points="232,3131 232,3191 357,3191 357,3131"/>
                    <TextEquiv>
                        <Unicode>Hörern</Unicode>
                    </TextEquiv>
                </Word>
                <Word id="tr_2_tl_79_w3" custom="readingOrder {index:2;}">
                    <Coords points="386,3134 386,3194 544,3194 544,3134"/>
                    <TextEquiv>
                        <Unicode>geöffnet.</Unicode>
                    </TextEquiv>
                </Word>
                <Word id="tr_2_tl_79_w4" custom="readingOrder {index:3;}">
                    <Coords points="569,3135 569,3195 640,3195 640,3135"/>
                    <TextEquiv>
                        <Unicode>Und</Unicode>
                    </TextEquiv>
                </Word>
                <Word id="tr_2_tl_79_w5" custom="readingOrder {index:4;}">
                    <Coords points="669,3135 669,3195 784,3195 784,3135"/>
                    <TextEquiv>
                        <Unicode>immer</Unicode>
                    </TextEquiv>
                </Word>
                <Word id="tr_2_tl_79_w6" custom="readingOrder {index:5;}">
                    <Coords points="809,3138 809,3198 885,3198 885,3138"/>
                    <TextEquiv>
                        <Unicode>wirk</Unicode>
                    </TextEquiv>
                </Word>
                <TextEquiv>
                    <Unicode>und Hörern geöffnet. Und immer wirk</Unicode>
                </TextEquiv>
            </TextLine>
            <TextLine id="tr_2_tl_80" custom="readingOrder {index:79;}">
                <Coords points="160,3216 896,3230 895,3185 160,3178"/>
                <Baseline points="167,3205 203,3207 240,3210 276,3211 313,3211 349,3211 386,3211 422,3211 459,3211 495,3212 532,3214 569,3214 605,3214 642,3214 678,3214 715,3214 751,3214 788,3217 824,3217 861,3217 898,3220"/>
                <Word id="tr_2_tl_80_w1" custom="readingOrder {index:0;}">
                    <Coords points="164,3166 164,3226 235,3226 235,3166"/>
                    <TextEquiv>
                        <Unicode>Weg</Unicode>
                    </TextEquiv>
                </Word>
                <Word id="tr_2_tl_80_w2" custom="readingOrder {index:1;}">
                    <Coords points="270,3171 270,3231 447,3231 447,3171"/>
                    <TextEquiv>
                        <Unicode>bezeichnet</Unicode>
                    </TextEquiv>
                </Word>
                <Word id="tr_2_tl_80_w3" custom="readingOrder {index:2;}">
                    <Coords points="477,3173 477,3233 563,3233 563,3173"/>
                    <TextEquiv>
                        <Unicode>durch</Unicode>
                    </TextEquiv>
                </Word>
                <Word id="tr_2_tl_80_w4" custom="readingOrder {index:3;}">
                    <Coords points="602,3174 602,3234 683,3234 683,3174"/>
                    <TextEquiv>
                        <Unicode>zwei</Unicode>
                    </TextEquiv>
                </Word>
                <Word id="tr_2_tl_80_w5" custom="readingOrder {index:4;}">
                    <Coords points="712,3177 712,3237 900,3237 900,3177"/>
                    <TextEquiv>
                        <Unicode>Gestalten,</Unicode>
                    </TextEquiv>
                </Word>
                <TextEquiv>
                    <Unicode>Weg bezeichnet durch zwei Gestalten,</Unicode>
                </TextEquiv>
            </TextLine>
            <TextLine id="tr_2_tl_81" custom="readingOrder {index:80;}">
                <Coords points="1022,3222 1964,3233 1938,3177 1022,3170"/>
                <Baseline points="1029,3208 1075,3208 1122,3211 1169,3211 1216,3211 1263,3211 1310,3211 1356,3212 1403,3214 1450,3215 1497,3217 1544,3218 1591,3220 1638,3220 1684,3220 1731,3222 1778,3223 1825,3223 1872,3225 1919,3226 1966,3223"/>
                <Word id="tr_2_tl_81_w1" custom="readingOrder {index:0;}">
                    <Coords points="1022,3168 1022,3228 1092,3228 1092,3168"/>
                    <TextEquiv>
                        <Unicode>Man</Unicode>
                    </TextEquiv>
                </Word>
                <Word id="tr_2_tl_81_w2" custom="readingOrder {index:1;}">
                    <Coords points="1128,3171 1128,3231 1184,3231 1184,3171"/>
                    <TextEquiv>
                        <Unicode>hat</Unicode>
                    </TextEquiv>
                </Word>
                <Word id="tr_2_tl_81_w3" custom="readingOrder {index:2;}">
                    <Coords points="1205,3171 1205,3231 1382,3231 1382,3171"/>
                    <TextEquiv>
                        <Unicode>Schnitzler</Unicode>
                    </TextEquiv>
                </Word>
                <Word id="tr_2_tl_81_w4" custom="readingOrder {index:3;}">
                    <Coords points="1413,3177 1413,3237 1611,3237 1611,3177"/>
                    <TextEquiv>
                        <Unicode>nachgesagt,</Unicode>
                    </TextEquiv>
                </Word>
                <Word id="tr_2_tl_81_w5" custom="readingOrder {index:4;}">
                    <Coords points="1632,3180 1632,3240 1677,3240 1677,3180"/>
                    <TextEquiv>
                        <Unicode>die</Unicode>
                    </TextEquiv>
                </Word>
                <Word id="tr_2_tl_81_w6" custom="readingOrder {index:5;}">
                    <Coords points="1704,3182 1704,3242 1830,3242 1830,3182"/>
                    <TextEquiv>
                        <Unicode>Tragik</Unicode>
                    </TextEquiv>
                </Word>
                <Word id="tr_2_tl_81_w7" custom="readingOrder {index:6;}">
                    <Coords points="1856,3185 1856,3245 1957,3245 1957,3185"/>
                    <TextEquiv>
                        <Unicode>seiner</Unicode>
                    </TextEquiv>
                </Word>
                <TextEquiv>
                    <Unicode>Man hat Schnitzler nachgesagt, die Tragik seiner</Unicode>
                </TextEquiv>
            </TextLine>
            <TextLine id="tr_2_tl_82" custom="readingOrder {index:81;}">
                <Coords points="166,3252 888,3262 888,3229 790,3220 688,3239 590,3214 509,3234 471,3213 166,3214"/>
                <Baseline points="173,3247 210,3250 248,3250 286,3248 324,3248 362,3250 400,3250 437,3250 475,3250 513,3252 551,3253 589,3253 627,3253 664,3256 702,3256 740,3256 778,3256 816,3256 854,3256 892,3256"/>
                <Word id="tr_2_tl_82_w1" custom="readingOrder {index:0;}">
                    <Coords points="174,3209 174,3269 234,3269 234,3209"/>
                    <TextEquiv>
                        <Unicode>und</Unicode>
                    </TextEquiv>
                </Word>
                <Word id="tr_2_tl_82_w2" custom="readingOrder {index:1;}">
                    <Coords points="263,3208 263,3268 309,3268 309,3208"/>
                    <TextEquiv>
                        <Unicode>den</Unicode>
                    </TextEquiv>
                </Word>
                <Word id="tr_2_tl_82_w3" custom="readingOrder {index:2;}">
                    <Coords points="342,3210 342,3270 439,3270 439,3210"/>
                    <TextEquiv>
                        <Unicode>Herrn</Unicode>
                    </TextEquiv>
                </Word>
                <Word id="tr_2_tl_82_w4" custom="readingOrder {index:3;}">
                    <Coords points="472,3210 472,3270 500,3270 500,3210"/>
                    <TextEquiv>
                        <Unicode>v.</Unicode>
                    </TextEquiv>
                </Word>
                <Word id="tr_2_tl_82_w5" custom="readingOrder {index:4;}">
                    <Coords points="519,3213 519,3273 598,3273 598,3213"/>
                    <TextEquiv>
                        <Unicode>Sala</Unicode>
                    </TextEquiv>
                </Word>
                <Word id="tr_2_tl_82_w6" custom="readingOrder {index:5;}">
                    <Coords points="627,3214 627,3274 654,3274 654,3214"/>
                    <TextEquiv>
                        <Unicode>im</Unicode>
                    </TextEquiv>
                </Word>
                <Word id="tr_2_tl_82_w7" custom="readingOrder {index:6;}">
                    <Coords points="692,3216 692,3276 878,3276 878,3216"/>
                    <TextEquiv>
                        <Unicode>„Einsamen</Unicode>
                    </TextEquiv>
                </Word>
                <TextEquiv>
                    <Unicode>und den Herrn v. Sala im „Einsamen</Unicode>
                </TextEquiv>
            </TextLine>
            <TextLine id="tr_2_tl_83" custom="readingOrder {index:82;}">
                <Coords points="948,3256 1909,3279 1962,3272 1962,3239 1042,3223 947,3192"/>
                <Baseline points="955,3247 1005,3247 1056,3248 1106,3250 1157,3252 1207,3253 1258,3255 1308,3256 1359,3256 1409,3254 1460,3259 1511,3259 1561,3261 1612,3260 1662,3261 1713,3262 1763,3262 1814,3263 1864,3266 1915,3267 1966,3265"/>
                <Word id="tr_2_tl_83_w1" custom="readingOrder {index:0;}">
                    <Coords points="941,3207 941,3267 1101,3267 1101,3207"/>
                    <TextEquiv>
                        <Unicode>Gestalten</Unicode>
                    </TextEquiv>
                </Word>
                <Word id="tr_2_tl_83_w2" custom="readingOrder {index:1;}">
                    <Coords points="1139,3212 1139,3272 1242,3272 1242,3212"/>
                    <TextEquiv>
                        <Unicode>werde</Unicode>
                    </TextEquiv>
                </Word>
                <Word id="tr_2_tl_83_w3" custom="readingOrder {index:2;}">
                    <Coords points="1275,3215 1275,3275 1462,3275 1462,3215"/>
                    <TextEquiv>
                        <Unicode>gemindert</Unicode>
                    </TextEquiv>
                </Word>
                <Word id="tr_2_tl_83_w4" custom="readingOrder {index:3;}">
                    <Coords points="1491,3219 1491,3279 1576,3279 1576,3219"/>
                    <TextEquiv>
                        <Unicode>durch</Unicode>
                    </TextEquiv>
                </Word>
                <Word id="tr_2_tl_83_w5" custom="readingOrder {index:4;}">
                    <Coords points="1609,3220 1609,3280 1679,3280 1679,3220"/>
                    <TextEquiv>
                        <Unicode>ihre</Unicode>
                    </TextEquiv>
                </Word>
                <Word id="tr_2_tl_83_w6" custom="readingOrder {index:5;}">
                    <Coords points="1713,3222 1713,3282 1881,3282 1881,3222"/>
                    <TextEquiv>
                        <Unicode>Vorteile,</Unicode>
                    </TextEquiv>
                </Word>
                <Word id="tr_2_tl_83_w7" custom="readingOrder {index:6;}">
                    <Coords points="1905,3226 1905,3286 1961,3286 1961,3226"/>
                    <TextEquiv>
                        <Unicode>zur</Unicode>
                    </TextEquiv>
                </Word>
                <TextEquiv>
                    <Unicode>Gestalten werde gemindert durch ihre Vorteile, zur</Unicode>
                </TextEquiv>
            </TextLine>
            <TextLine id="tr_2_tl_84" custom="readingOrder {index:83;}">
                <Coords points="169,3294 888,3300 888,3259 169,3253"/>
                <Baseline points="176,3283 211,3287 247,3288 283,3287 319,3286 355,3286 390,3288 426,3288 462,3288 498,3289 534,3291 569,3291 605,3291 641,3291 677,3292 713,3294 748,3294 784,3294 820,3294 856,3294 892,3294"/>
                <Word id="tr_2_tl_84_w1" custom="readingOrder {index:0;}">
                    <Coords points="173,3245 173,3305 230,3305 230,3245"/>
                    <TextEquiv>
                        <Unicode>auf</Unicode>
                    </TextEquiv>
                </Word>
                <Word id="tr_2_tl_84_w2" custom="readingOrder {index:1;}">
                    <Coords points="259,3246 259,3306 311,3306 311,3246"/>
                    <TextEquiv>
                        <Unicode>den</Unicode>
                    </TextEquiv>
                </Word>
                <Word id="tr_2_tl_84_w3" custom="readingOrder {index:2;}">
                    <Coords points="346,3248 346,3308 465,3308 465,3248"/>
                    <TextEquiv>
                        <Unicode>Grund</Unicode>
                    </TextEquiv>
                </Word>
                <Word id="tr_2_tl_84_w4" custom="readingOrder {index:3;}">
                    <Coords points="499,3250 499,3310 551,3310 551,3250"/>
                    <TextEquiv>
                        <Unicode>des</Unicode>
                    </TextEquiv>
                </Word>
                <Word id="tr_2_tl_84_w5" custom="readingOrder {index:4;}">
                    <Coords points="585,3251 585,3311 719,3311 719,3251"/>
                    <TextEquiv>
                        <Unicode>dunklen</Unicode>
                    </TextEquiv>
                </Word>
                <Word id="tr_2_tl_84_w6" custom="readingOrder {index:5;}">
                    <Coords points="753,3254 753,3314 882,3314 882,3254"/>
                    <TextEquiv>
                        <Unicode>Teiches</Unicode>
                    </TextEquiv>
                </Word>
                <TextEquiv>
                    <Unicode>auf den Grund des dunklen Teiches</Unicode>
                </TextEquiv>
            </TextLine>
            <TextLine id="tr_2_tl_85" custom="readingOrder {index:84;}">
                <Coords points="942,3301 1961,3314 1942,3269 942,3264"/>
                <Baseline points="949,3288 999,3286 1050,3288 1101,3288 1151,3286 1202,3289 1253,3294 1303,3294 1354,3296 1405,3294 1456,3296 1506,3296 1557,3296 1608,3297 1658,3300 1709,3300 1760,3300 1810,3301 1861,3303 1912,3305 1963,3306"/>
                <Word id="tr_2_tl_85_w1" custom="readingOrder {index:0;}">
                    <Coords points="941,3248 941,3308 1175,3308 1175,3248"/>
                    <TextEquiv>
                        <Unicode>„Gesellschaft“</Unicode>
                    </TextEquiv>
                </Word>
                <Word id="tr_2_tl_85_w2" custom="readingOrder {index:1;}">
                    <Coords points="1233,3253 1233,3313 1266,3313 1266,3253"/>
                    <TextEquiv>
                        <Unicode>zu</Unicode>
                    </TextEquiv>
                </Word>
                <Word id="tr_2_tl_85_w3" custom="readingOrder {index:2;}">
                    <Coords points="1324,3254 1324,3314 1482,3314 1482,3254"/>
                    <TextEquiv>
                        <Unicode>gehören.</Unicode>
                    </TextEquiv>
                </Word>
                <Word id="tr_2_tl_85_w4" custom="readingOrder {index:3;}">
                    <Coords points="1540,3258 1540,3318 1726,3318 1726,3258"/>
                    <TextEquiv>
                        <Unicode>Seltsamer</Unicode>
                    </TextEquiv>
                </Word>
                <Word id="tr_2_tl_85_w5" custom="readingOrder {index:4;}">
                    <Coords points="1774,3263 1774,3323 1960,3323 1960,3263"/>
                    <TextEquiv>
                        <Unicode>Vorwurf!</Unicode>
                    </TextEquiv>
                </Word>
                <TextEquiv>
                    <Unicode>„Gesellschaft“ zu gehören. Seltsamer Vorwurf!</Unicode>
                </TextEquiv>
            </TextLine>
            <TextLine id="tr_2_tl_86" custom="readingOrder {index:85;}">
                <Coords points="155,3331 878,3346 887,3303 153,3292"/>
                <Baseline points="161,3321 197,3323 234,3324 270,3325 307,3327 343,3327 380,3327 416,3327 453,3327 489,3328 526,3330 563,3330 599,3330 636,3332 672,3332 709,3331 745,3333 782,3333 818,3333 855,3333 892,3333"/>
                <Word id="tr_2_tl_86_w1" custom="readingOrder {index:0;}">
                    <Coords points="147,3281 147,3341 199,3341 199,3281"/>
                    <TextEquiv>
                        <Unicode>sat.</Unicode>
                    </TextEquiv>
                </Word>
                <Word id="tr_2_tl_86_w2" custom="readingOrder {index:1;}">
                    <Coords points="224,3284 224,3344 290,3344 290,3284"/>
                    <TextEquiv>
                        <Unicode>Der</Unicode>
                    </TextEquiv>
                </Word>
                <Word id="tr_2_tl_86_w3" custom="readingOrder {index:2;}">
                    <Coords points="320,3287 320,3347 416,3347 416,3287"/>
                    <TextEquiv>
                        <Unicode>macht</Unicode>
                    </TextEquiv>
                </Word>
                <Word id="tr_2_tl_86_w4" custom="readingOrder {index:3;}">
                    <Coords points="435,3287 435,3347 517,3347 517,3287"/>
                    <TextEquiv>
                        <Unicode>nicht</Unicode>
                    </TextEquiv>
                </Word>
                <Word id="tr_2_tl_86_w5" custom="readingOrder {index:4;}">
                    <Coords points="536,3290 536,3350 623,3350 623,3290"/>
                    <TextEquiv>
                        <Unicode>einem</Unicode>
                    </TextEquiv>
                </Word>
                <Word id="tr_2_tl_86_w6" custom="readingOrder {index:5;}">
                    <Coords points="662,3291 662,3351 777,3351 777,3291"/>
                    <TextEquiv>
                        <Unicode>Sohn,</Unicode>
                    </TextEquiv>
                </Word>
                <Word id="tr_2_tl_86_w7" custom="readingOrder {index:6;}">
                    <Coords points="792,3293 792,3353 892,3353 892,3293"/>
                    <TextEquiv>
                        <Unicode>macht</Unicode>
                    </TextEquiv>
                </Word>
                <TextEquiv>
                    <Unicode>sat. Der macht nicht einem Sohn, macht</Unicode>
                </TextEquiv>
            </TextLine>
            <TextLine id="tr_2_tl_87" custom="readingOrder {index:86;}">
                <Coords points="942,3327 1964,3360 1962,3316 1774,3299 942,3303"/>
                <Baseline points="949,3324 999,3327 1050,3328 1101,3330 1152,3330 1203,3332 1254,3333 1304,3333 1355,3333 1406,3333 1457,3334 1508,3336 1559,3336 1610,3336 1660,3339 1711,3339 1762,3339 1813,3340 1864,3342 1915,3344 1966,3348"/>
                <Word id="tr_2_tl_87_w1" custom="readingOrder {index:0;}">
                    <Coords points="942,3287 942,3347 1114,3347 1114,3287"/>
                    <TextEquiv>
                        <Unicode>Christine,</Unicode>
                    </TextEquiv>
                </Word>
                <Word id="tr_2_tl_87_w2" custom="readingOrder {index:1;}">
                    <Coords points="1135,3292 1135,3352 1276,3352 1276,3292"/>
                    <TextEquiv>
                        <Unicode>Mizzie,</Unicode>
                    </TextEquiv>
                </Word>
                <Word id="tr_2_tl_87_w3" custom="readingOrder {index:2;}">
                    <Coords points="1302,3293 1302,3353 1393,3353 1393,3293"/>
                    <TextEquiv>
                        <Unicode>selbst</Unicode>
                    </TextEquiv>
                </Word>
                <Word id="tr_2_tl_87_w4" custom="readingOrder {index:3;}">
                    <Coords points="1424,3293 1424,3353 1474,3353 1474,3293"/>
                    <TextEquiv>
                        <Unicode>der</Unicode>
                    </TextEquiv>
                </Word>
                <Word id="tr_2_tl_87_w5" custom="readingOrder {index:4;}">
                    <Coords points="1505,3296 1505,3356 1724,3356 1724,3296"/>
                    <TextEquiv>
                        <Unicode>vielwissende</Unicode>
                    </TextEquiv>
                </Word>
                <Word id="tr_2_tl_87_w6" custom="readingOrder {index:5;}">
                    <Coords points="1760,3301 1760,3361 1962,3361 1962,3301"/>
                    <TextEquiv>
                        <Unicode>Medardus,</Unicode>
                    </TextEquiv>
                </Word>
                <TextEquiv>
                    <Unicode>Christine, Mizzie, selbst der vielwissende Medardus,</Unicode>
                </TextEquiv>
            </TextLine>
            <TextLine id="tr_2_tl_88" custom="readingOrder {index:87;}">
                <Coords points="153,3369 890,3382 888,3349 786,3334 153,3335"/>
                <Baseline points="161,3363 197,3363 234,3365 270,3366 307,3366 343,3366 380,3366 416,3366 453,3366 489,3367 526,3369 563,3369 599,3369 636,3371 672,3371 709,3370 745,3372 782,3372 818,3372 855,3372 892,3369"/>
                <Word id="tr_2_tl_88_w1" custom="readingOrder {index:0;}">
                    <Coords points="147,3323 147,3383 171,3383 171,3323"/>
                    <TextEquiv>
                        <Unicode>en</Unicode>
                    </TextEquiv>
                </Word>
                <Word id="tr_2_tl_88_w2" custom="readingOrder {index:1;}">
                    <Coords points="200,3325 200,3385 272,3385 272,3325"/>
                    <TextEquiv>
                        <Unicode>Weg</Unicode>
                    </TextEquiv>
                </Word>
                <Word id="tr_2_tl_88_w3" custom="readingOrder {index:2;}">
                    <Coords points="301,3326 301,3386 378,3386 378,3326"/>
                    <TextEquiv>
                        <Unicode>frei,</Unicode>
                    </TextEquiv>
                </Word>
                <Word id="tr_2_tl_88_w4" custom="readingOrder {index:3;}">
                    <Coords points="398,3326 398,3386 470,3386 470,3326"/>
                    <TextEquiv>
                        <Unicode>weil</Unicode>
                    </TextEquiv>
                </Word>
                <Word id="tr_2_tl_88_w5" custom="readingOrder {index:4;}">
                    <Coords points="494,3328 494,3388 527,3388 527,3328"/>
                    <TextEquiv>
                        <Unicode>er</Unicode>
                    </TextEquiv>
                </Word>
                <Word id="tr_2_tl_88_w6" custom="readingOrder {index:5;}">
                    <Coords points="552,3329 552,3389 609,3389 609,3329"/>
                    <TextEquiv>
                        <Unicode>aus</Unicode>
                    </TextEquiv>
                </Word>
                <Word id="tr_2_tl_88_w7" custom="readingOrder {index:6;}">
                    <Coords points="639,3330 639,3390 744,3390 744,3330"/>
                    <TextEquiv>
                        <Unicode>seiner</Unicode>
                    </TextEquiv>
                </Word>
                <Word id="tr_2_tl_88_w8" custom="readingOrder {index:7;}">
                    <Coords points="769,3332 769,3392 889,3392 889,3332"/>
                    <TextEquiv>
                        <Unicode>Vater¬</Unicode>
                    </TextEquiv>
                </Word>
                <TextEquiv>
                    <Unicode>en Weg frei, weil er aus seiner Vater¬</Unicode>
                </TextEquiv>
            </TextLine>
            <TextLine id="tr_2_tl_89" custom="readingOrder {index:88;}">
                <Coords points="943,3382 1957,3390 1956,3359 1878,3347 942,3334"/>
                <Baseline points="949,3366 999,3369 1050,3369 1100,3369 1151,3369 1201,3371 1252,3372 1302,3372 1353,3375 1403,3375 1454,3375 1505,3375 1555,3377 1606,3378 1656,3378 1707,3378 1757,3378 1808,3382 1858,3384 1909,3384 1960,3381"/>
                <Word id="tr_2_tl_89_w1" custom="readingOrder {index:0;}">
                    <Coords points="942,3327 942,3387 1001,3387 1001,3327"/>
                    <TextEquiv>
                        <Unicode>sind</Unicode>
                    </TextEquiv>
                </Word>
                <Word id="tr_2_tl_89_w2" custom="readingOrder {index:1;}">
                    <Coords points="1032,3329 1032,3389 1067,3389 1067,3329"/>
                    <TextEquiv>
                        <Unicode>sie</Unicode>
                    </TextEquiv>
                </Word>
                <Word id="tr_2_tl_89_w3" custom="readingOrder {index:2;}">
                    <Coords points="1092,3329 1092,3389 1173,3389 1173,3329"/>
                    <TextEquiv>
                        <Unicode>nicht</Unicode>
                    </TextEquiv>
                </Word>
                <Word id="tr_2_tl_89_w4" custom="readingOrder {index:3;}">
                    <Coords points="1199,3331 1199,3391 1304,3391 1304,3331"/>
                    <TextEquiv>
                        <Unicode>Volk?</Unicode>
                    </TextEquiv>
                </Word>
                <Word id="tr_2_tl_89_w5" custom="readingOrder {index:4;}">
                    <Coords points="1345,3335 1345,3395 1486,3395 1486,3335"/>
                    <TextEquiv>
                        <Unicode>Freilich</Unicode>
                    </TextEquiv>
                </Word>
                <Word id="tr_2_tl_89_w6" custom="readingOrder {index:5;}">
                    <Coords points="1512,3336 1512,3396 1562,3396 1562,3336"/>
                    <TextEquiv>
                        <Unicode>ihr</Unicode>
                    </TextEquiv>
                </Word>
                <Word id="tr_2_tl_89_w7" custom="readingOrder {index:6;}">
                    <Coords points="1592,3338 1592,3398 1698,3398 1698,3338"/>
                    <TextEquiv>
                        <Unicode>Boden</Unicode>
                    </TextEquiv>
                </Word>
                <Word id="tr_2_tl_89_w8" custom="readingOrder {index:7;}">
                    <Coords points="1729,3338 1729,3398 1763,3398 1763,3338"/>
                    <TextEquiv>
                        <Unicode>ist</Unicode>
                    </TextEquiv>
                </Word>
                <Word id="tr_2_tl_89_w9" custom="readingOrder {index:8;}">
                    <Coords points="1789,3342 1789,3402 1875,3402 1875,3342"/>
                    <TextEquiv>
                        <Unicode>durch</Unicode>
                    </TextEquiv>
                </Word>
                <Word id="tr_2_tl_89_w10" custom="readingOrder {index:9;}">
                    <Coords points="1906,3342 1906,3402 1955,3402 1955,3342"/>
                    <TextEquiv>
                        <Unicode>ge¬</Unicode>
                    </TextEquiv>
                </Word>
                <TextEquiv>
                    <Unicode>sind sie nicht Volk? Freilich ihr Boden ist durch ge¬</Unicode>
                </TextEquiv>
            </TextLine>
            <TextLine id="tr_2_tl_90" custom="readingOrder {index:89;}">
                <Coords points="152,3414 884,3417 883,3375 151,3369"/>
                <Baseline points="158,3402 194,3402 230,3404 267,3405 303,3405 340,3405 376,3405 412,3405 449,3405 485,3406 522,3408 558,3408 594,3408 631,3408 667,3409 704,3410 740,3408 776,3408 813,3410 849,3411 886,3411"/>
                <Word id="tr_2_tl_90_w1" custom="readingOrder {index:0;}">
                    <Coords points="145,3363 145,3423 287,3423 287,3363"/>
                    <TextEquiv>
                        <Unicode>hträglich</Unicode>
                    </TextEquiv>
                </Word>
                <Word id="tr_2_tl_90_w2" custom="readingOrder {index:1;}">
                    <Coords points="312,3365 312,3425 563,3425 563,3365"/>
                    <TextEquiv>
                        <Unicode>Lebenswärme</Unicode>
                    </TextEquiv>
                </Word>
                <Word id="tr_2_tl_90_w3" custom="readingOrder {index:2;}">
                    <Coords points="588,3368 588,3428 632,3428 632,3368"/>
                    <TextEquiv>
                        <Unicode>sich</Unicode>
                    </TextEquiv>
                </Word>
                <Word id="tr_2_tl_90_w4" custom="readingOrder {index:3;}">
                    <Coords points="662,3369 662,3429 769,3429 769,3369"/>
                    <TextEquiv>
                        <Unicode>stehlen</Unicode>
                    </TextEquiv>
                </Word>
                <Word id="tr_2_tl_90_w5" custom="readingOrder {index:4;}">
                    <Coords points="804,3370 804,3430 887,3430 887,3370"/>
                    <TextEquiv>
                        <Unicode>will:</Unicode>
                    </TextEquiv>
                </Word>
                <TextEquiv>
                    <Unicode>hträglich Lebenswärme sich stehlen will:</Unicode>
                </TextEquiv>
            </TextLine>
            <TextLine id="tr_2_tl_91" custom="readingOrder {index:90;}">
                <Coords points="942,3413 1955,3435 1953,3391 942,3383"/>
                <Baseline points="949,3408 999,3405 1049,3408 1100,3408 1150,3410 1201,3411 1251,3411 1301,3414 1352,3414 1402,3414 1453,3416 1503,3414 1553,3416 1604,3417 1654,3419 1705,3417 1755,3417 1805,3420 1856,3421 1906,3423 1957,3423"/>
                <Word id="tr_2_tl_91_w1" custom="readingOrder {index:0;}">
                    <Coords points="936,3366 936,3426 1013,3426 1013,3366"/>
                    <TextEquiv>
                        <Unicode>naue</Unicode>
                    </TextEquiv>
                </Word>
                <Word id="tr_2_tl_91_w2" custom="readingOrder {index:1;}">
                    <Coords points="1055,3369 1055,3429 1200,3429 1200,3369"/>
                    <TextEquiv>
                        <Unicode>Grenzen</Unicode>
                    </TextEquiv>
                </Word>
                <Word id="tr_2_tl_91_w3" custom="readingOrder {index:2;}">
                    <Coords points="1246,3374 1246,3434 1424,3434 1424,3374"/>
                    <TextEquiv>
                        <Unicode>bestimmt.</Unicode>
                    </TextEquiv>
                </Word>
                <Word id="tr_2_tl_91_w4" custom="readingOrder {index:3;}">
                    <Coords points="1475,3374 1475,3434 1561,3434 1561,3374"/>
                    <TextEquiv>
                        <Unicode>Aber</Unicode>
                    </TextEquiv>
                </Word>
                <Word id="tr_2_tl_91_w5" custom="readingOrder {index:4;}">
                    <Coords points="1603,3377 1603,3437 1648,3437 1648,3377"/>
                    <TextEquiv>
                        <Unicode>die</Unicode>
                    </TextEquiv>
                </Word>
                <Word id="tr_2_tl_91_w6" custom="readingOrder {index:5;}">
                    <Coords points="1690,3380 1690,3440 1950,3440 1950,3380"/>
                    <TextEquiv>
                        <Unicode>Sublimierung</Unicode>
                    </TextEquiv>
                </Word>
                <TextEquiv>
                    <Unicode>naue Grenzen bestimmt. Aber die Sublimierung</Unicode>
                </TextEquiv>
            </TextLine>
            <TextLine id="tr_2_tl_92" custom="readingOrder {index:91;}">
                <Coords points="171,3447 886,3456 865,3416 171,3408"/>
                <Baseline points="179,3441 214,3443 250,3444 285,3444 321,3444 356,3444 392,3444 427,3444 463,3445 498,3447 534,3444 569,3446 605,3447 640,3447 676,3447 711,3447 747,3447 782,3448 818,3450 853,3450 889,3447"/>
                <Word id="tr_2_tl_92_w1" custom="readingOrder {index:0;}">
                    <Coords points="175,3402 175,3462 234,3462 234,3402"/>
                    <TextEquiv>
                        <Unicode>daß</Unicode>
                    </TextEquiv>
                </Word>
                <Word id="tr_2_tl_92_w2" custom="readingOrder {index:1;}">
                    <Coords points="259,3404 259,3464 328,3464 328,3404"/>
                    <TextEquiv>
                        <Unicode>jetzt</Unicode>
                    </TextEquiv>
                </Word>
                <Word id="tr_2_tl_92_w3" custom="readingOrder {index:2;}">
                    <Coords points="348,3404 348,3464 461,3464 461,3404"/>
                    <TextEquiv>
                        <Unicode>wieder</Unicode>
                    </TextEquiv>
                </Word>
                <Word id="tr_2_tl_92_w4" custom="readingOrder {index:3;}">
                    <Coords points="486,3406 486,3466 530,3466 530,3406"/>
                    <TextEquiv>
                        <Unicode>ein</Unicode>
                    </TextEquiv>
                </Word>
                <Word id="tr_2_tl_92_w5" custom="readingOrder {index:4;}">
                    <Coords points="555,3407 555,3467 687,3467 687,3407"/>
                    <TextEquiv>
                        <Unicode>besseres</Unicode>
                    </TextEquiv>
                </Word>
                <Word id="tr_2_tl_92_w6" custom="readingOrder {index:5;}">
                    <Coords points="713,3409 713,3469 889,3469 889,3409"/>
                    <TextEquiv>
                        <Unicode>Geschlecht</Unicode>
                    </TextEquiv>
                </Word>
                <TextEquiv>
                    <Unicode>daß jetzt wieder ein besseres Geschlecht</Unicode>
                </TextEquiv>
            </TextLine>
            <TextLine id="tr_2_tl_93" custom="readingOrder {index:92;}">
                <Coords points="945,3453 1959,3474 1957,3435 1884,3427 945,3413"/>
                <Baseline points="952,3441 1002,3444 1052,3447 1103,3448 1153,3450 1204,3452 1254,3453 1304,3453 1355,3453 1405,3453 1456,3454 1506,3456 1556,3456 1607,3456 1657,3458 1708,3456 1758,3459 1808,3459 1859,3462 1909,3462 1960,3462"/>
                <Word id="tr_2_tl_93_w1" custom="readingOrder {index:0;}">
                    <Coords points="939,3402 939,3462 1022,3462 1022,3402"/>
                    <TextEquiv>
                        <Unicode>ihrer</Unicode>
                    </TextEquiv>
                </Word>
                <Word id="tr_2_tl_93_w2" custom="readingOrder {index:1;}">
                    <Coords points="1046,3408 1046,3468 1185,3468 1185,3408"/>
                    <TextEquiv>
                        <Unicode>Gefühle</Unicode>
                    </TextEquiv>
                </Word>
                <Word id="tr_2_tl_93_w3" custom="readingOrder {index:2;}">
                    <Coords points="1214,3413 1214,3473 1311,3473 1311,3413"/>
                    <TextEquiv>
                        <Unicode>macht</Unicode>
                    </TextEquiv>
                </Word>
                <Word id="tr_2_tl_93_w4" custom="readingOrder {index:3;}">
                    <Coords points="1335,3413 1335,3473 1358,3473 1358,3413"/>
                    <TextEquiv>
                        <Unicode>ja</Unicode>
                    </TextEquiv>
                </Word>
                <Word id="tr_2_tl_93_w5" custom="readingOrder {index:4;}">
                    <Coords points="1391,3413 1391,3473 1446,3473 1446,3413"/>
                    <TextEquiv>
                        <Unicode>erst</Unicode>
                    </TextEquiv>
                </Word>
                <Word id="tr_2_tl_93_w6" custom="readingOrder {index:5;}">
                    <Coords points="1470,3415 1470,3475 1516,3475 1516,3415"/>
                    <TextEquiv>
                        <Unicode>die</Unicode>
                    </TextEquiv>
                </Word>
                <Word id="tr_2_tl_93_w7" custom="readingOrder {index:6;}">
                    <Coords points="1545,3416 1545,3476 1600,3476 1600,3416"/>
                    <TextEquiv>
                        <Unicode>aus</Unicode>
                    </TextEquiv>
                </Word>
                <Word id="tr_2_tl_93_w8" custom="readingOrder {index:7;}">
                    <Coords points="1633,3417 1633,3477 1684,3477 1684,3417"/>
                    <TextEquiv>
                        <Unicode>dem</Unicode>
                    </TextEquiv>
                </Word>
                <Word id="tr_2_tl_93_w9" custom="readingOrder {index:8;}">
                    <Coords points="1726,3419 1726,3479 1847,3479 1847,3419"/>
                    <TextEquiv>
                        <Unicode>Gefühl</Unicode>
                    </TextEquiv>
                </Word>
                <Word id="tr_2_tl_93_w10" custom="readingOrder {index:9;}">
                    <Coords points="1871,3422 1871,3482 1949,3482 1949,3422"/>
                    <TextEquiv>
                        <Unicode>aus¬</Unicode>
                    </TextEquiv>
                </Word>
                <TextEquiv>
                    <Unicode>ihrer Gefühle macht ja erst die aus dem Gefühl aus¬</Unicode>
                </TextEquiv>
            </TextLine>
            <TextLine id="tr_2_tl_94" custom="readingOrder {index:93;}">
                <Coords points="181,3492 875,3496 874,3461 845,3453 745,3472 553,3446 181,3449"/>
                <Baseline points="188,3482 222,3482 256,3482 291,3481 325,3480 360,3482 394,3482 429,3483 463,3485 498,3482 532,3484 566,3485 601,3485 635,3485 670,3487 704,3486 739,3485 773,3485 808,3488 842,3488 877,3491"/>
                <Word id="tr_2_tl_94_w1" custom="readingOrder {index:0;}">
                    <Coords points="185,3442 185,3502 268,3502 268,3442"/>
                    <TextEquiv>
                        <Unicode>mehr</Unicode>
                    </TextEquiv>
                </Word>
                <Word id="tr_2_tl_94_w2" custom="readingOrder {index:1;}">
                    <Coords points="301,3442 301,3502 445,3502 445,3442"/>
                    <TextEquiv>
                        <Unicode>Haltung</Unicode>
                    </TextEquiv>
                </Word>
                <Word id="tr_2_tl_94_w3" custom="readingOrder {index:2;}">
                    <Coords points="488,3443 488,3503 548,3503 548,3443"/>
                    <TextEquiv>
                        <Unicode>und</Unicode>
                    </TextEquiv>
                </Word>
                <Word id="tr_2_tl_94_w4" custom="readingOrder {index:3;}">
                    <Coords points="581,3446 581,3506 730,3506 730,3446"/>
                    <TextEquiv>
                        <Unicode>weniger</Unicode>
                    </TextEquiv>
                </Word>
                <Word id="tr_2_tl_94_w5" custom="readingOrder {index:4;}">
                    <Coords points="763,3448 763,3508 870,3508 870,3448"/>
                    <TextEquiv>
                        <Unicode>Geist.</Unicode>
                    </TextEquiv>
                </Word>
                <TextEquiv>
                    <Unicode>mehr Haltung und weniger Geist.</Unicode>
                </TextEquiv>
            </TextLine>
            <TextLine id="tr_2_tl_95" custom="readingOrder {index:94;}">
                <Coords points="947,3498 1849,3516 1962,3511 1961,3474 945,3453"/>
                <Baseline points="952,3485 1002,3485 1053,3486 1104,3488 1154,3488 1205,3488 1256,3490 1306,3491 1357,3491 1408,3491 1459,3492 1509,3494 1560,3494 1611,3496 1661,3497 1712,3500 1763,3497 1813,3498 1864,3500 1915,3500 1966,3497"/>
                <Word id="tr_2_tl_95_w1" custom="readingOrder {index:0;}">
                    <Coords points="939,3445 939,3505 1111,3505 1111,3445"/>
                    <TextEquiv>
                        <Unicode>strömende</Unicode>
                    </TextEquiv>
                </Word>
                <Word id="tr_2_tl_95_w2" custom="readingOrder {index:1;}">
                    <Coords points="1136,3449 1136,3509 1327,3509 1327,3449"/>
                    <TextEquiv>
                        <Unicode>dichterische</Unicode>
                    </TextEquiv>
                </Word>
                <Word id="tr_2_tl_95_w3" custom="readingOrder {index:2;}">
                    <Coords points="1356,3451 1356,3511 1519,3511 1519,3451"/>
                    <TextEquiv>
                        <Unicode>Weisheit</Unicode>
                    </TextEquiv>
                </Word>
                <Word id="tr_2_tl_95_w4" custom="readingOrder {index:3;}">
                    <Coords points="1544,3456 1544,3516 1692,3516 1692,3456"/>
                    <TextEquiv>
                        <Unicode>möglich,</Unicode>
                    </TextEquiv>
                </Word>
                <Word id="tr_2_tl_95_w5" custom="readingOrder {index:4;}">
                    <Coords points="1717,3458 1717,3518 1759,3518 1759,3458"/>
                    <TextEquiv>
                        <Unicode>die</Unicode>
                    </TextEquiv>
                </Word>
                <Word id="tr_2_tl_95_w6" custom="readingOrder {index:5;}">
                    <Coords points="1789,3458 1789,3518 1846,3518 1846,3458"/>
                    <TextEquiv>
                        <Unicode>das</Unicode>
                    </TextEquiv>
                </Word>
                <Word id="tr_2_tl_95_w7" custom="readingOrder {index:6;}">
                    <Coords points="1875,3460 1875,3520 1951,3520 1951,3460"/>
                    <TextEquiv>
                        <Unicode>dich¬</Unicode>
                    </TextEquiv>
                </Word>
                <TextEquiv>
                    <Unicode>strömende dichterische Weisheit möglich, die das dich¬</Unicode>
                </TextEquiv>
            </TextLine>
            <TextLine id="tr_2_tl_96" custom="readingOrder {index:95;}">
                <Coords points="148,3527 888,3540 888,3499 835,3492 148,3488"/>
                <Baseline points="155,3518 191,3520 228,3521 265,3521 302,3521 339,3521 376,3521 412,3521 449,3521 486,3522 523,3523 560,3521 597,3524 634,3524 670,3526 707,3527 744,3527 781,3527 818,3527 855,3527 892,3527"/>
                <Word id="tr_2_tl_96_w1" custom="readingOrder {index:0;}">
                    <Coords points="147,3480 147,3540 286,3540 286,3480"/>
                    <TextEquiv>
                        <Unicode>erzliche</Unicode>
                    </TextEquiv>
                </Word>
                <Word id="tr_2_tl_96_w2" custom="readingOrder {index:1;}">
                    <Coords points="310,3481 310,3541 497,3541 497,3481"/>
                    <TextEquiv>
                        <Unicode>Erfahrung</Unicode>
                    </TextEquiv>
                </Word>
                <Word id="tr_2_tl_96_w3" custom="readingOrder {index:2;}">
                    <Coords points="527,3481 527,3541 613,3541 613,3481"/>
                    <TextEquiv>
                        <Unicode>eines</Unicode>
                    </TextEquiv>
                </Word>
                <Word id="tr_2_tl_96_w4" custom="readingOrder {index:3;}">
                    <Coords points="642,3487 642,3547 810,3547 810,3487"/>
                    <TextEquiv>
                        <Unicode>Dichters,</Unicode>
                    </TextEquiv>
                </Word>
                <Word id="tr_2_tl_96_w5" custom="readingOrder {index:4;}">
                    <Coords points="830,3487 830,3547 882,3547 882,3487"/>
                    <TextEquiv>
                        <Unicode>der</Unicode>
                    </TextEquiv>
                </Word>
                <TextEquiv>
                    <Unicode>erzliche Erfahrung eines Dichters, der</Unicode>
                </TextEquiv>
            </TextLine>
            <TextLine id="tr_2_tl_97" custom="readingOrder {index:96;}">
                <Coords points="945,3534 1953,3548 1940,3507 1781,3496 944,3496"/>
                <Baseline points="952,3524 1002,3524 1052,3528 1102,3529 1153,3528 1203,3530 1253,3530 1303,3530 1354,3533 1404,3533 1454,3533 1504,3533 1555,3534 1605,3536 1655,3536 1705,3536 1756,3536 1806,3539 1856,3539 1906,3540 1957,3542"/>
                <Word id="tr_2_tl_97_w1" custom="readingOrder {index:0;}">
                    <Coords points="938,3484 938,3544 1057,3544 1057,3484"/>
                    <TextEquiv>
                        <Unicode>terische</Unicode>
                    </TextEquiv>
                </Word>
                <Word id="tr_2_tl_97_w2" custom="readingOrder {index:1;}">
                    <Coords points="1087,3489 1087,3549 1311,3549 1311,3489"/>
                    <TextEquiv>
                        <Unicode>Vermächtnis</Unicode>
                    </TextEquiv>
                </Word>
                <Word id="tr_2_tl_97_w3" custom="readingOrder {index:2;}">
                    <Coords points="1340,3493 1340,3553 1531,3553 1531,3493"/>
                    <TextEquiv>
                        <Unicode>Schnitzlers</Unicode>
                    </TextEquiv>
                </Word>
                <Word id="tr_2_tl_97_w4" custom="readingOrder {index:3;}">
                    <Coords points="1560,3496 1560,3556 1732,3556 1732,3496"/>
                    <TextEquiv>
                        <Unicode>bestimmt.</Unicode>
                    </TextEquiv>
                </Word>
                <Word id="tr_2_tl_97_w5" custom="readingOrder {index:4;}">
                    <Coords points="1771,3498 1771,3558 1837,3558 1837,3498"/>
                    <TextEquiv>
                        <Unicode>Wie</Unicode>
                    </TextEquiv>
                </Word>
                <Word id="tr_2_tl_97_w6" custom="readingOrder {index:5;}">
                    <Coords points="1866,3500 1866,3560 1947,3560 1947,3500"/>
                    <TextEquiv>
                        <Unicode>viele</Unicode>
                    </TextEquiv>
                </Word>
                <TextEquiv>
                    <Unicode>terische Vermächtnis Schnitzlers bestimmt. Wie viele</Unicode>
                </TextEquiv>
            </TextLine>
            <TextLine id="tr_2_tl_98" custom="readingOrder {index:97;}">
                <Coords points="169,3562 884,3579 869,3533 169,3527"/>
                <Baseline points="176,3557 211,3559 247,3560 282,3560 318,3560 353,3560 389,3560 424,3560 460,3560 495,3560 531,3560 566,3560 602,3563 637,3566 673,3566 708,3566 744,3566 779,3566 815,3567 850,3569 886,3566"/>
                <Word id="tr_2_tl_98_w1" custom="readingOrder {index:0;}">
                    <Coords points="177,3518 177,3578 242,3578 242,3518"/>
                    <TextEquiv>
                        <Unicode>kein</Unicode>
                    </TextEquiv>
                </Word>
                <Word id="tr_2_tl_98_w2" custom="readingOrder {index:1;}">
                    <Coords points="280,3520 280,3580 462,3580 462,3520"/>
                    <TextEquiv>
                        <Unicode>„Verweile</Unicode>
                    </TextEquiv>
                </Word>
                <Word id="tr_2_tl_98_w3" custom="readingOrder {index:2;}">
                    <Coords points="490,3520 490,3580 588,3580 588,3520"/>
                    <TextEquiv>
                        <Unicode>doch!“</Unicode>
                    </TextEquiv>
                </Word>
                <Word id="tr_2_tl_98_w4" custom="readingOrder {index:3;}">
                    <Coords points="617,3526 617,3586 752,3586 752,3526"/>
                    <TextEquiv>
                        <Unicode>zurusen</Unicode>
                    </TextEquiv>
                </Word>
                <Word id="tr_2_tl_98_w5" custom="readingOrder {index:4;}">
                    <Coords points="790,3528 790,3588 888,3588 888,3528"/>
                    <TextEquiv>
                        <Unicode>kann,</Unicode>
                    </TextEquiv>
                </Word>
                <TextEquiv>
                    <Unicode>kein „Verweile doch!“ zurusen kann,</Unicode>
                </TextEquiv>
            </TextLine>
            <TextLine id="tr_2_tl_99" custom="readingOrder {index:98;}">
                <Coords points="945,3572 1944,3587 1944,3546 1888,3543 945,3534"/>
                <Baseline points="952,3569 1001,3566 1051,3567 1101,3569 1151,3568 1201,3568 1250,3569 1300,3571 1350,3572 1400,3572 1450,3575 1499,3575 1549,3575 1599,3575 1649,3575 1699,3575 1748,3575 1798,3578 1848,3578 1898,3581 1948,3578"/>
                <Word id="tr_2_tl_99_w1" custom="readingOrder {index:0;}">
                    <Coords points="939,3526 939,3586 1101,3586 1101,3526"/>
                    <TextEquiv>
                        <Unicode>Schicksale</Unicode>
                    </TextEquiv>
                </Word>
                <Word id="tr_2_tl_99_w2" custom="readingOrder {index:1;}">
                    <Coords points="1140,3528 1140,3588 1201,3588 1201,3528"/>
                    <TextEquiv>
                        <Unicode>und</Unicode>
                    </TextEquiv>
                </Word>
                <Word id="tr_2_tl_99_w3" custom="readingOrder {index:2;}">
                    <Coords points="1245,3529 1245,3589 1302,3589 1302,3529"/>
                    <TextEquiv>
                        <Unicode>wie</Unicode>
                    </TextEquiv>
                </Word>
                <Word id="tr_2_tl_99_w4" custom="readingOrder {index:3;}">
                    <Coords points="1331,3535 1331,3595 1570,3595 1570,3535"/>
                    <TextEquiv>
                        <Unicode>mannigfacher</Unicode>
                    </TextEquiv>
                </Word>
                <Word id="tr_2_tl_99_w5" custom="readingOrder {index:4;}">
                    <Coords points="1599,3535 1599,3595 1661,3595 1661,3535"/>
                    <TextEquiv>
                        <Unicode>Art</Unicode>
                    </TextEquiv>
                </Word>
                <Word id="tr_2_tl_99_w6" custom="readingOrder {index:5;}">
                    <Coords points="1690,3535 1690,3595 1747,3595 1747,3535"/>
                    <TextEquiv>
                        <Unicode>sind</Unicode>
                    </TextEquiv>
                </Word>
                <Word id="tr_2_tl_99_w7" custom="readingOrder {index:6;}">
                    <Coords points="1781,3537 1781,3597 1804,3597 1804,3537"/>
                    <TextEquiv>
                        <Unicode>im</Unicode>
                    </TextEquiv>
                </Word>
                <Word id="tr_2_tl_99_w8" custom="readingOrder {index:7;}">
                    <Coords points="1853,3541 1853,3601 1943,3601 1943,3541"/>
                    <TextEquiv>
                        <Unicode>Werl</Unicode>
                    </TextEquiv>
                </Word>
                <TextEquiv>
                    <Unicode>Schicksale und wie mannigfacher Art sind im Werl</Unicode>
                </TextEquiv>
            </TextLine>
            <TextLine id="tr_2_tl_100" custom="readingOrder {index:99;}">
                <Coords points="139,3600 325,3634 631,3609 887,3634 886,3583 779,3565 139,3578"/>
                <Baseline points="146,3599 183,3601 220,3602 257,3602 294,3602 331,3602 368,3602 406,3604 443,3605 480,3605 517,3605 554,3605 591,3605 628,3605 666,3607 703,3608 740,3608 777,3608 814,3608 851,3606 889,3602"/>
                <Word id="tr_2_tl_100_w1" custom="readingOrder {index:0;}">
                    <Coords points="139,3562 139,3622 390,3622 390,3562"/>
                    <TextEquiv>
                        <Unicode>Ergänglichkeit</Unicode>
                    </TextEquiv>
                </Word>
                <Word id="tr_2_tl_100_w2" custom="readingOrder {index:1;}">
                    <Coords points="406,3565 406,3625 562,3625 562,3565"/>
                    <TextEquiv>
                        <Unicode>allzusehr</Unicode>
                    </TextEquiv>
                </Word>
                <Word id="tr_2_tl_100_w3" custom="readingOrder {index:2;}">
                    <Coords points="583,3565 583,3625 643,3625 643,3565"/>
                    <TextEquiv>
                        <Unicode>und</Unicode>
                    </TextEquiv>
                </Word>
                <Word id="tr_2_tl_100_w4" custom="readingOrder {index:3;}">
                    <Coords points="664,3567 664,3627 739,3627 739,3567"/>
                    <TextEquiv>
                        <Unicode>ohne</Unicode>
                    </TextEquiv>
                </Word>
                <Word id="tr_2_tl_100_w5" custom="readingOrder {index:4;}">
                    <Coords points="765,3567 765,3627 885,3627 885,3567"/>
                    <TextEquiv>
                        <Unicode>Unter¬</Unicode>
                    </TextEquiv>
                </Word>
                <TextEquiv>
                    <Unicode>Ergänglichkeit allzusehr und ohne Unter¬</Unicode>
                </TextEquiv>
            </TextLine>
            <TextLine id="tr_2_tl_101" custom="readingOrder {index:100;}">
                <Coords points="940,3620 1981,3639 1962,3590 1771,3574 939,3570"/>
                <Baseline points="946,3605 997,3608 1049,3609 1101,3611 1153,3613 1205,3614 1257,3614 1309,3614 1361,3614 1413,3614 1465,3614 1516,3614 1568,3617 1620,3617 1672,3618 1724,3621 1776,3623 1828,3623 1880,3623 1932,3623 1984,3626"/>
                <Word id="tr_2_tl_101_w1" custom="readingOrder {index:0;}">
                    <Coords points="939,3568 939,3628 1124,3628 1124,3568"/>
                    <TextEquiv>
                        <Unicode>Schnitzlers</Unicode>
                    </TextEquiv>
                </Word>
                <Word id="tr_2_tl_101_w2" custom="readingOrder {index:1;}">
                    <Coords points="1165,3574 1165,3634 1365,3634 1365,3574"/>
                    <TextEquiv>
                        <Unicode>schicksalhast</Unicode>
                    </TextEquiv>
                </Word>
                <Word id="tr_2_tl_101_w3" custom="readingOrder {index:2;}">
                    <Coords points="1406,3574 1406,3634 1587,3634 1587,3574"/>
                    <TextEquiv>
                        <Unicode>verbunden</Unicode>
                    </TextEquiv>
                </Word>
                <Word id="tr_2_tl_101_w4" custom="readingOrder {index:3;}">
                    <Coords points="1633,3578 1633,3638 1723,3638 1723,3578"/>
                    <TextEquiv>
                        <Unicode>durch</Unicode>
                    </TextEquiv>
                </Word>
                <Word id="tr_2_tl_101_w5" custom="readingOrder {index:4;}">
                    <Coords points="1753,3583 1753,3643 1848,3643 1848,3583"/>
                    <TextEquiv>
                        <Unicode>Logik</Unicode>
                    </TextEquiv>
                </Word>
                <Word id="tr_2_tl_101_w6" custom="readingOrder {index:5;}">
                    <Coords points="1884,3583 1884,3643 1939,3643 1939,3583"/>
                    <TextEquiv>
                        <Unicode>des</Unicode>
                    </TextEquiv>
                </Word>
                <TextEquiv>
                    <Unicode>Schnitzlers schicksalhast verbunden durch Logik des</Unicode>
                </TextEquiv>
            </TextLine>
            <TextEquiv>
                <Unicode></Unicode>
            </TextEquiv>
        </TextRegion>
        <TextRegion orientation="0.0" id="tr_3" custom="readingOrder {index:2;}">
            <Coords points="2023,1660 2023,3657 3080,3657 3080,1660"/>
            <TextLine id="tr_3_tl_1" custom="readingOrder {index:0;}">
                <Coords points="2057,1687 3008,1720 3074,1717 3073,1659 2056,1646"/>
                <Baseline points="2065,1680 2115,1683 2166,1686 2216,1687 2267,1689 2318,1689 2368,1694 2419,1695 2469,1695 2520,1698 2571,1698 2621,1699 2672,1701 2722,1701 2773,1703 2824,1701 2874,1704 2925,1704 2975,1705 3026,1707 3077,1704"/>
                <Word id="tr_3_tl_1_w1" custom="readingOrder {index:0;}">
                    <Coords points="2057,1643 2057,1703 2198,1703 2198,1643"/>
                    <TextEquiv>
                        <Unicode>Gefühls</Unicode>
                    </TextEquiv>
                </Word>
                <Word id="tr_3_tl_1_w2" custom="readingOrder {index:1;}">
                    <Coords points="2227,1648 2227,1708 2283,1708 2283,1648"/>
                    <TextEquiv>
                        <Unicode>und</Unicode>
                    </TextEquiv>
                </Word>
                <Word id="tr_3_tl_1_w3" custom="readingOrder {index:2;}">
                    <Coords points="2312,1654 2312,1714 2424,1714 2424,1654"/>
                    <TextEquiv>
                        <Unicode>Wissen</Unicode>
                    </TextEquiv>
                </Word>
                <Word id="tr_3_tl_1_w4" custom="readingOrder {index:3;}">
                    <Coords points="2453,1655 2453,1715 2487,1715 2487,1655"/>
                    <TextEquiv>
                        <Unicode>um</Unicode>
                    </TextEquiv>
                </Word>
                <Word id="tr_3_tl_1_w5" custom="readingOrder {index:4;}">
                    <Coords points="2527,1658 2527,1718 2600,1718 2600,1658"/>
                    <TextEquiv>
                        <Unicode>das,</Unicode>
                    </TextEquiv>
                </Word>
                <Word id="tr_3_tl_1_w6" custom="readingOrder {index:5;}">
                    <Coords points="2618,1660 2618,1720 2686,1720 2686,1660"/>
                    <TextEquiv>
                        <Unicode>was</Unicode>
                    </TextEquiv>
                </Word>
                <Word id="tr_3_tl_1_w7" custom="readingOrder {index:6;}">
                    <Coords points="2714,1662 2714,1722 2816,1722 2816,1662"/>
                    <TextEquiv>
                        <Unicode>hinter</Unicode>
                    </TextEquiv>
                </Word>
                <Word id="tr_3_tl_1_w8" custom="readingOrder {index:7;}">
                    <Coords points="2839,1663 2839,1723 2889,1723 2889,1663"/>
                    <TextEquiv>
                        <Unicode>dem</Unicode>
                    </TextEquiv>
                </Word>
                <Word id="tr_3_tl_1_w9" custom="readingOrder {index:8;}">
                    <Coords points="2924,1665 2924,1725 3071,1725 3071,1665"/>
                    <TextEquiv>
                        <Unicode>Schleier</Unicode>
                    </TextEquiv>
                </Word>
                <TextEquiv>
                    <Unicode>Gefühls und Wissen um das, was hinter dem Schleier</Unicode>
                </TextEquiv>
            </TextLine>
            <TextLine id="tr_3_tl_2" custom="readingOrder {index:1;}">
                <Coords points="2066,1747 3070,1760 3078,1723 2065,1690"/>
                <Baseline points="2074,1722 2124,1725 2174,1728 2224,1728 2275,1728 2325,1728 2375,1732 2426,1734 2476,1734 2526,1737 2577,1737 2627,1738 2677,1740 2727,1741 2778,1742 2828,1742 2878,1745 2929,1742 2979,1743 3029,1747 3080,1745"/>
                <Word id="tr_3_tl_2_w1" custom="readingOrder {index:0;}">
                    <Coords points="2060,1682 2060,1742 2107,1742 2107,1682"/>
                    <TextEquiv>
                        <Unicode>sich</Unicode>
                    </TextEquiv>
                </Word>
                <Word id="tr_3_tl_2_w2" custom="readingOrder {index:1;}">
                    <Coords points="2134,1688 2134,1748 2260,1748 2260,1688"/>
                    <TextEquiv>
                        <Unicode>begibt.</Unicode>
                    </TextEquiv>
                </Word>
                <Word id="tr_3_tl_2_w3" custom="readingOrder {index:2;}">
                    <Coords points="2298,1688 2298,1748 2372,1748 2372,1688"/>
                    <TextEquiv>
                        <Unicode>Der</Unicode>
                    </TextEquiv>
                </Word>
                <Word id="tr_3_tl_2_w4" custom="readingOrder {index:3;}">
                    <Coords points="2404,1694 2404,1754 2535,1754 2535,1694"/>
                    <TextEquiv>
                        <Unicode>Zauber</Unicode>
                    </TextEquiv>
                </Word>
                <Word id="tr_3_tl_2_w5" custom="readingOrder {index:4;}">
                    <Coords points="2568,1697 2568,1757 2621,1757 2621,1697"/>
                    <TextEquiv>
                        <Unicode>der</Unicode>
                    </TextEquiv>
                </Word>
                <Word id="tr_3_tl_2_w6" custom="readingOrder {index:5;}">
                    <Coords points="2653,1701 2653,1761 2901,1761 2901,1701"/>
                    <TextEquiv>
                        <Unicode>Persönlichkeit</Unicode>
                    </TextEquiv>
                </Word>
                <Word id="tr_3_tl_2_w7" custom="readingOrder {index:6;}">
                    <Coords points="2928,1704 2928,1764 3070,1764 3070,1704"/>
                    <TextEquiv>
                        <Unicode>Schnitz¬</Unicode>
                    </TextEquiv>
                </Word>
                <TextEquiv>
                    <Unicode>sich begibt. Der Zauber der Persönlichkeit Schnitz¬</Unicode>
                </TextEquiv>
            </TextLine>
            <TextLine id="tr_3_tl_3" custom="readingOrder {index:2;}">
                <Coords points="2053,1769 2794,1803 3048,1795 3074,1764 2052,1731"/>
                <Baseline points="2059,1760 2109,1763 2160,1764 2211,1767 2262,1769 2313,1769 2364,1769 2415,1769 2466,1772 2517,1773 2568,1775 2618,1776 2669,1778 2720,1778 2771,1781 2822,1781 2873,1782 2924,1784 2975,1784 3026,1784 3077,1781"/>
                <Word id="tr_3_tl_3_w1" custom="readingOrder {index:0;}">
                    <Coords points="2051,1721 2051,1781 2119,1781 2119,1721"/>
                    <TextEquiv>
                        <Unicode>lers</Unicode>
                    </TextEquiv>
                </Word>
                <Word id="tr_3_tl_3_w2" custom="readingOrder {index:1;}">
                    <Coords points="2164,1726 2164,1786 2237,1786 2237,1726"/>
                    <TextEquiv>
                        <Unicode>läßt</Unicode>
                    </TextEquiv>
                </Word>
                <Word id="tr_3_tl_3_w3" custom="readingOrder {index:2;}">
                    <Coords points="2272,1729 2272,1789 2355,1789 2355,1729"/>
                    <TextEquiv>
                        <Unicode>nicht</Unicode>
                    </TextEquiv>
                </Word>
                <Word id="tr_3_tl_3_w4" custom="readingOrder {index:3;}">
                    <Coords points="2390,1730 2390,1790 2493,1790 2493,1730"/>
                    <TextEquiv>
                        <Unicode>eine</Unicode>
                    </TextEquiv>
                </Word>
                <Word id="tr_3_tl_3_w5" custom="readingOrder {index:4;}">
                    <Coords points="2523,1737 2523,1797 2778,1797 2778,1737"/>
                    <TextEquiv>
                        <Unicode>Banalisierung</Unicode>
                    </TextEquiv>
                </Word>
                <Word id="tr_3_tl_3_w6" custom="readingOrder {index:5;}">
                    <Coords points="2818,1741 2818,1801 2905,1801 2905,1741"/>
                    <TextEquiv>
                        <Unicode>einer</Unicode>
                    </TextEquiv>
                </Word>
                <Word id="tr_3_tl_3_w7" custom="readingOrder {index:6;}">
                    <Coords points="2936,1744 2936,1804 3068,1804 3068,1744"/>
                    <TextEquiv>
                        <Unicode>Liebes¬</Unicode>
                    </TextEquiv>
                </Word>
                <TextEquiv>
                    <Unicode>lers läßt nicht eine Banalisierung einer Liebes¬</Unicode>
                </TextEquiv>
            </TextLine>
            <TextLine id="tr_3_tl_4" custom="readingOrder {index:3;}">
                <Coords points="2052,1814 3064,1843 3073,1795 2051,1770"/>
                <Baseline points="2059,1805 2109,1805 2160,1805 2211,1807 2262,1809 2313,1808 2364,1810 2415,1811 2466,1814 2517,1814 2568,1815 2618,1817 2669,1817 2720,1817 2771,1820 2822,1820 2873,1823 2924,1823 2975,1824 3026,1826 3077,1823"/>
                <Word id="tr_3_tl_4_w1" custom="readingOrder {index:0;}">
                    <Coords points="2050,1765 2050,1825 2207,1825 2207,1765"/>
                    <TextEquiv>
                        <Unicode>geschichte</Unicode>
                    </TextEquiv>
                </Word>
                <Word id="tr_3_tl_4_w2" custom="readingOrder {index:1;}">
                    <Coords points="2232,1768 2232,1828 2281,1828 2281,1768"/>
                    <TextEquiv>
                        <Unicode>zu.</Unicode>
                    </TextEquiv>
                </Word>
                <Word id="tr_3_tl_4_w3" custom="readingOrder {index:2;}">
                    <Coords points="2316,1770 2316,1830 2424,1830 2424,1770"/>
                    <TextEquiv>
                        <Unicode>Seine</Unicode>
                    </TextEquiv>
                </Word>
                <Word id="tr_3_tl_4_w4" custom="readingOrder {index:3;}">
                    <Coords points="2454,1774 2454,1834 2551,1834 2551,1774"/>
                    <TextEquiv>
                        <Unicode>Weise</Unicode>
                    </TextEquiv>
                </Word>
                <Word id="tr_3_tl_4_w5" custom="readingOrder {index:4;}">
                    <Coords points="2576,1776 2576,1836 2635,1836 2635,1776"/>
                    <TextEquiv>
                        <Unicode>vom</Unicode>
                    </TextEquiv>
                </Word>
                <Word id="tr_3_tl_4_w6" custom="readingOrder {index:5;}">
                    <Coords points="2675,1777 2675,1837 2793,1837 2793,1777"/>
                    <TextEquiv>
                        <Unicode>Leben,</Unicode>
                    </TextEquiv>
                </Word>
                <Word id="tr_3_tl_4_w7" custom="readingOrder {index:6;}">
                    <Coords points="2813,1781 2813,1841 2866,1841 2866,1781"/>
                    <TextEquiv>
                        <Unicode>von</Unicode>
                    </TextEquiv>
                </Word>
                <Word id="tr_3_tl_4_w8" custom="readingOrder {index:7;}">
                    <Coords points="2896,1783 2896,1843 2950,1843 2950,1783"/>
                    <TextEquiv>
                        <Unicode>der</Unicode>
                    </TextEquiv>
                </Word>
                <Word id="tr_3_tl_4_w9" custom="readingOrder {index:8;}">
                    <Coords points="2975,1785 2975,1845 3068,1845 3068,1785"/>
                    <TextEquiv>
                        <Unicode>Liebe</Unicode>
                    </TextEquiv>
                </Word>
                <TextEquiv>
                    <Unicode>geschichte zu. Seine Weise vom Leben, von der Liebe</Unicode>
                </TextEquiv>
            </TextLine>
            <TextLine id="tr_3_tl_5" custom="readingOrder {index:4;}">
                <Coords points="2052,1847 3038,1878 3074,1842 2051,1818"/>
                <Baseline points="2059,1841 2109,1844 2160,1847 2211,1848 2262,1850 2313,1850 2364,1850 2415,1853 2466,1853 2517,1854 2568,1856 2618,1856 2669,1858 2720,1859 2771,1862 2822,1862 2873,1862 2924,1862 2975,1863 3026,1865 3077,1865"/>
                <Word id="tr_3_tl_5_w1" custom="readingOrder {index:0;}">
                    <Coords points="2055,1802 2055,1862 2114,1862 2114,1802"/>
                    <TextEquiv>
                        <Unicode>und</Unicode>
                    </TextEquiv>
                </Word>
                <Word id="tr_3_tl_5_w2" custom="readingOrder {index:1;}">
                    <Coords points="2144,1807 2144,1867 2197,1867 2197,1807"/>
                    <TextEquiv>
                        <Unicode>vom</Unicode>
                    </TextEquiv>
                </Word>
                <Word id="tr_3_tl_5_w3" custom="readingOrder {index:2;}">
                    <Coords points="2242,1810 2242,1870 2310,1870 2310,1810"/>
                    <TextEquiv>
                        <Unicode>Tod</Unicode>
                    </TextEquiv>
                </Word>
                <Word id="tr_3_tl_5_w4" custom="readingOrder {index:3;}">
                    <Coords points="2335,1810 2335,1870 2389,1870 2389,1810"/>
                    <TextEquiv>
                        <Unicode>hat</Unicode>
                    </TextEquiv>
                </Word>
                <Word id="tr_3_tl_5_w5" custom="readingOrder {index:4;}">
                    <Coords points="2414,1813 2414,1873 2463,1873 2463,1813"/>
                    <TextEquiv>
                        <Unicode>oft</Unicode>
                    </TextEquiv>
                </Word>
                <Word id="tr_3_tl_5_w6" custom="readingOrder {index:5;}">
                    <Coords points="2488,1814 2488,1874 2586,1874 2586,1814"/>
                    <TextEquiv>
                        <Unicode>etwas</Unicode>
                    </TextEquiv>
                </Word>
                <Word id="tr_3_tl_5_w7" custom="readingOrder {index:6;}">
                    <Coords points="2621,1820 2621,1880 2886,1880 2886,1820"/>
                    <TextEquiv>
                        <Unicode>Balladenhaftes</Unicode>
                    </TextEquiv>
                </Word>
                <Word id="tr_3_tl_5_w8" custom="readingOrder {index:7;}">
                    <Coords points="2921,1823 2921,1883 3068,1883 3068,1823"/>
                    <TextEquiv>
                        <Unicode>(Medar¬</Unicode>
                    </TextEquiv>
                </Word>
                <TextEquiv>
                    <Unicode>und vom Tod hat oft etwas Balladenhaftes (Medar¬</Unicode>
                </TextEquiv>
            </TextLine>
            <TextLine id="tr_3_tl_6" custom="readingOrder {index:5;}">
                <Coords points="2056,1888 3068,1909 3066,1869 2055,1852"/>
                <Baseline points="2062,1880 2112,1883 2162,1885 2213,1885 2263,1888 2314,1888 2364,1894 2415,1892 2465,1895 2516,1895 2566,1895 2616,1896 2667,1898 2717,1898 2768,1900 2818,1898 2869,1901 2919,1901 2970,1905 3020,1906 3071,1904"/>
                <Word id="tr_3_tl_6_w1" custom="readingOrder {index:0;}">
                    <Coords points="2050,1842 2050,1902 2155,1902 2155,1842"/>
                    <TextEquiv>
                        <Unicode>dus!).</Unicode>
                    </TextEquiv>
                </Word>
                <Word id="tr_3_tl_6_w2" custom="readingOrder {index:1;}">
                    <Coords points="2202,1846 2202,1906 2263,1906 2263,1846"/>
                    <TextEquiv>
                        <Unicode>Sie</Unicode>
                    </TextEquiv>
                </Word>
                <Word id="tr_3_tl_6_w3" custom="readingOrder {index:2;}">
                    <Coords points="2294,1851 2294,1911 2395,1911 2395,1851"/>
                    <TextEquiv>
                        <Unicode>klingt</Unicode>
                    </TextEquiv>
                </Word>
                <Word id="tr_3_tl_6_w4" custom="readingOrder {index:3;}">
                    <Coords points="2421,1854 2421,1914 2481,1914 2481,1854"/>
                    <TextEquiv>
                        <Unicode>mit</Unicode>
                    </TextEquiv>
                </Word>
                <Word id="tr_3_tl_6_w5" custom="readingOrder {index:4;}">
                    <Coords points="2512,1855 2512,1915 2563,1915 2563,1855"/>
                    <TextEquiv>
                        <Unicode>der</Unicode>
                    </TextEquiv>
                </Word>
                <Word id="tr_3_tl_6_w6" custom="readingOrder {index:5;}">
                    <Coords points="2589,1858 2589,1918 2797,1918 2797,1858"/>
                    <TextEquiv>
                        <Unicode>Schwermut</Unicode>
                    </TextEquiv>
                </Word>
                <Word id="tr_3_tl_6_w7" custom="readingOrder {index:6;}">
                    <Coords points="2823,1861 2823,1921 2949,1921 2949,1861"/>
                    <TextEquiv>
                        <Unicode>Lenaus</Unicode>
                    </TextEquiv>
                </Word>
                <Word id="tr_3_tl_6_w8" custom="readingOrder {index:7;}">
                    <Coords points="2986,1865 2986,1925 3061,1925 3061,1865"/>
                    <TextEquiv>
                        <Unicode>über</Unicode>
                    </TextEquiv>
                </Word>
                <TextEquiv>
                    <Unicode>dus!). Sie klingt mit der Schwermut Lenaus über</Unicode>
                </TextEquiv>
            </TextLine>
            <TextLine id="tr_3_tl_7" custom="readingOrder {index:6;}">
                <Coords points="2056,1927 3051,1956 3060,1909 2055,1888"/>
                <Baseline points="2062,1919 2112,1925 2162,1926 2212,1928 2262,1928 2312,1928 2362,1930 2413,1931 2463,1934 2513,1934 2563,1934 2613,1936 2663,1937 2713,1939 2764,1939 2814,1939 2864,1939 2914,1939 2964,1942 3014,1942 3065,1945"/>
                <Word id="tr_3_tl_7_w1" custom="readingOrder {index:0;}">
                    <Coords points="2055,1880 2055,1940 2094,1940 2094,1880"/>
                    <TextEquiv>
                        <Unicode>ein</Unicode>
                    </TextEquiv>
                </Word>
                <Word id="tr_3_tl_7_w2" custom="readingOrder {index:1;}">
                    <Coords points="2135,1887 2135,1947 2245,1947 2245,1887"/>
                    <TextEquiv>
                        <Unicode>weites</Unicode>
                    </TextEquiv>
                </Word>
                <Word id="tr_3_tl_7_w3" custom="readingOrder {index:2;}">
                    <Coords points="2281,1888 2281,1948 2381,1948 2381,1888"/>
                    <TextEquiv>
                        <Unicode>Land.</Unicode>
                    </TextEquiv>
                </Word>
                <Word id="tr_3_tl_7_w4" custom="readingOrder {index:3;}">
                    <Coords points="2432,1894 2432,1954 2501,1954 2501,1894"/>
                    <TextEquiv>
                        <Unicode>Und</Unicode>
                    </TextEquiv>
                </Word>
                <Word id="tr_3_tl_7_w5" custom="readingOrder {index:4;}">
                    <Coords points="2537,1894 2537,1954 2637,1954 2637,1894"/>
                    <TextEquiv>
                        <Unicode>dieses</Unicode>
                    </TextEquiv>
                </Word>
                <Word id="tr_3_tl_7_w6" custom="readingOrder {index:5;}">
                    <Coords points="2673,1899 2673,1959 2758,1959 2758,1899"/>
                    <TextEquiv>
                        <Unicode>Land</Unicode>
                    </TextEquiv>
                </Word>
                <Word id="tr_3_tl_7_w7" custom="readingOrder {index:6;}">
                    <Coords points="2793,1899 2793,1959 2913,1959 2913,1899"/>
                    <TextEquiv>
                        <Unicode>lieben,</Unicode>
                    </TextEquiv>
                </Word>
                <Word id="tr_3_tl_7_w8" custom="readingOrder {index:7;}">
                    <Coords points="2944,1902 2944,1962 2989,1962 2989,1902"/>
                    <TextEquiv>
                        <Unicode>die</Unicode>
                    </TextEquiv>
                </Word>
                <Word id="tr_3_tl_7_w9" custom="readingOrder {index:8;}">
                    <Coords points="3025,1903 3025,1963 3054,1963 3054,1903"/>
                    <TextEquiv>
                        <Unicode>es</Unicode>
                    </TextEquiv>
                </Word>
                <TextEquiv>
                    <Unicode>ein weites Land. Und dieses Land lieben, die es</Unicode>
                </TextEquiv>
            </TextLine>
            <TextLine id="tr_3_tl_8" custom="readingOrder {index:7;}">
                <Coords points="2055,1969 3061,1994 3074,1953 2053,1927"/>
                <Baseline points="2062,1960 2112,1963 2163,1964 2214,1966 2265,1968 2315,1969 2366,1969 2417,1969 2468,1972 2518,1972 2569,1972 2620,1973 2671,1977 2721,1978 2772,1978 2823,1978 2874,1978 2924,1982 2975,1984 3026,1984 3077,1984"/>
                <Word id="tr_3_tl_8_w1" custom="readingOrder {index:0;}">
                    <Coords points="2048,1923 2048,1983 2183,1983 2183,1923"/>
                    <TextEquiv>
                        <Unicode>kennen.</Unicode>
                    </TextEquiv>
                </Word>
                <Word id="tr_3_tl_8_w2" custom="readingOrder {index:1;}">
                    <Coords points="2219,1926 2219,1986 2234,1986 2234,1926"/>
                    <TextEquiv>
                        <Unicode>O</Unicode>
                    </TextEquiv>
                </Word>
                <Word id="tr_3_tl_8_w3" custom="readingOrder {index:2;}">
                    <Coords points="2290,1928 2290,1988 2325,1988 2325,1928"/>
                    <TextEquiv>
                        <Unicode>du</Unicode>
                    </TextEquiv>
                </Word>
                <Word id="tr_3_tl_8_w4" custom="readingOrder {index:3;}">
                    <Coords points="2360,1929 2360,1989 2441,1989 2441,1929"/>
                    <TextEquiv>
                        <Unicode>mein</Unicode>
                    </TextEquiv>
                </Word>
                <Word id="tr_3_tl_8_w5" custom="readingOrder {index:4;}">
                    <Coords points="2472,1932 2472,1992 2689,1992 2689,1932"/>
                    <TextEquiv>
                        <Unicode>Oesterreich!</Unicode>
                    </TextEquiv>
                </Word>
                <Word id="tr_3_tl_8_w6" custom="readingOrder {index:5;}">
                    <Coords points="2730,1938 2730,1998 2795,1998 2795,1938"/>
                    <TextEquiv>
                        <Unicode>Die</Unicode>
                    </TextEquiv>
                </Word>
                <Word id="tr_3_tl_8_w7" custom="readingOrder {index:6;}">
                    <Coords points="2825,1938 2825,1998 2946,1998 2946,1938"/>
                    <TextEquiv>
                        <Unicode>Politik</Unicode>
                    </TextEquiv>
                </Word>
                <Word id="tr_3_tl_8_w8" custom="readingOrder {index:7;}">
                    <Coords points="2977,1944 2977,2004 3052,2004 3052,1944"/>
                    <TextEquiv>
                        <Unicode>kann</Unicode>
                    </TextEquiv>
                </Word>
                <TextEquiv>
                    <Unicode>kennen. O du mein Oesterreich! Die Politik kann</Unicode>
                </TextEquiv>
            </TextLine>
            <TextLine id="tr_3_tl_9" custom="readingOrder {index:8;}">
                <Coords points="2052,2008 3066,2031 3053,1988 2051,1966"/>
                <Baseline points="2059,2002 2109,2002 2159,2004 2210,2003 2260,2006 2311,2008 2361,2008 2412,2011 2462,2011 2513,2011 2563,2015 2613,2017 2664,2017 2714,2017 2765,2017 2815,2017 2866,2020 2916,2020 2967,2021 3017,2023 3068,2020"/>
                <Word id="tr_3_tl_9_w1" custom="readingOrder {index:0;}">
                    <Coords points="2051,1962 2051,2022 2091,2022 2091,1962"/>
                    <TextEquiv>
                        <Unicode>dir</Unicode>
                    </TextEquiv>
                </Word>
                <Word id="tr_3_tl_9_w2" custom="readingOrder {index:1;}">
                    <Coords points="2111,1963 2111,2023 2273,2023 2273,1963"/>
                    <TextEquiv>
                        <Unicode>allerhand</Unicode>
                    </TextEquiv>
                </Word>
                <Word id="tr_3_tl_9_w3" custom="readingOrder {index:2;}">
                    <Coords points="2299,1968 2299,2028 2420,2028 2420,1968"/>
                    <TextEquiv>
                        <Unicode>antun.</Unicode>
                    </TextEquiv>
                </Word>
                <Word id="tr_3_tl_9_w4" custom="readingOrder {index:3;}">
                    <Coords points="2451,1971 2451,2031 2536,2031 2536,1971"/>
                    <TextEquiv>
                        <Unicode>Aber</Unicode>
                    </TextEquiv>
                </Word>
                <Word id="tr_3_tl_9_w5" custom="readingOrder {index:4;}">
                    <Coords points="2558,1975 2558,2035 2603,2035 2603,1975"/>
                    <TextEquiv>
                        <Unicode>die</Unicode>
                    </TextEquiv>
                </Word>
                <Word id="tr_3_tl_9_w6" custom="readingOrder {index:5;}">
                    <Coords points="2629,1977 2629,2037 2730,2037 2730,1977"/>
                    <TextEquiv>
                        <Unicode>Union</Unicode>
                    </TextEquiv>
                </Word>
                <Word id="tr_3_tl_9_w7" custom="readingOrder {index:6;}">
                    <Coords points="2761,1977 2761,2037 2811,2037 2811,1977"/>
                    <TextEquiv>
                        <Unicode>der</Unicode>
                    </TextEquiv>
                </Word>
                <Word id="tr_3_tl_9_w8" custom="readingOrder {index:7;}">
                    <Coords points="2832,1980 2832,2040 2953,2040 2953,1980"/>
                    <TextEquiv>
                        <Unicode>Geister</Unicode>
                    </TextEquiv>
                </Word>
                <Word id="tr_3_tl_9_w9" custom="readingOrder {index:8;}">
                    <Coords points="2979,1982 2979,2042 3059,2042 3059,1982"/>
                    <TextEquiv>
                        <Unicode>wird</Unicode>
                    </TextEquiv>
                </Word>
                <TextEquiv>
                    <Unicode>dir allerhand antun. Aber die Union der Geister wird</Unicode>
                </TextEquiv>
            </TextLine>
            <TextLine id="tr_3_tl_10" custom="readingOrder {index:9;}">
                <Coords points="2051,2046 3031,2079 3062,2034 2049,2010"/>
                <Baseline points="2056,2038 2106,2041 2156,2045 2207,2047 2257,2047 2308,2047 2358,2049 2409,2050 2459,2053 2510,2050 2560,2053 2610,2054 2661,2058 2711,2059 2762,2059 2812,2059 2863,2059 2913,2059 2964,2062 3014,2062 3065,2059"/>
                <Word id="tr_3_tl_10_w1" custom="readingOrder {index:0;}">
                    <Coords points="2043,1999 2043,2059 2122,2059 2122,1999"/>
                    <TextEquiv>
                        <Unicode>nicht</Unicode>
                    </TextEquiv>
                </Word>
                <Word id="tr_3_tl_10_w2" custom="readingOrder {index:1;}">
                    <Coords points="2147,2007 2147,2067 2320,2067 2320,2007"/>
                    <TextEquiv>
                        <Unicode>geschieden</Unicode>
                    </TextEquiv>
                </Word>
                <Word id="tr_3_tl_10_w3" custom="readingOrder {index:2;}">
                    <Coords points="2369,2010 2369,2070 2458,2070 2458,2010"/>
                    <TextEquiv>
                        <Unicode>durch</Unicode>
                    </TextEquiv>
                </Word>
                <Word id="tr_3_tl_10_w4" custom="readingOrder {index:3;}">
                    <Coords points="2503,2011 2503,2071 2551,2071 2551,2011"/>
                    <TextEquiv>
                        <Unicode>die</Unicode>
                    </TextEquiv>
                </Word>
                <Word id="tr_3_tl_10_w5" custom="readingOrder {index:4;}">
                    <Coords points="2587,2018 2587,2078 2814,2078 2814,2018"/>
                    <TextEquiv>
                        <Unicode>rabulistischen</Unicode>
                    </TextEquiv>
                </Word>
                <Word id="tr_3_tl_10_w6" custom="readingOrder {index:5;}">
                    <Coords points="2854,2019 2854,2079 2972,2079 2972,2019"/>
                    <TextEquiv>
                        <Unicode>Künste</Unicode>
                    </TextEquiv>
                </Word>
                <Word id="tr_3_tl_10_w7" custom="readingOrder {index:6;}">
                    <Coords points="3007,2021 3007,2081 3055,2081 3055,2021"/>
                    <TextEquiv>
                        <Unicode>der</Unicode>
                    </TextEquiv>
                </Word>
                <TextEquiv>
                    <Unicode>nicht geschieden durch die rabulistischen Künste der</Unicode>
                </TextEquiv>
            </TextLine>
            <TextLine id="tr_3_tl_11" custom="readingOrder {index:10;}">
                <Coords points="2055,2087 3065,2113 3064,2072 2055,2047"/>
                <Baseline points="2062,2080 2112,2080 2162,2084 2212,2086 2263,2086 2313,2088 2363,2089 2414,2092 2464,2092 2514,2092 2565,2093 2615,2096 2665,2098 2715,2098 2766,2098 2816,2098 2866,2098 2917,2101 2967,2102 3017,2103 3068,2098"/>
                <Word id="tr_3_tl_11_w1" custom="readingOrder {index:0;}">
                    <Coords points="2049,2040 2049,2100 2181,2100 2181,2040"/>
                    <TextEquiv>
                        <Unicode>Politik.</Unicode>
                    </TextEquiv>
                </Word>
                <Word id="tr_3_tl_11_w2" custom="readingOrder {index:1;}">
                    <Coords points="2217,2046 2217,2106 2285,2106 2285,2046"/>
                    <TextEquiv>
                        <Unicode>Und</Unicode>
                    </TextEquiv>
                </Word>
                <Word id="tr_3_tl_11_w3" custom="readingOrder {index:2;}">
                    <Coords points="2315,2048 2315,2108 2340,2108 2340,2048"/>
                    <TextEquiv>
                        <Unicode>in</Unicode>
                    </TextEquiv>
                </Word>
                <Word id="tr_3_tl_11_w4" custom="readingOrder {index:3;}">
                    <Coords points="2370,2052 2370,2112 2541,2112 2541,2052"/>
                    <TextEquiv>
                        <Unicode>Schnitzler</Unicode>
                    </TextEquiv>
                </Word>
                <Word id="tr_3_tl_11_w5" custom="readingOrder {index:4;}">
                    <Coords points="2567,2056 2567,2116 2665,2116 2665,2056"/>
                    <TextEquiv>
                        <Unicode>haben</Unicode>
                    </TextEquiv>
                </Word>
                <Word id="tr_3_tl_11_w6" custom="readingOrder {index:5;}">
                    <Coords points="2695,2058 2695,2118 2753,2118 2753,2058"/>
                    <TextEquiv>
                        <Unicode>wir</Unicode>
                    </TextEquiv>
                </Word>
                <Word id="tr_3_tl_11_w7" custom="readingOrder {index:6;}">
                    <Coords points="2778,2058 2778,2118 2827,2118 2827,2058"/>
                    <TextEquiv>
                        <Unicode>den</Unicode>
                    </TextEquiv>
                </Word>
                <Word id="tr_3_tl_11_w8" custom="readingOrder {index:7;}">
                    <Coords points="2857,2061 2857,2121 2985,2121 2985,2061"/>
                    <TextEquiv>
                        <Unicode>Wiener</Unicode>
                    </TextEquiv>
                </Word>
                <Word id="tr_3_tl_11_w9" custom="readingOrder {index:8;}">
                    <Coords points="3010,2061 3010,2121 3063,2121 3063,2061"/>
                    <TextEquiv>
                        <Unicode>ge¬</Unicode>
                    </TextEquiv>
                </Word>
                <TextEquiv>
                    <Unicode>Politik. Und in Schnitzler haben wir den Wiener ge¬</Unicode>
                </TextEquiv>
            </TextLine>
            <TextLine id="tr_3_tl_12" custom="readingOrder {index:11;}">
                <Coords points="2040,2123 3053,2155 3072,2116 2253,2114 2039,2079"/>
                <Baseline points="2047,2119 2098,2119 2149,2123 2201,2125 2252,2125 2303,2125 2355,2128 2406,2128 2457,2130 2509,2131 2560,2133 2611,2133 2663,2135 2714,2136 2765,2136 2817,2139 2868,2139 2919,2139 2971,2139 3022,2141 3074,2139"/>
                <Word id="tr_3_tl_12_w1" custom="readingOrder {index:0;}">
                    <Coords points="2043,2079 2043,2139 2124,2139 2124,2079"/>
                    <TextEquiv>
                        <Unicode>liebt</Unicode>
                    </TextEquiv>
                </Word>
                <Word id="tr_3_tl_12_w2" custom="readingOrder {index:1;}">
                    <Coords points="2162,2084 2162,2144 2224,2144 2224,2084"/>
                    <TextEquiv>
                        <Unicode>und</Unicode>
                    </TextEquiv>
                </Word>
                <Word id="tr_3_tl_12_w3" custom="readingOrder {index:2;}">
                    <Coords points="2263,2086 2263,2146 2391,2146 2391,2086"/>
                    <TextEquiv>
                        <Unicode>werden</Unicode>
                    </TextEquiv>
                </Word>
                <Word id="tr_3_tl_12_w4" custom="readingOrder {index:3;}">
                    <Coords points="2435,2090 2435,2150 2487,2150 2487,2090"/>
                    <TextEquiv>
                        <Unicode>ihn</Unicode>
                    </TextEquiv>
                </Word>
                <Word id="tr_3_tl_12_w5" custom="readingOrder {index:4;}">
                    <Coords points="2531,2093 2531,2153 2659,2153 2659,2093"/>
                    <TextEquiv>
                        <Unicode>lieben,</Unicode>
                    </TextEquiv>
                </Word>
                <Word id="tr_3_tl_12_w6" custom="readingOrder {index:5;}">
                    <Coords points="2689,2096 2689,2156 2817,2156 2817,2096"/>
                    <TextEquiv>
                        <Unicode>solange</Unicode>
                    </TextEquiv>
                </Word>
                <Word id="tr_3_tl_12_w7" custom="readingOrder {index:6;}">
                    <Coords points="2861,2099 2861,2159 2927,2159 2927,2099"/>
                    <TextEquiv>
                        <Unicode>noch</Unicode>
                    </TextEquiv>
                </Word>
                <Word id="tr_3_tl_12_w8" custom="readingOrder {index:7;}">
                    <Coords points="2971,2100 2971,2160 3052,2160 3052,2100"/>
                    <TextEquiv>
                        <Unicode>diese</Unicode>
                    </TextEquiv>
                </Word>
                <TextEquiv>
                    <Unicode>liebt und werden ihn lieben, solange noch diese</Unicode>
                </TextEquiv>
            </TextLine>
            <TextLine id="tr_3_tl_13" custom="readingOrder {index:12;}">
                <Coords points="2040,2166 2577,2178 2753,2225 3068,2200 3066,2152 2962,2136 2040,2130"/>
                <Baseline points="2047,2157 2098,2160 2149,2161 2200,2163 2251,2163 2303,2163 2354,2166 2405,2166 2456,2172 2507,2172 2559,2173 2610,2175 2661,2177 2712,2178 2763,2178 2815,2181 2866,2179 2917,2181 2968,2181 3019,2183 3071,2187"/>
                <Word id="tr_3_tl_13_w1" custom="readingOrder {index:0;}">
                    <Coords points="2042,2120 2042,2180 2185,2180 2185,2120"/>
                    <TextEquiv>
                        <Unicode>Stimme</Unicode>
                    </TextEquiv>
                </Word>
                <Word id="tr_3_tl_13_w2" custom="readingOrder {index:1;}">
                    <Coords points="2211,2123 2211,2183 2292,2183 2292,2123"/>
                    <TextEquiv>
                        <Unicode>eines</Unicode>
                    </TextEquiv>
                </Word>
                <Word id="tr_3_tl_13_w3" custom="readingOrder {index:2;}">
                    <Coords points="2318,2126 2318,2186 2443,2186 2443,2126"/>
                    <TextEquiv>
                        <Unicode>Cellos,</Unicode>
                    </TextEquiv>
                </Word>
                <Word id="tr_3_tl_13_w4" custom="readingOrder {index:3;}">
                    <Coords points="2462,2132 2462,2192 2574,2192 2574,2132"/>
                    <TextEquiv>
                        <Unicode>gebaut</Unicode>
                    </TextEquiv>
                </Word>
                <Word id="tr_3_tl_13_w5" custom="readingOrder {index:4;}">
                    <Coords points="2594,2135 2594,2195 2650,2195 2650,2135"/>
                    <TextEquiv>
                        <Unicode>von</Unicode>
                    </TextEquiv>
                </Word>
                <Word id="tr_3_tl_13_w6" custom="readingOrder {index:5;}">
                    <Coords points="2682,2138 2682,2198 2762,2198 2762,2138"/>
                    <TextEquiv>
                        <Unicode>einem</Unicode>
                    </TextEquiv>
                </Word>
                <Word id="tr_3_tl_13_w7" custom="readingOrder {index:6;}">
                    <Coords points="2801,2139 2801,2199 2882,2199 2882,2139"/>
                    <TextEquiv>
                        <Unicode>alten</Unicode>
                    </TextEquiv>
                </Word>
                <Word id="tr_3_tl_13_w8" custom="readingOrder {index:7;}">
                    <Coords points="2907,2141 2907,2201 3057,2201 3057,2141"/>
                    <TextEquiv>
                        <Unicode>Meister,</Unicode>
                    </TextEquiv>
                </Word>
                <TextEquiv>
                    <Unicode>Stimme eines Cellos, gebaut von einem alten Meister,</Unicode>
                </TextEquiv>
            </TextLine>
            <TextLine id="tr_3_tl_14" custom="readingOrder {index:13;}">
                <Coords points="2042,2227 2181,2203 2569,2229 2599,2225 2598,2182 2039,2166"/>
                <Baseline points="2047,2199 2074,2199 2102,2200 2129,2202 2157,2202 2185,2202 2212,2204 2240,2205 2267,2205 2295,2205 2323,2205 2350,2207 2378,2208 2405,2208 2433,2210 2461,2211 2488,2211 2516,2211 2543,2211 2571,2213 2599,2211"/>
                <Word id="tr_3_tl_14_w1" custom="readingOrder {index:0;}">
                    <Coords points="2044,2159 2044,2219 2105,2219 2105,2159"/>
                    <TextEquiv>
                        <Unicode>uns</Unicode>
                    </TextEquiv>
                </Word>
                <Word id="tr_3_tl_14_w2" custom="readingOrder {index:1;}">
                    <Coords points="2132,2162 2132,2222 2157,2222 2157,2162"/>
                    <TextEquiv>
                        <Unicode>in</Unicode>
                    </TextEquiv>
                </Word>
                <Word id="tr_3_tl_14_w3" custom="readingOrder {index:2;}">
                    <Coords points="2189,2164 2189,2224 2255,2224 2255,2164"/>
                    <TextEquiv>
                        <Unicode>Ohr</Unicode>
                    </TextEquiv>
                </Word>
                <Word id="tr_3_tl_14_w4" custom="readingOrder {index:3;}">
                    <Coords points="2282,2165 2282,2225 2343,2225 2343,2165"/>
                    <TextEquiv>
                        <Unicode>und</Unicode>
                    </TextEquiv>
                </Word>
                <Word id="tr_3_tl_14_w5" custom="readingOrder {index:4;}">
                    <Coords points="2370,2168 2370,2228 2452,2228 2452,2168"/>
                    <TextEquiv>
                        <Unicode>Herz</Unicode>
                    </TextEquiv>
                </Word>
                <Word id="tr_3_tl_14_w6" custom="readingOrder {index:5;}">
                    <Coords points="2473,2171 2473,2231 2592,2231 2592,2171"/>
                    <TextEquiv>
                        <Unicode>klingt.</Unicode>
                    </TextEquiv>
                </Word>
                <TextEquiv>
                    <Unicode>uns in Ohr und Herz klingt.</Unicode>
                </TextEquiv>
            </TextLine>
            <TextLine id="tr_3_tl_15" custom="readingOrder {index:14;}">
                <Coords points="2112,2243 3060,2268 3059,2230 2981,2201 2847,2231 2112,2208"/>
                <Baseline points="2119,2238 2166,2238 2213,2241 2260,2244 2307,2244 2354,2245 2401,2247 2449,2248 2496,2250 2543,2251 2590,2253 2637,2253 2684,2255 2731,2256 2779,2256 2826,2258 2873,2256 2920,2256 2967,2259 3014,2259 3062,2262"/>
                <Word id="tr_3_tl_15_w1" custom="readingOrder {index:0;}">
                    <Coords points="2118,2200 2118,2260 2277,2260 2277,2200"/>
                    <TextEquiv>
                        <Unicode>Schweres</Unicode>
                    </TextEquiv>
                </Word>
                <Word id="tr_3_tl_15_w2" custom="readingOrder {index:1;}">
                    <Coords points="2306,2204 2306,2264 2360,2264 2360,2204"/>
                    <TextEquiv>
                        <Unicode>hat</Unicode>
                    </TextEquiv>
                </Word>
                <Word id="tr_3_tl_15_w3" custom="readingOrder {index:2;}">
                    <Coords points="2377,2207 2377,2267 2427,2267 2427,2207"/>
                    <TextEquiv>
                        <Unicode>der</Unicode>
                    </TextEquiv>
                </Word>
                <Word id="tr_3_tl_15_w4" custom="readingOrder {index:3;}">
                    <Coords points="2450,2210 2450,2270 2620,2270 2620,2210"/>
                    <TextEquiv>
                        <Unicode>Einsame,</Unicode>
                    </TextEquiv>
                </Word>
                <Word id="tr_3_tl_15_w5" custom="readingOrder {index:4;}">
                    <Coords points="2632,2215 2632,2275 2754,2275 2754,2215"/>
                    <TextEquiv>
                        <Unicode>Gütige</Unicode>
                    </TextEquiv>
                </Word>
                <Word id="tr_3_tl_15_w6" custom="readingOrder {index:5;}">
                    <Coords points="2776,2217 2776,2277 2836,2277 2836,2217"/>
                    <TextEquiv>
                        <Unicode>still</Unicode>
                    </TextEquiv>
                </Word>
                <Word id="tr_3_tl_15_w7" custom="readingOrder {index:6;}">
                    <Coords points="2854,2218 2854,2278 3057,2278 3057,2218"/>
                    <TextEquiv>
                        <Unicode>durchlitten.</Unicode>
                    </TextEquiv>
                </Word>
                <TextEquiv>
                    <Unicode>Schweres hat der Einsame, Gütige still durchlitten.</Unicode>
                </TextEquiv>
            </TextLine>
            <TextLine id="tr_3_tl_16" custom="readingOrder {index:15;}">
                <Coords points="2040,2278 2987,2314 3056,2307 3056,2270 2166,2262 2039,2225"/>
                <Baseline points="2047,2277 2097,2280 2148,2280 2198,2281 2249,2283 2300,2283 2350,2285 2401,2286 2451,2286 2502,2289 2553,2290 2603,2292 2654,2294 2704,2295 2755,2295 2806,2295 2856,2298 2907,2298 2957,2298 3008,2299 3059,2298"/>
                <Word id="tr_3_tl_16_w1" custom="readingOrder {index:0;}">
                    <Coords points="2043,2239 2043,2299 2141,2299 2141,2239"/>
                    <TextEquiv>
                        <Unicode>Seine</Unicode>
                    </TextEquiv>
                </Word>
                <Word id="tr_3_tl_16_w2" custom="readingOrder {index:1;}">
                    <Coords points="2171,2243 2171,2303 2327,2303 2327,2243"/>
                    <TextEquiv>
                        <Unicode>blühende</Unicode>
                    </TextEquiv>
                </Word>
                <Word id="tr_3_tl_16_w3" custom="readingOrder {index:2;}">
                    <Coords points="2357,2246 2357,2306 2455,2306 2455,2246"/>
                    <TextEquiv>
                        <Unicode>junge</Unicode>
                    </TextEquiv>
                </Word>
                <Word id="tr_3_tl_16_w4" custom="readingOrder {index:3;}">
                    <Coords points="2485,2249 2485,2309 2617,2309 2617,2249"/>
                    <TextEquiv>
                        <Unicode>Tochter</Unicode>
                    </TextEquiv>
                </Word>
                <Word id="tr_3_tl_16_w5" custom="readingOrder {index:4;}">
                    <Coords points="2647,2254 2647,2314 2701,2314 2701,2254"/>
                    <TextEquiv>
                        <Unicode>hat</Unicode>
                    </TextEquiv>
                </Word>
                <Word id="tr_3_tl_16_w6" custom="readingOrder {index:5;}">
                    <Coords points="2726,2255 2726,2315 2760,2315 2760,2255"/>
                    <TextEquiv>
                        <Unicode>er</Unicode>
                    </TextEquiv>
                </Word>
                <Word id="tr_3_tl_16_w7" custom="readingOrder {index:6;}">
                    <Coords points="2790,2255 2790,2315 2844,2315 2844,2255"/>
                    <TextEquiv>
                        <Unicode>auf</Unicode>
                    </TextEquiv>
                </Word>
                <Word id="tr_3_tl_16_w8" custom="readingOrder {index:7;}">
                    <Coords points="2869,2258 2869,2318 3050,2318 3050,2258"/>
                    <TextEquiv>
                        <Unicode>furchtbare</Unicode>
                    </TextEquiv>
                </Word>
                <TextEquiv>
                    <Unicode>Seine blühende junge Tochter hat er auf furchtbare</Unicode>
                </TextEquiv>
            </TextLine>
            <TextLine id="tr_3_tl_17" custom="readingOrder {index:16;}">
                <Coords points="2043,2323 3056,2346 3033,2304 2043,2285"/>
                <Baseline points="2050,2316 2100,2319 2150,2319 2201,2320 2251,2321 2302,2321 2352,2323 2403,2324 2453,2327 2504,2327 2554,2330 2604,2330 2655,2330 2705,2332 2756,2333 2806,2336 2857,2336 2907,2336 2958,2337 3008,2339 3059,2336"/>
                <Word id="tr_3_tl_17_w1" custom="readingOrder {index:0;}">
                    <Coords points="2037,2276 2037,2336 2096,2336 2096,2276"/>
                    <TextEquiv>
                        <Unicode>Art</Unicode>
                    </TextEquiv>
                </Word>
                <Word id="tr_3_tl_17_w2" custom="readingOrder {index:1;}">
                    <Coords points="2124,2280 2124,2340 2288,2340 2288,2280"/>
                    <TextEquiv>
                        <Unicode>verloren.</Unicode>
                    </TextEquiv>
                </Word>
                <Word id="tr_3_tl_17_w3" custom="readingOrder {index:2;}">
                    <Coords points="2347,2283 2347,2343 2457,2343 2457,2283"/>
                    <TextEquiv>
                        <Unicode>Seine</Unicode>
                    </TextEquiv>
                </Word>
                <Word id="tr_3_tl_17_w4" custom="readingOrder {index:3;}">
                    <Coords points="2485,2289 2485,2349 2594,2349 2594,2289"/>
                    <TextEquiv>
                        <Unicode>Treue</Unicode>
                    </TextEquiv>
                </Word>
                <Word id="tr_3_tl_17_w5" custom="readingOrder {index:4;}">
                    <Coords points="2626,2290 2626,2350 2712,2350 2712,2290"/>
                    <TextEquiv>
                        <Unicode>ward</Unicode>
                    </TextEquiv>
                </Word>
                <Word id="tr_3_tl_17_w6" custom="readingOrder {index:5;}">
                    <Coords points="2741,2294 2741,2354 2822,2354 2822,2294"/>
                    <TextEquiv>
                        <Unicode>nicht</Unicode>
                    </TextEquiv>
                </Word>
                <Word id="tr_3_tl_17_w7" custom="readingOrder {index:6;}">
                    <Coords points="2846,2296 2846,2356 2964,2356 2964,2296"/>
                    <TextEquiv>
                        <Unicode>immer</Unicode>
                    </TextEquiv>
                </Word>
                <Word id="tr_3_tl_17_w8" custom="readingOrder {index:7;}">
                    <Coords points="2997,2298 2997,2358 3051,2358 3051,2298"/>
                    <TextEquiv>
                        <Unicode>mit</Unicode>
                    </TextEquiv>
                </Word>
                <TextEquiv>
                    <Unicode>Art verloren. Seine Treue ward nicht immer mit</Unicode>
                </TextEquiv>
            </TextLine>
            <TextLine id="tr_3_tl_18" custom="readingOrder {index:17;}">
                <Coords points="2044,2366 3011,2394 3059,2386 3059,2349 2043,2322"/>
                <Baseline points="2050,2357 2100,2357 2151,2358 2201,2359 2252,2359 2303,2360 2353,2362 2404,2363 2454,2366 2505,2366 2556,2369 2606,2369 2657,2369 2707,2371 2758,2374 2809,2372 2859,2375 2910,2375 2960,2376 3011,2378 3062,2375"/>
                <Word id="tr_3_tl_18_w1" custom="readingOrder {index:0;}">
                    <Coords points="2042,2317 2042,2377 2140,2377 2140,2317"/>
                    <TextEquiv>
                        <Unicode>Treue</Unicode>
                    </TextEquiv>
                </Word>
                <Word id="tr_3_tl_18_w2" custom="readingOrder {index:1;}">
                    <Coords points="2165,2319 2165,2379 2313,2379 2313,2319"/>
                    <TextEquiv>
                        <Unicode>gelohnt.</Unicode>
                    </TextEquiv>
                </Word>
                <Word id="tr_3_tl_18_w3" custom="readingOrder {index:2;}">
                    <Coords points="2348,2326 2348,2386 2574,2386 2574,2326"/>
                    <TextEquiv>
                        <Unicode>Dankbarkeit</Unicode>
                    </TextEquiv>
                </Word>
                <Word id="tr_3_tl_18_w4" custom="readingOrder {index:3;}">
                    <Coords points="2594,2329 2594,2389 2648,2389 2648,2329"/>
                    <TextEquiv>
                        <Unicode>hat</Unicode>
                    </TextEquiv>
                </Word>
                <Word id="tr_3_tl_18_w5" custom="readingOrder {index:4;}">
                    <Coords points="2669,2330 2669,2390 2702,2390 2702,2330"/>
                    <TextEquiv>
                        <Unicode>er</Unicode>
                    </TextEquiv>
                </Word>
                <Word id="tr_3_tl_18_w6" custom="readingOrder {index:5;}">
                    <Coords points="2728,2332 2728,2392 2914,2392 2914,2332"/>
                    <TextEquiv>
                        <Unicode>wahrhaftig</Unicode>
                    </TextEquiv>
                </Word>
                <Word id="tr_3_tl_18_w7" custom="readingOrder {index:6;}">
                    <Coords points="2945,2335 2945,2395 2969,2395 2969,2335"/>
                    <TextEquiv>
                        <Unicode>in</Unicode>
                    </TextEquiv>
                </Word>
                <Word id="tr_3_tl_18_w8" custom="readingOrder {index:7;}">
                    <Coords points="2999,2337 2999,2397 3048,2397 3048,2337"/>
                    <TextEquiv>
                        <Unicode>ge¬</Unicode>
                    </TextEquiv>
                </Word>
                <TextEquiv>
                    <Unicode>Treue gelohnt. Dankbarkeit hat er wahrhaftig in ge¬</Unicode>
                </TextEquiv>
            </TextLine>
            <TextLine id="tr_3_tl_19" custom="readingOrder {index:18;}">
                <Coords points="2040,2400 3056,2433 3055,2387 2979,2379 2040,2364"/>
                <Baseline points="2047,2393 2097,2396 2148,2396 2198,2397 2249,2399 2300,2399 2350,2399 2401,2404 2451,2402 2502,2405 2553,2406 2603,2409 2654,2411 2704,2411 2755,2413 2806,2414 2856,2414 2907,2414 2957,2414 3008,2415 3059,2414"/>
                <Word id="tr_3_tl_19_w1" custom="readingOrder {index:0;}">
                    <Coords points="2034,2355 2034,2415 2139,2415 2139,2355"/>
                    <TextEquiv>
                        <Unicode>ringem</Unicode>
                    </TextEquiv>
                </Word>
                <Word id="tr_3_tl_19_w2" custom="readingOrder {index:1;}">
                    <Coords points="2183,2359 2183,2419 2350,2419 2350,2359"/>
                    <TextEquiv>
                        <Unicode>Ausmaße</Unicode>
                    </TextEquiv>
                </Word>
                <Word id="tr_3_tl_19_w3" custom="readingOrder {index:2;}">
                    <Coords points="2380,2362 2380,2422 2552,2422 2552,2362"/>
                    <TextEquiv>
                        <Unicode>gefunden.</Unicode>
                    </TextEquiv>
                </Word>
                <Word id="tr_3_tl_19_w4" custom="readingOrder {index:3;}">
                    <Coords points="2591,2370 2591,2430 2691,2430 2691,2370"/>
                    <TextEquiv>
                        <Unicode>Jetzt,</Unicode>
                    </TextEquiv>
                </Word>
                <Word id="tr_3_tl_19_w5" custom="readingOrder {index:4;}">
                    <Coords points="2711,2371 2711,2431 2744,2431 2744,2371"/>
                    <TextEquiv>
                        <Unicode>da</Unicode>
                    </TextEquiv>
                </Word>
                <Word id="tr_3_tl_19_w6" custom="readingOrder {index:5;}">
                    <Coords points="2773,2374 2773,2434 2839,2434 2839,2374"/>
                    <TextEquiv>
                        <Unicode>man</Unicode>
                    </TextEquiv>
                </Word>
                <Word id="tr_3_tl_19_w7" custom="readingOrder {index:6;}">
                    <Coords points="2874,2374 2874,2434 2907,2434 2907,2374"/>
                    <TextEquiv>
                        <Unicode>an</Unicode>
                    </TextEquiv>
                </Word>
                <Word id="tr_3_tl_19_w8" custom="readingOrder {index:7;}">
                    <Coords points="2936,2374 2936,2434 3036,2434 3036,2374"/>
                    <TextEquiv>
                        <Unicode>seinen</Unicode>
                    </TextEquiv>
                </Word>
                <TextEquiv>
                    <Unicode>ringem Ausmaße gefunden. Jetzt, da man an seinen</Unicode>
                </TextEquiv>
            </TextLine>
            <TextLine id="tr_3_tl_20" custom="readingOrder {index:19;}">
                <Coords points="2043,2440 3056,2472 3056,2433 2042,2400"/>
                <Baseline points="2050,2435 2100,2435 2150,2435 2201,2436 2251,2439 2302,2439 2352,2440 2403,2441 2453,2444 2504,2444 2554,2445 2604,2447 2655,2447 2705,2449 2756,2450 2806,2450 2857,2450 2907,2456 2958,2454 3008,2456 3059,2456"/>
                <Word id="tr_3_tl_20_w1" custom="readingOrder {index:0;}">
                    <Coords points="2036,2395 2036,2455 2060,2455 2060,2395"/>
                    <TextEquiv>
                        <Unicode>im</Unicode>
                    </TextEquiv>
                </Word>
                <Word id="tr_3_tl_20_w2" custom="readingOrder {index:1;}">
                    <Coords points="2110,2395 2110,2455 2267,2455 2267,2395"/>
                    <TextEquiv>
                        <Unicode>Frühling</Unicode>
                    </TextEquiv>
                </Word>
                <Word id="tr_3_tl_20_w3" custom="readingOrder {index:2;}">
                    <Coords points="2307,2403 2307,2463 2567,2463 2567,2403"/>
                    <TextEquiv>
                        <Unicode>bevorstehenden</Unicode>
                    </TextEquiv>
                </Word>
                <Word id="tr_3_tl_20_w4" custom="readingOrder {index:3;}">
                    <Coords points="2617,2407 2617,2467 2671,2467 2671,2407"/>
                    <TextEquiv>
                        <Unicode>70.</Unicode>
                    </TextEquiv>
                </Word>
                <Word id="tr_3_tl_20_w5" custom="readingOrder {index:4;}">
                    <Coords points="2696,2410 2696,2470 2897,2470 2897,2410"/>
                    <TextEquiv>
                        <Unicode>Geburtstag</Unicode>
                    </TextEquiv>
                </Word>
                <Word id="tr_3_tl_20_w6" custom="readingOrder {index:5;}">
                    <Coords points="2932,2415 2932,2475 3054,2475 3054,2415"/>
                    <TextEquiv>
                        <Unicode>dachte,</Unicode>
                    </TextEquiv>
                </Word>
                <TextEquiv>
                    <Unicode>im Frühling bevorstehenden 70. Geburtstag dachte,</Unicode>
                </TextEquiv>
            </TextLine>
            <TextLine id="tr_3_tl_21" custom="readingOrder {index:20;}">
                <Coords points="2027,2475 3055,2505 3027,2460 2026,2440"/>
                <Baseline points="2035,2471 2086,2474 2137,2475 2188,2477 2239,2477 2290,2477 2341,2477 2392,2480 2443,2483 2494,2483 2545,2484 2596,2486 2647,2488 2698,2489 2749,2489 2800,2492 2851,2492 2902,2493 2953,2495 3004,2495 3056,2498"/>
                <Word id="tr_3_tl_21_w1" custom="readingOrder {index:0;}">
                    <Coords points="2030,2434 2030,2494 2142,2494 2142,2434"/>
                    <TextEquiv>
                        <Unicode>besann</Unicode>
                    </TextEquiv>
                </Word>
                <Word id="tr_3_tl_21_w2" custom="readingOrder {index:1;}">
                    <Coords points="2187,2437 2187,2497 2255,2497 2255,2437"/>
                    <TextEquiv>
                        <Unicode>man</Unicode>
                    </TextEquiv>
                </Word>
                <Word id="tr_3_tl_21_w3" custom="readingOrder {index:2;}">
                    <Coords points="2299,2437 2299,2497 2348,2497 2348,2437"/>
                    <TextEquiv>
                        <Unicode>sich</Unicode>
                    </TextEquiv>
                </Word>
                <Word id="tr_3_tl_21_w4" custom="readingOrder {index:3;}">
                    <Coords points="2388,2441 2388,2501 2446,2501 2446,2441"/>
                    <TextEquiv>
                        <Unicode>auf</Unicode>
                    </TextEquiv>
                </Word>
                <Word id="tr_3_tl_21_w5" custom="readingOrder {index:4;}">
                    <Coords points="2486,2443 2486,2503 2529,2503 2529,2443"/>
                    <TextEquiv>
                        <Unicode>die</Unicode>
                    </TextEquiv>
                </Word>
                <Word id="tr_3_tl_21_w6" custom="readingOrder {index:5;}">
                    <Coords points="2560,2446 2560,2506 2652,2506 2652,2446"/>
                    <TextEquiv>
                        <Unicode>Fülle</Unicode>
                    </TextEquiv>
                </Word>
                <Word id="tr_3_tl_21_w7" custom="readingOrder {index:6;}">
                    <Coords points="2682,2449 2682,2509 2784,2509 2784,2449"/>
                    <TextEquiv>
                        <Unicode>seiner</Unicode>
                    </TextEquiv>
                </Word>
                <Word id="tr_3_tl_21_w8" custom="readingOrder {index:7;}">
                    <Coords points="2814,2453 2814,2513 3034,2513 3034,2453"/>
                    <TextEquiv>
                        <Unicode>dramatischen</Unicode>
                    </TextEquiv>
                </Word>
                <TextEquiv>
                    <Unicode>besann man sich auf die Fülle seiner dramatischen</Unicode>
                </TextEquiv>
            </TextLine>
            <TextLine id="tr_3_tl_22" custom="readingOrder {index:21;}">
                <Coords points="2022,2517 3001,2548 3057,2547 3056,2510 2021,2482"/>
                <Baseline points="2029,2513 2080,2513 2132,2515 2183,2515 2235,2517 2286,2518 2338,2518 2389,2518 2441,2521 2492,2521 2544,2523 2595,2524 2647,2526 2698,2527 2750,2527 2801,2530 2853,2530 2904,2532 2956,2533 3007,2533 3059,2533"/>
                <Word id="tr_3_tl_22_w1" custom="readingOrder {index:0;}">
                    <Coords points="2030,2473 2030,2533 2147,2533 2147,2473"/>
                    <TextEquiv>
                        <Unicode>Kunst.</Unicode>
                    </TextEquiv>
                </Word>
                <Word id="tr_3_tl_22_w2" custom="readingOrder {index:1;}">
                    <Coords points="2182,2475 2182,2535 2231,2535 2231,2475"/>
                    <TextEquiv>
                        <Unicode>So</Unicode>
                    </TextEquiv>
                </Word>
                <Word id="tr_3_tl_22_w3" custom="readingOrder {index:2;}">
                    <Coords points="2261,2478 2261,2538 2333,2538 2333,2478"/>
                    <TextEquiv>
                        <Unicode>geht</Unicode>
                    </TextEquiv>
                </Word>
                <Word id="tr_3_tl_22_w4" custom="readingOrder {index:3;}">
                    <Coords points="2354,2478 2354,2538 2388,2538 2388,2478"/>
                    <TextEquiv>
                        <Unicode>es</Unicode>
                    </TextEquiv>
                </Word>
                <Word id="tr_3_tl_22_w5" custom="readingOrder {index:4;}">
                    <Coords points="2418,2481 2418,2541 2471,2541 2471,2481"/>
                    <TextEquiv>
                        <Unicode>den</Unicode>
                    </TextEquiv>
                </Word>
                <Word id="tr_3_tl_22_w6" custom="readingOrder {index:5;}">
                    <Coords points="2506,2483 2506,2543 2653,2543 2653,2483"/>
                    <TextEquiv>
                        <Unicode>deutschen</Unicode>
                    </TextEquiv>
                </Word>
                <Word id="tr_3_tl_22_w7" custom="readingOrder {index:6;}">
                    <Coords points="2688,2490 2688,2550 2938,2550 2938,2490"/>
                    <TextEquiv>
                        <Unicode>Dramatikern.</Unicode>
                    </TextEquiv>
                </Word>
                <Word id="tr_3_tl_22_w8" custom="readingOrder {index:7;}">
                    <Coords points="2978,2493 2978,2553 3041,2553 3041,2493"/>
                    <TextEquiv>
                        <Unicode>Nie</Unicode>
                    </TextEquiv>
                </Word>
                <TextEquiv>
                    <Unicode>Kunst. So geht es den deutschen Dramatikern. Nie</Unicode>
                </TextEquiv>
            </TextLine>
            <TextLine id="tr_3_tl_23" custom="readingOrder {index:22;}">
                <Coords points="2040,2564 2872,2592 3040,2581 3049,2547 2039,2520"/>
                <Baseline points="2047,2554 2097,2551 2147,2552 2197,2554 2248,2555 2298,2555 2348,2556 2399,2560 2449,2557 2499,2560 2550,2564 2600,2566 2650,2566 2700,2566 2751,2566 2801,2569 2851,2569 2902,2572 2952,2572 3002,2572 3053,2575"/>
                <Word id="tr_3_tl_23_w1" custom="readingOrder {index:0;}">
                    <Coords points="2034,2513 2034,2573 2083,2573 2083,2513"/>
                    <TextEquiv>
                        <Unicode>hat</Unicode>
                    </TextEquiv>
                </Word>
                <Word id="tr_3_tl_23_w2" custom="readingOrder {index:1;}">
                    <Coords points="2109,2511 2109,2571 2139,2571 2139,2511"/>
                    <TextEquiv>
                        <Unicode>er</Unicode>
                    </TextEquiv>
                </Word>
                <Word id="tr_3_tl_23_w3" custom="readingOrder {index:2;}">
                    <Coords points="2170,2514 2170,2574 2240,2574 2240,2514"/>
                    <TextEquiv>
                        <Unicode>laut</Unicode>
                    </TextEquiv>
                </Word>
                <Word id="tr_3_tl_23_w4" custom="readingOrder {index:3;}">
                    <Coords points="2266,2515 2266,2575 2406,2575 2406,2515"/>
                    <TextEquiv>
                        <Unicode>geklagt.</Unicode>
                    </TextEquiv>
                </Word>
                <Word id="tr_3_tl_23_w5" custom="readingOrder {index:4;}">
                    <Coords points="2447,2519 2447,2579 2527,2579 2527,2519"/>
                    <TextEquiv>
                        <Unicode>Sein</Unicode>
                    </TextEquiv>
                </Word>
                <Word id="tr_3_tl_23_w6" custom="readingOrder {index:5;}">
                    <Coords points="2558,2526 2558,2586 2709,2586 2709,2526"/>
                    <TextEquiv>
                        <Unicode>Schmerz</Unicode>
                    </TextEquiv>
                </Word>
                <Word id="tr_3_tl_23_w7" custom="readingOrder {index:6;}">
                    <Coords points="2740,2529 2740,2589 2901,2589 2901,2529"/>
                    <TextEquiv>
                        <Unicode>wandelte</Unicode>
                    </TextEquiv>
                </Word>
                <Word id="tr_3_tl_23_w8" custom="readingOrder {index:7;}">
                    <Coords points="2932,2532 2932,2592 2971,2592 2971,2532"/>
                    <TextEquiv>
                        <Unicode>sich</Unicode>
                    </TextEquiv>
                </Word>
                <Word id="tr_3_tl_23_w9" custom="readingOrder {index:8;}">
                    <Coords points="3007,2533 3007,2593 3032,2593 3032,2533"/>
                    <TextEquiv>
                        <Unicode>in</Unicode>
                    </TextEquiv>
                </Word>
                <TextEquiv>
                    <Unicode>hat er laut geklagt. Sein Schmerz wandelte sich in</Unicode>
                </TextEquiv>
            </TextLine>
            <TextLine id="tr_3_tl_24" custom="readingOrder {index:23;}">
                <Coords points="2031,2596 3051,2623 3049,2578 2999,2570 2031,2560"/>
                <Baseline points="2038,2587 2088,2590 2139,2591 2190,2593 2241,2593 2291,2593 2342,2595 2393,2596 2444,2599 2494,2601 2545,2600 2596,2602 2647,2604 2697,2605 2748,2608 2799,2608 2850,2605 2900,2609 2951,2611 3002,2611 3053,2614"/>
                <Word id="tr_3_tl_24_w1" custom="readingOrder {index:0;}">
                    <Coords points="2031,2550 2031,2610 2175,2610 2175,2550"/>
                    <TextEquiv>
                        <Unicode>Dichtung</Unicode>
                    </TextEquiv>
                </Word>
                <Word id="tr_3_tl_24_w2" custom="readingOrder {index:1;}">
                    <Coords points="2212,2553 2212,2613 2274,2613 2274,2553"/>
                    <TextEquiv>
                        <Unicode>und</Unicode>
                    </TextEquiv>
                </Word>
                <Word id="tr_3_tl_24_w3" custom="readingOrder {index:2;}">
                    <Coords points="2301,2555 2301,2615 2477,2615 2477,2555"/>
                    <TextEquiv>
                        <Unicode>Weisheit.</Unicode>
                    </TextEquiv>
                </Word>
                <Word id="tr_3_tl_24_w4" custom="readingOrder {index:3;}">
                    <Coords points="2524,2560 2524,2620 2597,2620 2597,2560"/>
                    <TextEquiv>
                        <Unicode>Der</Unicode>
                    </TextEquiv>
                </Word>
                <Word id="tr_3_tl_24_w5" custom="readingOrder {index:4;}">
                    <Coords points="2623,2565 2623,2625 2778,2625 2778,2565"/>
                    <TextEquiv>
                        <Unicode>Wissende</Unicode>
                    </TextEquiv>
                </Word>
                <Word id="tr_3_tl_24_w6" custom="readingOrder {index:5;}">
                    <Coords points="2811,2566 2811,2626 2847,2626 2847,2566"/>
                    <TextEquiv>
                        <Unicode>ist</Unicode>
                    </TextEquiv>
                </Word>
                <Word id="tr_3_tl_24_w7" custom="readingOrder {index:6;}">
                    <Coords points="2878,2568 2878,2628 2914,2628 2914,2568"/>
                    <TextEquiv>
                        <Unicode>am</Unicode>
                    </TextEquiv>
                </Word>
                <Word id="tr_3_tl_24_w8" custom="readingOrder {index:7;}">
                    <Coords points="2956,2571 2956,2631 3049,2631 3049,2571"/>
                    <TextEquiv>
                        <Unicode>Ziel.</Unicode>
                    </TextEquiv>
                </Word>
                <TextEquiv>
                    <Unicode>Dichtung und Weisheit. Der Wissende ist am Ziel.</Unicode>
                </TextEquiv>
            </TextLine>
            <TextLine id="tr_3_tl_25" custom="readingOrder {index:24;}">
                <Coords points="2027,2635 3007,2665 3044,2661 3043,2618 2026,2595"/>
                <Baseline points="2035,2626 2085,2629 2136,2629 2186,2630 2237,2632 2288,2634 2338,2635 2389,2638 2439,2638 2490,2638 2541,2642 2591,2644 2642,2644 2692,2644 2743,2644 2794,2647 2844,2650 2895,2649 2945,2648 2996,2651 3047,2656"/>
                <Word id="tr_3_tl_25_w1" custom="readingOrder {index:0;}">
                    <Coords points="2031,2589 2031,2649 2139,2649 2139,2589"/>
                    <TextEquiv>
                        <Unicode>Letzter</Unicode>
                    </TextEquiv>
                </Word>
                <Word id="tr_3_tl_25_w2" custom="readingOrder {index:1;}">
                    <Coords points="2165,2590 2165,2650 2252,2650 2252,2590"/>
                    <TextEquiv>
                        <Unicode>Gruß</Unicode>
                    </TextEquiv>
                </Word>
                <Word id="tr_3_tl_25_w3" custom="readingOrder {index:2;}">
                    <Coords points="2284,2594 2284,2654 2366,2654 2366,2594"/>
                    <TextEquiv>
                        <Unicode>seine</Unicode>
                    </TextEquiv>
                </Word>
                <Word id="tr_3_tl_25_w4" custom="readingOrder {index:3;}">
                    <Coords points="2392,2598 2392,2658 2521,2658 2521,2598"/>
                    <TextEquiv>
                        <Unicode>Novelle</Unicode>
                    </TextEquiv>
                </Word>
                <Word id="tr_3_tl_25_w5" custom="readingOrder {index:4;}">
                    <Coords points="2547,2604 2547,2664 2675,2664 2675,2604"/>
                    <TextEquiv>
                        <Unicode>„Flucht</Unicode>
                    </TextEquiv>
                </Word>
                <Word id="tr_3_tl_25_w6" custom="readingOrder {index:5;}">
                    <Coords points="2702,2604 2702,2664 2722,2664 2722,2604"/>
                    <TextEquiv>
                        <Unicode>in</Unicode>
                    </TextEquiv>
                </Word>
                <Word id="tr_3_tl_25_w7" custom="readingOrder {index:6;}">
                    <Coords points="2754,2606 2754,2666 2800,2666 2800,2606"/>
                    <TextEquiv>
                        <Unicode>die</Unicode>
                    </TextEquiv>
                </Word>
                <Word id="tr_3_tl_25_w8" custom="readingOrder {index:7;}">
                    <Coords points="2821,2608 2821,2668 3047,2668 3047,2608"/>
                    <TextEquiv>
                        <Unicode>Finsternis",</Unicode>
                    </TextEquiv>
                </Word>
                <TextEquiv>
                    <Unicode>Letzter Gruß seine Novelle „Flucht in die Finsternis",</Unicode>
                </TextEquiv>
            </TextLine>
            <TextLine id="tr_3_tl_26" custom="readingOrder {index:25;}">
                <Coords points="2031,2674 3046,2703 3044,2661 2936,2649 2030,2635"/>
                <Baseline points="2038,2668 2088,2671 2138,2671 2189,2671 2239,2672 2290,2672 2340,2673 2391,2674 2441,2677 2492,2677 2542,2680 2592,2681 2643,2683 2693,2683 2744,2685 2794,2686 2845,2686 2895,2686 2946,2689 2996,2689 3047,2689"/>
                <Word id="tr_3_tl_26_w1" custom="readingOrder {index:0;}">
                    <Coords points="2030,2628 2030,2688 2070,2688 2070,2628"/>
                    <TextEquiv>
                        <Unicode>die</Unicode>
                    </TextEquiv>
                </Word>
                <Word id="tr_3_tl_26_w2" custom="readingOrder {index:1;}">
                    <Coords points="2095,2631 2095,2691 2206,2691 2206,2631"/>
                    <TextEquiv>
                        <Unicode>gerade</Unicode>
                    </TextEquiv>
                </Word>
                <Word id="tr_3_tl_26_w3" custom="readingOrder {index:2;}">
                    <Coords points="2232,2632 2232,2692 2298,2692 2298,2632"/>
                    <TextEquiv>
                        <Unicode>jetzt</Unicode>
                    </TextEquiv>
                </Word>
                <Word id="tr_3_tl_26_w4" custom="readingOrder {index:3;}">
                    <Coords points="2324,2633 2324,2693 2374,2693 2374,2633"/>
                    <TextEquiv>
                        <Unicode>bei</Unicode>
                    </TextEquiv>
                </Word>
                <Word id="tr_3_tl_26_w5" custom="readingOrder {index:4;}">
                    <Coords points="2390,2635 2390,2695 2435,2695 2435,2635"/>
                    <TextEquiv>
                        <Unicode>S.</Unicode>
                    </TextEquiv>
                </Word>
                <Word id="tr_3_tl_26_w6" custom="readingOrder {index:5;}">
                    <Coords points="2456,2638 2456,2698 2577,2698 2577,2638"/>
                    <TextEquiv>
                        <Unicode>Fischer</Unicode>
                    </TextEquiv>
                </Word>
                <Word id="tr_3_tl_26_w7" custom="readingOrder {index:6;}">
                    <Coords points="2603,2644 2603,2704 2867,2704 2867,2644"/>
                    <TextEquiv>
                        <Unicode>herauskommt.</Unicode>
                    </TextEquiv>
                </Word>
                <Word id="tr_3_tl_26_w8" custom="readingOrder {index:7;}">
                    <Coords points="2898,2648 2898,2708 2978,2708 2978,2648"/>
                    <TextEquiv>
                        <Unicode>Was</Unicode>
                    </TextEquiv>
                </Word>
                <Word id="tr_3_tl_26_w9" custom="readingOrder {index:8;}">
                    <Coords points="3004,2649 3004,2709 3039,2709 3039,2649"/>
                    <TextEquiv>
                        <Unicode>er</Unicode>
                    </TextEquiv>
                </Word>
                <TextEquiv>
                    <Unicode>die gerade jetzt bei S. Fischer herauskommt. Was er</Unicode>
                </TextEquiv>
            </TextLine>
            <TextLine id="tr_3_tl_27" custom="readingOrder {index:26;}">
                <Coords points="2027,2712 3044,2746 3043,2703 2026,2674"/>
                <Baseline points="2035,2704 2085,2707 2136,2708 2186,2709 2237,2711 2288,2712 2338,2712 2389,2712 2439,2715 2490,2715 2541,2716 2591,2719 2642,2721 2692,2721 2743,2723 2794,2724 2844,2724 2895,2727 2945,2727 2996,2728 3047,2730"/>
                <Word id="tr_3_tl_27_w1" custom="readingOrder {index:0;}">
                    <Coords points="2026,2664 2026,2724 2050,2724 2050,2664"/>
                    <TextEquiv>
                        <Unicode>in</Unicode>
                    </TextEquiv>
                </Word>
                <Word id="tr_3_tl_27_w2" custom="readingOrder {index:1;}">
                    <Coords points="2081,2667 2081,2727 2131,2727 2131,2667"/>
                    <TextEquiv>
                        <Unicode>den</Unicode>
                    </TextEquiv>
                </Word>
                <Word id="tr_3_tl_27_w3" custom="readingOrder {index:2;}">
                    <Coords points="2156,2670 2156,2730 2267,2730 2267,2670"/>
                    <TextEquiv>
                        <Unicode>reichen</Unicode>
                    </TextEquiv>
                </Word>
                <Word id="tr_3_tl_27_w4" custom="readingOrder {index:3;}">
                    <Coords points="2297,2672 2297,2732 2453,2732 2453,2672"/>
                    <TextEquiv>
                        <Unicode>Bänden,</Unicode>
                    </TextEquiv>
                </Word>
                <Word id="tr_3_tl_27_w5" custom="readingOrder {index:4;}">
                    <Coords points="2468,2675 2468,2735 2518,2735 2518,2675"/>
                    <TextEquiv>
                        <Unicode>dem</Unicode>
                    </TextEquiv>
                </Word>
                <Word id="tr_3_tl_27_w6" custom="readingOrder {index:5;}">
                    <Coords points="2560,2680 2560,2740 2675,2740 2675,2680"/>
                    <TextEquiv>
                        <Unicode>Ertrag</Unicode>
                    </TextEquiv>
                </Word>
                <Word id="tr_3_tl_27_w7" custom="readingOrder {index:6;}">
                    <Coords points="2701,2683 2701,2743 2796,2743 2796,2683"/>
                    <TextEquiv>
                        <Unicode>seines</Unicode>
                    </TextEquiv>
                </Word>
                <Word id="tr_3_tl_27_w8" custom="readingOrder {index:7;}">
                    <Coords points="2821,2687 2821,2747 3027,2747 3027,2687"/>
                    <TextEquiv>
                        <Unicode>dichterischen</Unicode>
                    </TextEquiv>
                </Word>
                <TextEquiv>
                    <Unicode>in den reichen Bänden, dem Ertrag seines dichterischen</Unicode>
                </TextEquiv>
            </TextLine>
            <TextLine id="tr_3_tl_28" custom="readingOrder {index:27;}">
                <Coords points="2035,2755 3009,2781 3047,2747 2034,2713"/>
                <Baseline points="2041,2742 2091,2745 2141,2746 2192,2749 2242,2750 2293,2750 2343,2753 2394,2754 2444,2754 2495,2754 2545,2757 2595,2758 2646,2760 2696,2760 2747,2760 2797,2763 2848,2766 2898,2766 2949,2766 2999,2768 3050,2772"/>
                <Word id="tr_3_tl_28_w1" custom="readingOrder {index:0;}">
                    <Coords points="2029,2705 2029,2765 2204,2765 2204,2705"/>
                    <TextEquiv>
                        <Unicode>Erlebens,</Unicode>
                    </TextEquiv>
                </Word>
                <Word id="tr_3_tl_28_w2" custom="readingOrder {index:1;}">
                    <Coords points="2225,2711 2225,2771 2421,2771 2421,2711"/>
                    <TextEquiv>
                        <Unicode>zurückläßt,</Unicode>
                    </TextEquiv>
                </Word>
                <Word id="tr_3_tl_28_w3" custom="readingOrder {index:2;}">
                    <Coords points="2436,2714 2436,2774 2461,2774 2461,2714"/>
                    <TextEquiv>
                        <Unicode>in</Unicode>
                    </TextEquiv>
                </Word>
                <Word id="tr_3_tl_28_w4" custom="readingOrder {index:3;}">
                    <Coords points="2497,2716 2497,2776 2587,2776 2587,2716"/>
                    <TextEquiv>
                        <Unicode>diesem</Unicode>
                    </TextEquiv>
                </Word>
                <Word id="tr_3_tl_28_w5" custom="readingOrder {index:4;}">
                    <Coords points="2633,2720 2633,2780 2819,2780 2819,2720"/>
                    <TextEquiv>
                        <Unicode>Augenblick</Unicode>
                    </TextEquiv>
                </Word>
                <Word id="tr_3_tl_28_w6" custom="readingOrder {index:5;}">
                    <Coords points="2844,2726 2844,2786 2874,2786 2874,2726"/>
                    <TextEquiv>
                        <Unicode>zu</Unicode>
                    </TextEquiv>
                </Word>
                <Word id="tr_3_tl_28_w7" custom="readingOrder {index:6;}">
                    <Coords points="2905,2726 2905,2786 3040,2786 3040,2726"/>
                    <TextEquiv>
                        <Unicode>werten,</Unicode>
                    </TextEquiv>
                </Word>
                <TextEquiv>
                    <Unicode>Erlebens, zurückläßt, in diesem Augenblick zu werten,</Unicode>
                </TextEquiv>
            </TextLine>
            <TextLine id="tr_3_tl_29" custom="readingOrder {index:28;}">
                <Coords points="2022,2790 3048,2810 3025,2774 2022,2749"/>
                <Baseline points="2029,2784 2080,2784 2131,2787 2182,2787 2233,2789 2284,2790 2335,2790 2386,2790 2437,2793 2488,2794 2539,2796 2590,2798 2641,2799 2692,2799 2743,2802 2794,2799 2845,2803 2896,2805 2947,2805 2998,2807 3050,2808"/>
                <Word id="tr_3_tl_29_w1" custom="readingOrder {index:0;}">
                    <Coords points="2026,2744 2026,2804 2111,2804 2111,2744"/>
                    <TextEquiv>
                        <Unicode>wäre</Unicode>
                    </TextEquiv>
                </Word>
                <Word id="tr_3_tl_29_w2" custom="readingOrder {index:1;}">
                    <Coords points="2145,2749 2145,2809 2337,2809 2337,2749"/>
                    <TextEquiv>
                        <Unicode>vermessen.</Unicode>
                    </TextEquiv>
                </Word>
                <Word id="tr_3_tl_29_w3" custom="readingOrder {index:2;}">
                    <Coords points="2400,2753 2400,2813 2519,2813 2519,2753"/>
                    <TextEquiv>
                        <Unicode>Vieles</Unicode>
                    </TextEquiv>
                </Word>
                <Word id="tr_3_tl_29_w4" custom="readingOrder {index:3;}">
                    <Coords points="2549,2758 2549,2818 2692,2818 2692,2758"/>
                    <TextEquiv>
                        <Unicode>Tapfere</Unicode>
                    </TextEquiv>
                </Word>
                <Word id="tr_3_tl_29_w5" custom="readingOrder {index:4;}">
                    <Coords points="2731,2761 2731,2821 2759,2821 2759,2761"/>
                    <TextEquiv>
                        <Unicode>im</Unicode>
                    </TextEquiv>
                </Word>
                <Word id="tr_3_tl_29_w6" custom="readingOrder {index:5;}">
                    <Coords points="2813,2764 2813,2824 2937,2824 2937,2764"/>
                    <TextEquiv>
                        <Unicode>Streite</Unicode>
                    </TextEquiv>
                </Word>
                <Word id="tr_3_tl_29_w7" custom="readingOrder {index:6;}">
                    <Coords points="2976,2767 2976,2827 3028,2827 3028,2767"/>
                    <TextEquiv>
                        <Unicode>des</Unicode>
                    </TextEquiv>
                </Word>
                <TextEquiv>
                    <Unicode>wäre vermessen. Vieles Tapfere im Streite des</Unicode>
                </TextEquiv>
            </TextLine>
            <TextLine id="tr_3_tl_30" custom="readingOrder {index:29;}">
                <Coords points="2027,2829 3047,2856 3046,2821 2975,2807 2027,2791"/>
                <Baseline points="2035,2823 2085,2823 2136,2826 2187,2826 2238,2828 2288,2829 2339,2829 2390,2832 2441,2832 2491,2833 2542,2835 2593,2835 2644,2837 2694,2838 2745,2841 2796,2841 2847,2841 2897,2844 2948,2844 2999,2846 3050,2850"/>
                <Word id="tr_3_tl_30_w1" custom="readingOrder {index:0;}">
                    <Coords points="2026,2783 2026,2843 2124,2843 2124,2783"/>
                    <TextEquiv>
                        <Unicode>Tages</Unicode>
                    </TextEquiv>
                </Word>
                <Word id="tr_3_tl_30_w2" custom="readingOrder {index:1;}">
                    <Coords points="2159,2787 2159,2847 2306,2847 2306,2787"/>
                    <TextEquiv>
                        <Unicode>vollzieht</Unicode>
                    </TextEquiv>
                </Word>
                <Word id="tr_3_tl_30_w3" custom="readingOrder {index:2;}">
                    <Coords points="2336,2790 2336,2850 2381,2850 2381,2790"/>
                    <TextEquiv>
                        <Unicode>sich</Unicode>
                    </TextEquiv>
                </Word>
                <Word id="tr_3_tl_30_w4" custom="readingOrder {index:3;}">
                    <Coords points="2411,2792 2411,2852 2439,2852 2439,2792"/>
                    <TextEquiv>
                        <Unicode>in</Unicode>
                    </TextEquiv>
                </Word>
                <Word id="tr_3_tl_30_w5" custom="readingOrder {index:4;}">
                    <Coords points="2474,2794 2474,2854 2568,2854 2568,2794"/>
                    <TextEquiv>
                        <Unicode>diesen</Unicode>
                    </TextEquiv>
                </Word>
                <Word id="tr_3_tl_30_w6" custom="readingOrder {index:5;}">
                    <Coords points="2603,2797 2603,2857 2755,2857 2755,2797"/>
                    <TextEquiv>
                        <Unicode>Werken.</Unicode>
                    </TextEquiv>
                </Word>
                <Word id="tr_3_tl_30_w7" custom="readingOrder {index:6;}">
                    <Coords points="2795,2804 2795,2864 3041,2864 3041,2804"/>
                    <TextEquiv>
                        <Unicode>Bedeutender,</Unicode>
                    </TextEquiv>
                </Word>
                <TextEquiv>
                    <Unicode>Tages vollzieht sich in diesen Werken. Bedeutender,</Unicode>
                </TextEquiv>
            </TextLine>
            <TextLine id="tr_3_tl_31" custom="readingOrder {index:30;}">
                <Coords points="2022,2870 3038,2891 2986,2847 2022,2831"/>
                <Baseline points="2029,2862 2079,2862 2130,2865 2180,2865 2231,2867 2282,2868 2332,2868 2383,2871 2433,2871 2484,2871 2535,2874 2585,2874 2636,2876 2686,2879 2737,2878 2788,2880 2838,2880 2889,2883 2939,2883 2990,2884 3041,2883"/>
                <Word id="tr_3_tl_31_w1" custom="readingOrder {index:0;}">
                    <Coords points="2021,2822 2021,2882 2044,2882 2044,2822"/>
                    <TextEquiv>
                        <Unicode>in</Unicode>
                    </TextEquiv>
                </Word>
                <Word id="tr_3_tl_31_w2" custom="readingOrder {index:1;}">
                    <Coords points="2074,2824 2074,2884 2169,2884 2169,2824"/>
                    <TextEquiv>
                        <Unicode>vielem</Unicode>
                    </TextEquiv>
                </Word>
                <Word id="tr_3_tl_31_w3" custom="readingOrder {index:2;}">
                    <Coords points="2208,2828 2208,2888 2457,2888 2457,2828"/>
                    <TextEquiv>
                        <Unicode>unvergänglich</Unicode>
                    </TextEquiv>
                </Word>
                <Word id="tr_3_tl_31_w4" custom="readingOrder {index:3;}">
                    <Coords points="2481,2833 2481,2893 2581,2893 2581,2833"/>
                    <TextEquiv>
                        <Unicode>bleibt</Unicode>
                    </TextEquiv>
                </Word>
                <Word id="tr_3_tl_31_w5" custom="readingOrder {index:4;}">
                    <Coords points="2596,2836 2596,2896 2691,2896 2691,2836"/>
                    <TextEquiv>
                        <Unicode>alles,</Unicode>
                    </TextEquiv>
                </Word>
                <Word id="tr_3_tl_31_w6" custom="readingOrder {index:5;}">
                    <Coords points="2712,2838 2712,2898 2773,2898 2773,2838"/>
                    <TextEquiv>
                        <Unicode>was</Unicode>
                    </TextEquiv>
                </Word>
                <Word id="tr_3_tl_31_w7" custom="readingOrder {index:6;}">
                    <Coords points="2798,2840 2798,2900 2831,2900 2831,2840"/>
                    <TextEquiv>
                        <Unicode>an</Unicode>
                    </TextEquiv>
                </Word>
                <Word id="tr_3_tl_31_w8" custom="readingOrder {index:7;}">
                    <Coords points="2860,2842 2860,2902 2903,2902 2903,2842"/>
                    <TextEquiv>
                        <Unicode>die</Unicode>
                    </TextEquiv>
                </Word>
                <Word id="tr_3_tl_31_w9" custom="readingOrder {index:8;}">
                    <Coords points="2922,2843 2922,2903 3032,2903 3032,2843"/>
                    <TextEquiv>
                        <Unicode>Ewig¬</Unicode>
                    </TextEquiv>
                </Word>
                <TextEquiv>
                    <Unicode>in vielem unvergänglich bleibt alles, was an die Ewig¬</Unicode>
                </TextEquiv>
            </TextLine>
            <TextLine id="tr_3_tl_32" custom="readingOrder {index:31;}">
                <Coords points="2022,2907 3038,2935 3036,2892 2998,2888 2021,2869"/>
                <Baseline points="2029,2898 2079,2901 2130,2903 2180,2903 2231,2903 2282,2905 2332,2906 2383,2909 2433,2909 2484,2912 2535,2912 2585,2912 2636,2914 2686,2915 2737,2917 2788,2918 2838,2918 2889,2921 2939,2921 2990,2922 3041,2924"/>
                <Word id="tr_3_tl_32_w1" custom="readingOrder {index:0;}">
                    <Coords points="2021,2863 2021,2923 2247,2923 2247,2863"/>
                    <TextEquiv>
                        <Unicode>keitstragödie</Unicode>
                    </TextEquiv>
                </Word>
                <Word id="tr_3_tl_32_w2" custom="readingOrder {index:1;}">
                    <Coords points="2278,2865 2278,2925 2328,2925 2328,2865"/>
                    <TextEquiv>
                        <Unicode>der</Unicode>
                    </TextEquiv>
                </Word>
                <Word id="tr_3_tl_32_w3" custom="readingOrder {index:2;}">
                    <Coords points="2359,2870 2359,2930 2556,2930 2556,2870"/>
                    <TextEquiv>
                        <Unicode>Menschheit</Unicode>
                    </TextEquiv>
                </Word>
                <Word id="tr_3_tl_32_w4" custom="readingOrder {index:3;}">
                    <Coords points="2582,2874 2582,2934 2692,2934 2692,2874"/>
                    <TextEquiv>
                        <Unicode>rührt.</Unicode>
                    </TextEquiv>
                </Word>
                <Word id="tr_3_tl_32_w5" custom="readingOrder {index:4;}">
                    <Coords points="2733,2877 2733,2937 2804,2937 2804,2877"/>
                    <TextEquiv>
                        <Unicode>Und</Unicode>
                    </TextEquiv>
                </Word>
                <Word id="tr_3_tl_32_w6" custom="readingOrder {index:5;}">
                    <Coords points="2835,2879 2835,2939 2889,2939 2889,2879"/>
                    <TextEquiv>
                        <Unicode>daß</Unicode>
                    </TextEquiv>
                </Word>
                <Word id="tr_3_tl_32_w7" custom="readingOrder {index:6;}">
                    <Coords points="2921,2881 2921,2941 3031,2941 3031,2881"/>
                    <TextEquiv>
                        <Unicode>gerade</Unicode>
                    </TextEquiv>
                </Word>
                <TextEquiv>
                    <Unicode>keitstragödie der Menschheit rührt. Und daß gerade</Unicode>
                </TextEquiv>
            </TextLine>
            <TextLine id="tr_3_tl_33" custom="readingOrder {index:32;}">
                <Coords points="2016,2946 3035,2977 3011,2927 2016,2905"/>
                <Baseline points="2023,2939 2073,2939 2124,2942 2175,2942 2226,2942 2276,2944 2327,2945 2378,2948 2429,2948 2479,2951 2530,2951 2581,2951 2632,2953 2682,2954 2733,2954 2784,2957 2835,2957 2885,2960 2936,2960 2987,2962 3038,2963"/>
                <Word id="tr_3_tl_33_w1" custom="readingOrder {index:0;}">
                    <Coords points="2016,2899 2016,2959 2072,2959 2072,2899"/>
                    <TextEquiv>
                        <Unicode>das</Unicode>
                    </TextEquiv>
                </Word>
                <Word id="tr_3_tl_33_w2" custom="readingOrder {index:1;}">
                    <Coords points="2114,2902 2114,2962 2232,2962 2232,2902"/>
                    <TextEquiv>
                        <Unicode>Tiefste</Unicode>
                    </TextEquiv>
                </Word>
                <Word id="tr_3_tl_33_w3" custom="readingOrder {index:2;}">
                    <Coords points="2269,2904 2269,2964 2314,2964 2314,2904"/>
                    <TextEquiv>
                        <Unicode>sich</Unicode>
                    </TextEquiv>
                </Word>
                <Word id="tr_3_tl_33_w4" custom="readingOrder {index:3;}">
                    <Coords points="2357,2908 2357,2968 2532,2968 2532,2908"/>
                    <TextEquiv>
                        <Unicode>spielerisch</Unicode>
                    </TextEquiv>
                </Word>
                <Word id="tr_3_tl_33_w5" custom="readingOrder {index:4;}">
                    <Coords points="2574,2913 2574,2973 2739,2973 2739,2913"/>
                    <TextEquiv>
                        <Unicode>vollzieht,</Unicode>
                    </TextEquiv>
                </Word>
                <Word id="tr_3_tl_33_w6" custom="readingOrder {index:5;}">
                    <Coords points="2765,2918 2765,2978 2945,2978 2945,2918"/>
                    <TextEquiv>
                        <Unicode>bezeichnet</Unicode>
                    </TextEquiv>
                </Word>
                <Word id="tr_3_tl_33_w7" custom="readingOrder {index:6;}">
                    <Coords points="2982,2922 2982,2982 3028,2982 3028,2922"/>
                    <TextEquiv>
                        <Unicode>die</Unicode>
                    </TextEquiv>
                </Word>
                <TextEquiv>
                    <Unicode>das Tiefste sich spielerisch vollzieht, bezeichnet die</Unicode>
                </TextEquiv>
            </TextLine>
            <TextLine id="tr_3_tl_34" custom="readingOrder {index:33;}">
                <Coords points="2016,2987 2981,3016 3038,3011 3038,2977 2014,2960"/>
                <Baseline points="2023,2978 2073,2981 2124,2981 2175,2981 2226,2983 2277,2982 2328,2983 2379,2984 2430,2987 2481,2990 2532,2990 2582,2991 2633,2993 2684,2995 2735,2996 2786,2999 2837,2997 2888,2999 2939,3000 2990,3002 3041,3002"/>
                <Word id="tr_3_tl_34_w1" custom="readingOrder {index:0;}">
                    <Coords points="2018,2941 2018,3001 2155,3001 2155,2941"/>
                    <TextEquiv>
                        <Unicode>ragende</Unicode>
                    </TextEquiv>
                </Word>
                <Word id="tr_3_tl_34_w2" custom="readingOrder {index:1;}">
                    <Coords points="2185,2943 2185,3003 2267,3003 2267,2943"/>
                    <TextEquiv>
                        <Unicode>Höhe</Unicode>
                    </TextEquiv>
                </Word>
                <Word id="tr_3_tl_34_w3" custom="readingOrder {index:2;}">
                    <Coords points="2302,2942 2302,3002 2351,3002 2351,2942"/>
                    <TextEquiv>
                        <Unicode>der</Unicode>
                    </TextEquiv>
                </Word>
                <Word id="tr_3_tl_34_w4" custom="readingOrder {index:3;}">
                    <Coords points="2381,2947 2381,3007 2483,3007 2483,2947"/>
                    <TextEquiv>
                        <Unicode>Kunst</Unicode>
                    </TextEquiv>
                </Word>
                <Word id="tr_3_tl_34_w5" custom="readingOrder {index:4;}">
                    <Coords points="2513,2950 2513,3010 2596,3010 2596,2950"/>
                    <TextEquiv>
                        <Unicode>eines</Unicode>
                    </TextEquiv>
                </Word>
                <Word id="tr_3_tl_34_w6" custom="readingOrder {index:5;}">
                    <Coords points="2631,2955 2631,3015 2796,3015 2796,2955"/>
                    <TextEquiv>
                        <Unicode>Dichters,</Unicode>
                    </TextEquiv>
                </Word>
                <Word id="tr_3_tl_34_w7" custom="readingOrder {index:6;}">
                    <Coords points="2817,2957 2817,3017 2894,3017 2894,2957"/>
                    <TextEquiv>
                        <Unicode>über</Unicode>
                    </TextEquiv>
                </Word>
                <Word id="tr_3_tl_34_w8" custom="readingOrder {index:7;}">
                    <Coords points="2924,2961 2924,3021 3017,3021 3017,2961"/>
                    <TextEquiv>
                        <Unicode>dessen</Unicode>
                    </TextEquiv>
                </Word>
                <TextEquiv>
                    <Unicode>ragende Höhe der Kunst eines Dichters, über dessen</Unicode>
                </TextEquiv>
            </TextLine>
            <TextLine id="tr_3_tl_35" custom="readingOrder {index:34;}">
                <Coords points="2016,3021 3035,3052 3034,3012 2964,3003 2016,2986"/>
                <Baseline points="2023,3014 2073,3017 2124,3020 2175,3020 2226,3020 2276,3020 2327,3022 2378,3023 2429,3023 2479,3026 2530,3027 2581,3030 2632,3032 2682,3032 2733,3035 2784,3035 2835,3035 2885,3038 2936,3038 2987,3040 3038,3038"/>
                <Word id="tr_3_tl_35_w1" custom="readingOrder {index:0;}">
                    <Coords points="2015,2979 2015,3039 2210,3039 2210,2979"/>
                    <TextEquiv>
                        <Unicode>Lebensbuch</Unicode>
                    </TextEquiv>
                </Word>
                <Word id="tr_3_tl_35_w2" custom="readingOrder {index:1;}">
                    <Coords points="2259,2980 2259,3040 2306,3040 2306,2980"/>
                    <TextEquiv>
                        <Unicode>die</Unicode>
                    </TextEquiv>
                </Word>
                <Word id="tr_3_tl_35_w3" custom="readingOrder {index:2;}">
                    <Coords points="2350,2983 2350,3043 2464,3043 2464,2983"/>
                    <TextEquiv>
                        <Unicode>Worte</Unicode>
                    </TextEquiv>
                </Word>
                <Word id="tr_3_tl_35_w4" custom="readingOrder {index:3;}">
                    <Coords points="2508,2987 2508,3047 2560,3047 2560,2987"/>
                    <TextEquiv>
                        <Unicode>des</Unicode>
                    </TextEquiv>
                </Word>
                <Word id="tr_3_tl_35_w5" custom="readingOrder {index:4;}">
                    <Coords points="2608,2993 2608,3053 2804,3053 2804,2993"/>
                    <TextEquiv>
                        <Unicode>Paracelsus</Unicode>
                    </TextEquiv>
                </Word>
                <Word id="tr_3_tl_35_w6" custom="readingOrder {index:5;}">
                    <Coords points="2853,2997 2853,3057 2914,3057 2914,2997"/>
                    <TextEquiv>
                        <Unicode>mit</Unicode>
                    </TextEquiv>
                </Word>
                <Word id="tr_3_tl_35_w7" custom="readingOrder {index:6;}">
                    <Coords points="2958,2999 2958,3059 3005,3059 3005,2999"/>
                    <TextEquiv>
                        <Unicode>dem</Unicode>
                    </TextEquiv>
                </Word>
                <TextEquiv>
                    <Unicode>Lebensbuch die Worte des Paracelsus mit dem</Unicode>
                </TextEquiv>
            </TextLine>
            <TextLine id="tr_3_tl_36" custom="readingOrder {index:35;}">
                <Coords points="2023,3065 3026,3105 3038,3052 2022,3021"/>
                <Baseline points="2029,3056 2079,3056 2130,3059 2180,3060 2231,3062 2282,3062 2332,3062 2383,3065 2433,3068 2484,3068 2535,3069 2585,3070 2636,3070 2686,3073 2737,3074 2788,3077 2838,3077 2889,3080 2939,3080 2990,3081 3041,3080"/>
                <Word id="tr_3_tl_36_w1" custom="readingOrder {index:0;}">
                    <Coords points="2017,3019 2017,3079 2269,3079 2269,3019"/>
                    <TextEquiv>
                        <Unicode>schwermütigen</Unicode>
                    </TextEquiv>
                </Word>
                <Word id="tr_3_tl_36_w2" custom="readingOrder {index:1;}">
                    <Coords points="2315,3025 2315,3085 2459,3085 2459,3025"/>
                    <TextEquiv>
                        <Unicode>rötlichen</Unicode>
                    </TextEquiv>
                </Word>
                <Word id="tr_3_tl_36_w3" custom="readingOrder {index:2;}">
                    <Coords points="2506,3029 2506,3089 2604,3089 2604,3029"/>
                    <TextEquiv>
                        <Unicode>Lichte</Unicode>
                    </TextEquiv>
                </Word>
                <Word id="tr_3_tl_36_w4" custom="readingOrder {index:3;}">
                    <Coords points="2646,3032 2646,3092 2702,3092 2702,3032"/>
                    <TextEquiv>
                        <Unicode>der</Unicode>
                    </TextEquiv>
                </Word>
                <Word id="tr_3_tl_36_w5" custom="readingOrder {index:4;}">
                    <Coords points="2739,3037 2739,3097 2856,3097 2856,3037"/>
                    <TextEquiv>
                        <Unicode>ewigen</Unicode>
                    </TextEquiv>
                </Word>
                <Word id="tr_3_tl_36_w6" custom="readingOrder {index:5;}">
                    <Coords points="2904,3040 2904,3100 3022,3100 3022,3040"/>
                    <TextEquiv>
                        <Unicode>Lampe</Unicode>
                    </TextEquiv>
                </Word>
                <TextEquiv>
                    <Unicode>schwermütigen rötlichen Lichte der ewigen Lampe</Unicode>
                </TextEquiv>
            </TextLine>
            <TextLine id="tr_3_tl_37" custom="readingOrder {index:36;}">
                <Coords points="2018,3101 2059,3113 2078,3103 2116,3117 2134,3107 2155,3114 2162,3105 2175,3107 2174,3069 2130,3070 2116,3062 2107,3068 2097,3060 2078,3073 2070,3065 2053,3070 2034,3061 2018,3065"/>
                <Baseline points="2026,3097 2051,3096 2076,3095 2102,3096 2127,3097 2152,3097 2178,3100"/>
                <Word id="tr_3_tl_37_w1" custom="readingOrder {index:0;}">
                    <Coords points="2017,3055 2017,3115 2173,3115 2173,3055"/>
                    <TextEquiv>
                        <Unicode>leuchten:</Unicode>
                    </TextEquiv>
                </Word>
                <TextEquiv>
                    <Unicode>leuchten:</Unicode>
                </TextEquiv>
            </TextLine>
            <TextLine id="tr_3_tl_38" custom="readingOrder {index:37;}">
                <Coords points="2052,3146 3029,3181 3016,3129 2739,3105 2051,3104"/>
                <Baseline points="2059,3139 2107,3142 2156,3145 2204,3146 2253,3147 2302,3146 2350,3150 2399,3151 2448,3151 2496,3153 2545,3154 2594,3157 2642,3157 2691,3157 2740,3158 2788,3161 2837,3163 2886,3164 2934,3166 2983,3168 3032,3172"/>
                <Word id="tr_3_tl_38_w1" custom="readingOrder {index:0;}">
                    <Coords points="2051,3099 2051,3159 2093,3159 2093,3099"/>
                    <TextEquiv>
                        <Unicode>Es</Unicode>
                    </TextEquiv>
                </Word>
                <Word id="tr_3_tl_38_w2" custom="readingOrder {index:1;}">
                    <Coords points="2130,3105 2130,3165 2198,3165 2198,3105"/>
                    <TextEquiv>
                        <Unicode>war</Unicode>
                    </TextEquiv>
                </Word>
                <Word id="tr_3_tl_38_w3" custom="readingOrder {index:2;}">
                    <Coords points="2230,3106 2230,3166 2277,3166 2277,3106"/>
                    <TextEquiv>
                        <Unicode>ein</Unicode>
                    </TextEquiv>
                </Word>
                <Word id="tr_3_tl_38_w4" custom="readingOrder {index:3;}">
                    <Coords points="2320,3110 2320,3170 2436,3170 2436,3110"/>
                    <TextEquiv>
                        <Unicode>Spiel!</Unicode>
                    </TextEquiv>
                </Word>
                <Word id="tr_3_tl_38_w5" custom="readingOrder {index:4;}">
                    <Coords points="2473,3113 2473,3173 2557,3173 2557,3113"/>
                    <TextEquiv>
                        <Unicode>Was</Unicode>
                    </TextEquiv>
                </Word>
                <Word id="tr_3_tl_38_w6" custom="readingOrder {index:5;}">
                    <Coords points="2589,3117 2589,3177 2678,3177 2678,3117"/>
                    <TextEquiv>
                        <Unicode>sollt'</Unicode>
                    </TextEquiv>
                </Word>
                <Word id="tr_3_tl_38_w7" custom="readingOrder {index:6;}">
                    <Coords points="2705,3117 2705,3177 2736,3177 2736,3117"/>
                    <TextEquiv>
                        <Unicode>es</Unicode>
                    </TextEquiv>
                </Word>
                <Word id="tr_3_tl_38_w8" custom="readingOrder {index:7;}">
                    <Coords points="2774,3122 2774,3182 2889,3182 2889,3122"/>
                    <TextEquiv>
                        <Unicode>anders</Unicode>
                    </TextEquiv>
                </Word>
                <Word id="tr_3_tl_38_w9" custom="readingOrder {index:8;}">
                    <Coords points="2927,3127 2927,3187 3016,3187 3016,3127"/>
                    <TextEquiv>
                        <Unicode>sein?</Unicode>
                    </TextEquiv>
                </Word>
                <TextEquiv>
                    <Unicode>Es war ein Spiel! Was sollt' es anders sein?</Unicode>
                </TextEquiv>
            </TextLine>
            <TextLine id="tr_3_tl_39" custom="readingOrder {index:38;}">
                <Coords points="2052,3187 3030,3227 3029,3179 2962,3168 2052,3144"/>
                <Baseline points="2059,3181 2107,3184 2156,3182 2204,3185 2253,3187 2302,3187 2350,3189 2399,3190 2448,3192 2496,3193 2545,3193 2594,3196 2642,3196 2691,3199 2740,3200 2788,3202 2837,3202 2886,3202 2934,3204 2983,3207 3032,3211"/>
                <Word id="tr_3_tl_39_w1" custom="readingOrder {index:0;}">
                    <Coords points="2051,3142 2051,3202 2120,3202 2120,3142"/>
                    <TextEquiv>
                        <Unicode>Was</Unicode>
                    </TextEquiv>
                </Word>
                <Word id="tr_3_tl_39_w2" custom="readingOrder {index:1;}">
                    <Coords points="2155,3143 2155,3203 2193,3203 2193,3143"/>
                    <TextEquiv>
                        <Unicode>ist</Unicode>
                    </TextEquiv>
                </Word>
                <Word id="tr_3_tl_39_w3" custom="readingOrder {index:2;}">
                    <Coords points="2224,3147 2224,3207 2302,3207 2302,3147"/>
                    <TextEquiv>
                        <Unicode>nicht</Unicode>
                    </TextEquiv>
                </Word>
                <Word id="tr_3_tl_39_w4" custom="readingOrder {index:3;}">
                    <Coords points="2333,3149 2333,3209 2451,3209 2451,3149"/>
                    <TextEquiv>
                        <Unicode>Spiel,</Unicode>
                    </TextEquiv>
                </Word>
                <Word id="tr_3_tl_39_w5" custom="readingOrder {index:4;}">
                    <Coords points="2476,3153 2476,3213 2529,3213 2529,3153"/>
                    <TextEquiv>
                        <Unicode>das</Unicode>
                    </TextEquiv>
                </Word>
                <Word id="tr_3_tl_39_w6" custom="readingOrder {index:5;}">
                    <Coords points="2565,3156 2565,3216 2624,3216 2624,3156"/>
                    <TextEquiv>
                        <Unicode>wir</Unicode>
                    </TextEquiv>
                </Word>
                <Word id="tr_3_tl_39_w7" custom="readingOrder {index:6;}">
                    <Coords points="2659,3158 2659,3218 2718,3218 2718,3158"/>
                    <TextEquiv>
                        <Unicode>auf</Unicode>
                    </TextEquiv>
                </Word>
                <Word id="tr_3_tl_39_w8" custom="readingOrder {index:7;}">
                    <Coords points="2743,3162 2743,3222 2846,3222 2846,3162"/>
                    <TextEquiv>
                        <Unicode>Erden</Unicode>
                    </TextEquiv>
                </Word>
                <Word id="tr_3_tl_39_w9" custom="readingOrder {index:8;}">
                    <Coords points="2886,3165 2886,3225 3024,3225 3024,3165"/>
                    <TextEquiv>
                        <Unicode>treiben,</Unicode>
                    </TextEquiv>
                </Word>
                <TextEquiv>
                    <Unicode>Was ist nicht Spiel, das wir auf Erden treiben,</Unicode>
                </TextEquiv>
            </TextLine>
            <TextLine id="tr_3_tl_40" custom="readingOrder {index:39;}">
                <Coords points="2046,3223 2939,3260 2938,3211 2870,3201 2046,3191"/>
                <Baseline points="2053,3220 2097,3220 2141,3223 2186,3223 2230,3226 2275,3226 2319,3226 2364,3229 2408,3229 2453,3232 2497,3235 2541,3235 2586,3235 2630,3235 2675,3238 2719,3238 2764,3241 2808,3241 2853,3241 2897,3244 2942,3247"/>
                <Word id="tr_3_tl_40_w1" custom="readingOrder {index:0;}">
                    <Coords points="2050,3180 2050,3240 2118,3240 2118,3180"/>
                    <TextEquiv>
                        <Unicode>Und</Unicode>
                    </TextEquiv>
                </Word>
                <Word id="tr_3_tl_40_w2" custom="readingOrder {index:1;}">
                    <Coords points="2148,3183 2148,3243 2236,3243 2236,3183"/>
                    <TextEquiv>
                        <Unicode>schien</Unicode>
                    </TextEquiv>
                </Word>
                <Word id="tr_3_tl_40_w3" custom="readingOrder {index:2;}">
                    <Coords points="2271,3186 2271,3246 2305,3246 2305,3186"/>
                    <TextEquiv>
                        <Unicode>es</Unicode>
                    </TextEquiv>
                </Word>
                <Word id="tr_3_tl_40_w4" custom="readingOrder {index:3;}">
                    <Coords points="2340,3189 2340,3249 2403,3249 2403,3189"/>
                    <TextEquiv>
                        <Unicode>noch</Unicode>
                    </TextEquiv>
                </Word>
                <Word id="tr_3_tl_40_w5" custom="readingOrder {index:4;}">
                    <Coords points="2438,3191 2438,3251 2462,3251 2462,3191"/>
                    <TextEquiv>
                        <Unicode>so</Unicode>
                    </TextEquiv>
                </Word>
                <Word id="tr_3_tl_40_w6" custom="readingOrder {index:5;}">
                    <Coords points="2497,3195 2497,3255 2570,3255 2570,3195"/>
                    <TextEquiv>
                        <Unicode>groß</Unicode>
                    </TextEquiv>
                </Word>
                <Word id="tr_3_tl_40_w7" custom="readingOrder {index:6;}">
                    <Coords points="2605,3195 2605,3255 2668,3255 2668,3195"/>
                    <TextEquiv>
                        <Unicode>und</Unicode>
                    </TextEquiv>
                </Word>
                <Word id="tr_3_tl_40_w8" custom="readingOrder {index:7;}">
                    <Coords points="2698,3198 2698,3258 2756,3258 2756,3198"/>
                    <TextEquiv>
                        <Unicode>tief</Unicode>
                    </TextEquiv>
                </Word>
                <Word id="tr_3_tl_40_w9" custom="readingOrder {index:8;}">
                    <Coords points="2781,3201 2781,3261 2810,3261 2810,3201"/>
                    <TextEquiv>
                        <Unicode>zu</Unicode>
                    </TextEquiv>
                </Word>
                <Word id="tr_3_tl_40_w10" custom="readingOrder {index:9;}">
                    <Coords points="2845,3203 2845,3263 2928,3263 2928,3203"/>
                    <TextEquiv>
                        <Unicode>sein!</Unicode>
                    </TextEquiv>
                </Word>
                <TextEquiv>
                    <Unicode>Und schien es noch so groß und tief zu sein!</Unicode>
                </TextEquiv>
            </TextLine>
            <TextLine id="tr_3_tl_41" custom="readingOrder {index:40;}">
                <Coords points="2043,3272 2862,3290 2830,3240 2042,3223"/>
                <Baseline points="2050,3262 2090,3262 2131,3262 2172,3262 2213,3262 2253,3262 2294,3263 2335,3265 2376,3266 2416,3269 2457,3271 2498,3271 2539,3274 2579,3274 2620,3274 2661,3274 2702,3276 2742,3277 2783,3278 2824,3280 2865,3280"/>
                <Word id="tr_3_tl_41_w1" custom="readingOrder {index:0;}">
                    <Coords points="2046,3222 2046,3282 2114,3282 2114,3222"/>
                    <TextEquiv>
                        <Unicode>Mit</Unicode>
                    </TextEquiv>
                </Word>
                <Word id="tr_3_tl_41_w2" custom="readingOrder {index:1;}">
                    <Coords points="2139,3222 2139,3282 2247,3282 2247,3222"/>
                    <TextEquiv>
                        <Unicode>wilden</Unicode>
                    </TextEquiv>
                </Word>
                <Word id="tr_3_tl_41_w3" custom="readingOrder {index:2;}">
                    <Coords points="2282,3229 2282,3289 2551,3289 2551,3229"/>
                    <TextEquiv>
                        <Unicode>Söldnerscharen</Unicode>
                    </TextEquiv>
                </Word>
                <Word id="tr_3_tl_41_w4" custom="readingOrder {index:3;}">
                    <Coords points="2581,3234 2581,3294 2674,3294 2674,3234"/>
                    <TextEquiv>
                        <Unicode>spielt</Unicode>
                    </TextEquiv>
                </Word>
                <Word id="tr_3_tl_41_w5" custom="readingOrder {index:4;}">
                    <Coords points="2699,3236 2699,3296 2748,3296 2748,3236"/>
                    <TextEquiv>
                        <Unicode>der</Unicode>
                    </TextEquiv>
                </Word>
                <Word id="tr_3_tl_41_w6" custom="readingOrder {index:5;}">
                    <Coords points="2778,3239 2778,3299 2860,3299 2860,3239"/>
                    <TextEquiv>
                        <Unicode>eine,</Unicode>
                    </TextEquiv>
                </Word>
                <TextEquiv>
                    <Unicode>Mit wilden Söldnerscharen spielt der eine,</Unicode>
                </TextEquiv>
            </TextLine>
            <TextLine id="tr_3_tl_42" custom="readingOrder {index:41;}">
                <Coords points="2040,3305 2936,3331 2935,3296 2875,3275 2040,3273"/>
                <Baseline points="2047,3297 2091,3300 2136,3300 2180,3300 2225,3303 2270,3300 2314,3303 2359,3306 2403,3306 2448,3309 2493,3309 2537,3309 2582,3309 2626,3312 2671,3312 2716,3315 2760,3315 2805,3315 2849,3320 2894,3321 2939,3321"/>
                <Word id="tr_3_tl_42_w1" custom="readingOrder {index:0;}">
                    <Coords points="2044,3258 2044,3318 2102,3318 2102,3258"/>
                    <TextEquiv>
                        <Unicode>Ein</Unicode>
                    </TextEquiv>
                </Word>
                <Word id="tr_3_tl_42_w2" custom="readingOrder {index:1;}">
                    <Coords points="2137,3261 2137,3321 2255,3321 2255,3261"/>
                    <TextEquiv>
                        <Unicode>andrer</Unicode>
                    </TextEquiv>
                </Word>
                <Word id="tr_3_tl_42_w3" custom="readingOrder {index:2;}">
                    <Coords points="2285,3264 2285,3324 2383,3324 2383,3264"/>
                    <TextEquiv>
                        <Unicode>spielt</Unicode>
                    </TextEquiv>
                </Word>
                <Word id="tr_3_tl_42_w4" custom="readingOrder {index:3;}">
                    <Coords points="2408,3268 2408,3328 2472,3328 2472,3268"/>
                    <TextEquiv>
                        <Unicode>mit</Unicode>
                    </TextEquiv>
                </Word>
                <Word id="tr_3_tl_42_w5" custom="readingOrder {index:4;}">
                    <Coords points="2497,3269 2497,3329 2590,3329 2590,3269"/>
                    <TextEquiv>
                        <Unicode>tollen</Unicode>
                    </TextEquiv>
                </Word>
                <Word id="tr_3_tl_42_w6" custom="readingOrder {index:5;}">
                    <Coords points="2630,3275 2630,3335 2930,3335 2930,3275"/>
                    <TextEquiv>
                        <Unicode>Abergläubischen.</Unicode>
                    </TextEquiv>
                </Word>
                <TextEquiv>
                    <Unicode>Ein andrer spielt mit tollen Abergläubischen.</Unicode>
                </TextEquiv>
            </TextLine>
            <TextLine id="tr_3_tl_43" custom="readingOrder {index:42;}">
                <Coords points="2043,3340 2814,3375 2900,3340 2042,3305"/>
                <Baseline points="2050,3336 2092,3336 2135,3336 2177,3339 2220,3341 2263,3342 2305,3342 2348,3342 2391,3344 2433,3345 2476,3347 2519,3348 2561,3349 2604,3351 2647,3351 2689,3352 2732,3354 2775,3354 2817,3354 2860,3357 2903,3357"/>
                <Word id="tr_3_tl_43_w1" custom="readingOrder {index:0;}">
                    <Coords points="2041,3296 2041,3356 2205,3356 2205,3296"/>
                    <TextEquiv>
                        <Unicode>Vielleicht</Unicode>
                    </TextEquiv>
                </Word>
                <Word id="tr_3_tl_43_w2" custom="readingOrder {index:1;}">
                    <Coords points="2229,3301 2229,3361 2290,3361 2290,3301"/>
                    <TextEquiv>
                        <Unicode>mit</Unicode>
                    </TextEquiv>
                </Word>
                <Word id="tr_3_tl_43_w3" custom="readingOrder {index:2;}">
                    <Coords points="2315,3304 2315,3364 2479,3364 2479,3304"/>
                    <TextEquiv>
                        <Unicode>Sonnen,</Unicode>
                    </TextEquiv>
                </Word>
                <Word id="tr_3_tl_43_w4" custom="readingOrder {index:3;}">
                    <Coords points="2499,3309 2499,3369 2644,3369 2644,3309"/>
                    <TextEquiv>
                        <Unicode>Sternen</Unicode>
                    </TextEquiv>
                </Word>
                <Word id="tr_3_tl_43_w5" custom="readingOrder {index:4;}">
                    <Coords points="2678,3314 2678,3374 2899,3374 2899,3314"/>
                    <TextEquiv>
                        <Unicode>irgendwer¬</Unicode>
                    </TextEquiv>
                </Word>
                <TextEquiv>
                    <Unicode>Vielleicht mit Sonnen, Sternen irgendwer¬</Unicode>
                </TextEquiv>
            </TextLine>
            <TextLine id="tr_3_tl_44" custom="readingOrder {index:43;}">
                <Coords points="2043,3385 2816,3405 2814,3368 2665,3349 2539,3368 2042,3340"/>
                <Baseline points="2050,3375 2088,3378 2126,3378 2165,3378 2203,3379 2241,3381 2280,3381 2318,3381 2356,3384 2395,3384 2433,3386 2471,3387 2510,3387 2548,3387 2586,3390 2625,3390 2663,3390 2701,3390 2740,3391 2778,3393 2817,3393"/>
                <Word id="tr_3_tl_44_w1" custom="readingOrder {index:0;}">
                    <Coords points="2042,3336 2042,3396 2107,3396 2107,3336"/>
                    <TextEquiv>
                        <Unicode>Mit</Unicode>
                    </TextEquiv>
                </Word>
                <Word id="tr_3_tl_44_w2" custom="readingOrder {index:1;}">
                    <Coords points="2128,3341 2128,3401 2397,3401 2397,3341"/>
                    <TextEquiv>
                        <Unicode>Menschenseelen</Unicode>
                    </TextEquiv>
                </Word>
                <Word id="tr_3_tl_44_w3" custom="readingOrder {index:2;}">
                    <Coords points="2429,3347 2429,3407 2524,3407 2524,3347"/>
                    <TextEquiv>
                        <Unicode>spiele</Unicode>
                    </TextEquiv>
                </Word>
                <Word id="tr_3_tl_44_w4" custom="readingOrder {index:3;}">
                    <Coords points="2545,3348 2545,3408 2600,3408 2600,3348"/>
                    <TextEquiv>
                        <Unicode>ich.</Unicode>
                    </TextEquiv>
                </Word>
                <Word id="tr_3_tl_44_w5" custom="readingOrder {index:4;}">
                    <Coords points="2627,3350 2627,3410 2682,3410 2682,3350"/>
                    <TextEquiv>
                        <Unicode>Ein</Unicode>
                    </TextEquiv>
                </Word>
                <Word id="tr_3_tl_44_w6" custom="readingOrder {index:5;}">
                    <Coords points="2713,3351 2713,3411 2799,3411 2799,3351"/>
                    <TextEquiv>
                        <Unicode>Sinn</Unicode>
                    </TextEquiv>
                </Word>
                <TextEquiv>
                    <Unicode>Mit Menschenseelen spiele ich. Ein Sinn</Unicode>
                </TextEquiv>
            </TextLine>
            <TextLine id="tr_3_tl_45" custom="readingOrder {index:44;}">
                <Coords points="2044,3422 2868,3447 2851,3373 2798,3408 2043,3385"/>
                <Baseline points="2050,3417 2091,3417 2132,3417 2173,3417 2214,3417 2255,3419 2296,3420 2337,3421 2378,3423 2419,3424 2460,3426 2501,3426 2542,3426 2583,3429 2624,3429 2665,3429 2706,3431 2747,3432 2788,3432 2829,3433 2871,3438"/>
                <Word id="tr_3_tl_45_w1" custom="readingOrder {index:0;}">
                    <Coords points="2042,3377 2042,3437 2126,3437 2126,3377"/>
                    <TextEquiv>
                        <Unicode>Wird</Unicode>
                    </TextEquiv>
                </Word>
                <Word id="tr_3_tl_45_w2" custom="readingOrder {index:1;}">
                    <Coords points="2156,3377 2156,3437 2214,3437 2214,3377"/>
                    <TextEquiv>
                        <Unicode>nur</Unicode>
                    </TextEquiv>
                </Word>
                <Word id="tr_3_tl_45_w3" custom="readingOrder {index:2;}">
                    <Coords points="2240,3379 2240,3439 2293,3439 2293,3379"/>
                    <TextEquiv>
                        <Unicode>von</Unicode>
                    </TextEquiv>
                </Word>
                <Word id="tr_3_tl_45_w4" custom="readingOrder {index:3;}">
                    <Coords points="2329,3381 2329,3441 2378,3441 2378,3381"/>
                    <TextEquiv>
                        <Unicode>dem</Unicode>
                    </TextEquiv>
                </Word>
                <Word id="tr_3_tl_45_w5" custom="readingOrder {index:4;}">
                    <Coords points="2423,3386 2423,3446 2595,3446 2595,3386"/>
                    <TextEquiv>
                        <Unicode>gefunden,</Unicode>
                    </TextEquiv>
                </Word>
                <Word id="tr_3_tl_45_w6" custom="readingOrder {index:5;}">
                    <Coords points="2620,3389 2620,3449 2669,3449 2669,3389"/>
                    <TextEquiv>
                        <Unicode>der</Unicode>
                    </TextEquiv>
                </Word>
                <Word id="tr_3_tl_45_w7" custom="readingOrder {index:6;}">
                    <Coords points="2694,3391 2694,3451 2743,3451 2743,3391"/>
                    <TextEquiv>
                        <Unicode>ihn</Unicode>
                    </TextEquiv>
                </Word>
                <Word id="tr_3_tl_45_w8" custom="readingOrder {index:7;}">
                    <Coords points="2773,3392 2773,3452 2866,3452 2866,3392"/>
                    <TextEquiv>
                        <Unicode>sucht.</Unicode>
                    </TextEquiv>
                </Word>
                <TextEquiv>
                    <Unicode>Wird nur von dem gefunden, der ihn sucht.</Unicode>
                </TextEquiv>
            </TextLine>
            <TextLine id="tr_3_tl_46" custom="readingOrder {index:45;}">
                <Coords points="2046,3461 2859,3482 2857,3449 2688,3430 2044,3421"/>
                <Baseline points="2053,3453 2093,3453 2133,3455 2174,3458 2214,3459 2255,3459 2295,3460 2336,3462 2376,3462 2417,3462 2457,3465 2497,3465 2538,3465 2578,3467 2619,3468 2659,3468 2700,3469 2740,3472 2781,3474 2821,3474 2862,3477"/>
                <Word id="tr_3_tl_46_w1" custom="readingOrder {index:0;}">
                    <Coords points="2038,3413 2038,3473 2080,3473 2080,3413"/>
                    <TextEquiv>
                        <Unicode>Es</Unicode>
                    </TextEquiv>
                </Word>
                <Word id="tr_3_tl_46_w2" custom="readingOrder {index:1;}">
                    <Coords points="2108,3417 2108,3477 2220,3477 2220,3417"/>
                    <TextEquiv>
                        <Unicode>fließen</Unicode>
                    </TextEquiv>
                </Word>
                <Word id="tr_3_tl_46_w3" custom="readingOrder {index:2;}">
                    <Coords points="2249,3422 2249,3482 2440,3482 2440,3422"/>
                    <TextEquiv>
                        <Unicode>ineinander</Unicode>
                    </TextEquiv>
                </Word>
                <Word id="tr_3_tl_46_w4" custom="readingOrder {index:3;}">
                    <Coords points="2470,3425 2470,3485 2577,3485 2577,3425"/>
                    <TextEquiv>
                        <Unicode>Traum</Unicode>
                    </TextEquiv>
                </Word>
                <Word id="tr_3_tl_46_w5" custom="readingOrder {index:4;}">
                    <Coords points="2620,3428 2620,3488 2680,3488 2680,3428"/>
                    <TextEquiv>
                        <Unicode>und</Unicode>
                    </TextEquiv>
                </Word>
                <Word id="tr_3_tl_46_w6" custom="readingOrder {index:5;}">
                    <Coords points="2709,3434 2709,3494 2853,3494 2853,3434"/>
                    <TextEquiv>
                        <Unicode>Wachen,</Unicode>
                    </TextEquiv>
                </Word>
                <TextEquiv>
                    <Unicode>Es fließen ineinander Traum und Wachen,</Unicode>
                </TextEquiv>
            </TextLine>
            <TextLine id="tr_3_tl_47" custom="readingOrder {index:46;}">
                <Coords points="2043,3500 2814,3526 2892,3517 2892,3472 2042,3460"/>
                <Baseline points="2050,3491 2092,3494 2134,3497 2176,3497 2219,3497 2261,3497 2303,3497 2345,3499 2388,3500 2430,3500 2472,3501 2514,3503 2557,3504 2599,3506 2641,3507 2683,3509 2726,3509 2768,3512 2810,3512 2852,3512 2895,3515"/>
                <Word id="tr_3_tl_47_w1" custom="readingOrder {index:0;}">
                    <Coords points="2041,3456 2041,3516 2203,3516 2203,3456"/>
                    <TextEquiv>
                        <Unicode>Wahrheit</Unicode>
                    </TextEquiv>
                </Word>
                <Word id="tr_3_tl_47_w2" custom="readingOrder {index:1;}">
                    <Coords points="2229,3457 2229,3517 2288,3517 2288,3457"/>
                    <TextEquiv>
                        <Unicode>und</Unicode>
                    </TextEquiv>
                </Word>
                <Word id="tr_3_tl_47_w3" custom="readingOrder {index:2;}">
                    <Coords points="2313,3459 2313,3519 2411,3519 2411,3459"/>
                    <TextEquiv>
                        <Unicode>Lüge.</Unicode>
                    </TextEquiv>
                </Word>
                <Word id="tr_3_tl_47_w4" custom="readingOrder {index:3;}">
                    <Coords points="2451,3463 2451,3523 2634,3523 2634,3463"/>
                    <TextEquiv>
                        <Unicode>Sicherheit</Unicode>
                    </TextEquiv>
                </Word>
                <Word id="tr_3_tl_47_w5" custom="readingOrder {index:4;}">
                    <Coords points="2654,3468 2654,3528 2688,3528 2688,3468"/>
                    <TextEquiv>
                        <Unicode>ist</Unicode>
                    </TextEquiv>
                </Word>
                <Word id="tr_3_tl_47_w6" custom="readingOrder {index:5;}">
                    <Coords points="2708,3472 2708,3532 2881,3532 2881,3472"/>
                    <TextEquiv>
                        <Unicode>nirgends.</Unicode>
                    </TextEquiv>
                </Word>
                <TextEquiv>
                    <Unicode>Wahrheit und Lüge. Sicherheit ist nirgends.</Unicode>
                </TextEquiv>
            </TextLine>
            <TextLine id="tr_3_tl_48" custom="readingOrder {index:47;}">
                <Coords points="2040,3538 2921,3574 2904,3512 2040,3501"/>
                <Baseline points="2047,3530 2090,3533 2134,3533 2178,3536 2222,3536 2266,3539 2310,3539 2353,3542 2397,3542 2441,3542 2485,3544 2529,3545 2573,3545 2617,3545 2660,3547 2704,3548 2748,3548 2792,3550 2836,3551 2880,3553 2924,3560"/>
                <Word id="tr_3_tl_48_w1" custom="readingOrder {index:0;}">
                    <Coords points="2039,3491 2039,3551 2101,3551 2101,3491"/>
                    <TextEquiv>
                        <Unicode>Wir</Unicode>
                    </TextEquiv>
                </Word>
                <Word id="tr_3_tl_48_w2" custom="readingOrder {index:1;}">
                    <Coords points="2130,3496 2130,3556 2226,3556 2226,3496"/>
                    <TextEquiv>
                        <Unicode>wissen</Unicode>
                    </TextEquiv>
                </Word>
                <Word id="tr_3_tl_48_w3" custom="readingOrder {index:2;}">
                    <Coords points="2256,3499 2256,3559 2352,3559 2352,3499"/>
                    <TextEquiv>
                        <Unicode>nichts</Unicode>
                    </TextEquiv>
                </Word>
                <Word id="tr_3_tl_48_w4" custom="readingOrder {index:3;}">
                    <Coords points="2381,3502 2381,3562 2438,3562 2438,3502"/>
                    <TextEquiv>
                        <Unicode>von</Unicode>
                    </TextEquiv>
                </Word>
                <Word id="tr_3_tl_48_w5" custom="readingOrder {index:4;}">
                    <Coords points="2468,3505 2468,3565 2607,3565 2607,3505"/>
                    <TextEquiv>
                        <Unicode>andern,</Unicode>
                    </TextEquiv>
                </Word>
                <Word id="tr_3_tl_48_w6" custom="readingOrder {index:5;}">
                    <Coords points="2626,3507 2626,3567 2718,3567 2718,3507"/>
                    <TextEquiv>
                        <Unicode>nichts</Unicode>
                    </TextEquiv>
                </Word>
                <Word id="tr_3_tl_48_w7" custom="readingOrder {index:6;}">
                    <Coords points="2747,3509 2747,3569 2799,3569 2799,3509"/>
                    <TextEquiv>
                        <Unicode>von</Unicode>
                    </TextEquiv>
                </Word>
                <Word id="tr_3_tl_48_w8" custom="readingOrder {index:7;}">
                    <Coords points="2834,3512 2834,3572 2915,3572 2915,3512"/>
                    <TextEquiv>
                        <Unicode>uns;</Unicode>
                    </TextEquiv>
                </Word>
                <TextEquiv>
                    <Unicode>Wir wissen nichts von andern, nichts von uns;</Unicode>
                </TextEquiv>
            </TextLine>
            <TextLine id="tr_3_tl_49" custom="readingOrder {index:48;}">
                <Coords points="2036,3604 2359,3588 2418,3614 2557,3586 2800,3614 2827,3565 2035,3542"/>
                <Baseline points="2044,3575 2083,3575 2122,3577 2161,3578 2201,3578 2240,3578 2279,3579 2318,3581 2358,3584 2397,3584 2436,3584 2475,3582 2515,3583 2554,3584 2593,3585 2632,3587 2672,3587 2711,3590 2750,3590 2789,3592 2829,3596"/>
                <Word id="tr_3_tl_49_w1" custom="readingOrder {index:0;}">
                    <Coords points="2035,3535 2035,3595 2103,3595 2103,3535"/>
                    <TextEquiv>
                        <Unicode>Wir</Unicode>
                    </TextEquiv>
                </Word>
                <Word id="tr_3_tl_49_w2" custom="readingOrder {index:1;}">
                    <Coords points="2130,3538 2130,3598 2241,3598 2241,3538"/>
                    <TextEquiv>
                        <Unicode>spielen</Unicode>
                    </TextEquiv>
                </Word>
                <Word id="tr_3_tl_49_w3" custom="readingOrder {index:2;}">
                    <Coords points="2269,3542 2269,3602 2400,3602 2400,3542"/>
                    <TextEquiv>
                        <Unicode>immer,</Unicode>
                    </TextEquiv>
                </Word>
                <Word id="tr_3_tl_49_w4" custom="readingOrder {index:3;}">
                    <Coords points="2422,3543 2422,3603 2480,3603 2480,3543"/>
                    <TextEquiv>
                        <Unicode>wer</Unicode>
                    </TextEquiv>
                </Word>
                <Word id="tr_3_tl_49_w5" custom="readingOrder {index:4;}">
                    <Coords points="2507,3543 2507,3603 2538,3603 2538,3543"/>
                    <TextEquiv>
                        <Unicode>es</Unicode>
                    </TextEquiv>
                </Word>
                <Word id="tr_3_tl_49_w6" custom="readingOrder {index:5;}">
                    <Coords points="2565,3546 2565,3606 2666,3606 2666,3546"/>
                    <TextEquiv>
                        <Unicode>weiß,</Unicode>
                    </TextEquiv>
                </Word>
                <Word id="tr_3_tl_49_w7" custom="readingOrder {index:6;}">
                    <Coords points="2682,3549 2682,3609 2718,3609 2718,3549"/>
                    <TextEquiv>
                        <Unicode>ist</Unicode>
                    </TextEquiv>
                </Word>
                <Word id="tr_3_tl_49_w8" custom="readingOrder {index:7;}">
                    <Coords points="2741,3551 2741,3611 2825,3611 2825,3551"/>
                    <TextEquiv>
                        <Unicode>klug.</Unicode>
                    </TextEquiv>
                </Word>
                <TextEquiv>
                    <Unicode>Wir spielen immer, wer es weiß, ist klug.</Unicode>
                </TextEquiv>
            </TextLine>
            <TextLine id="tr_3_tl_50" custom="readingOrder {index:49;}">
                <Coords points="2472,3643 2725,3660 2887,3647 2948,3666 2959,3596 2856,3588 2800,3614 2730,3595 2470,3595"/>
                <Baseline points="2477,3635 2502,3635 2528,3635 2553,3635 2579,3636 2604,3638 2630,3638 2656,3638 2681,3638 2707,3638 2732,3640 2758,3642 2783,3644 2809,3644 2835,3644 2860,3644 2886,3644 2911,3644 2937,3645 2963,3647"/>
                <Word id="tr_3_tl_50_w1" custom="readingOrder {index:0;}">
                    <Coords points="2477,3595 2477,3655 2592,3655 2592,3595"/>
                    <TextEquiv>
                        <Unicode>Julius</Unicode>
                    </TextEquiv>
                </Word>
                <Word id="tr_3_tl_50_w2" custom="readingOrder {index:1;}">
                    <Coords points="2616,3598 2616,3658 2812,3658 2812,3598"/>
                    <TextEquiv>
                        <Unicode>Ferdinand</Unicode>
                    </TextEquiv>
                </Word>
                <Word id="tr_3_tl_50_w3" custom="readingOrder {index:2;}">
                    <Coords points="2842,3604 2842,3664 2951,3664 2951,3604"/>
                    <TextEquiv>
                        <Unicode>Wollf</Unicode>
                    </TextEquiv>
                </Word>
                <TextEquiv>
                    <Unicode>Julius Ferdinand Wollf</Unicode>
                </TextEquiv>
            </TextLine>
            <TextEquiv>
                <Unicode></Unicode>
            </TextEquiv>
        </TextRegion>
    </Page>
</PcGts>
