3344 4352
348 124 425 184 nicht
451 124 544 184 daran
581 124 710 184 denken,
737 124 855 184 wieviel
882 124 923 184 ich
950 124 1037 184 selbst
1064 124 1151 184 durch
1183 123 1276 183 diesen
1308 124 1369 184 Tod
1401 122 1463 182 ver¬

353 168 426 228 loren
464 169 563 229 habe.

435 224 489 284 Ich
527 231 603 291 habe
641 231 760 291 Arthur
793 228 967 288 Schnitzler
1000 228 1065 288 sehr
1104 228 1173 288 gern
1218 225 1228 285 —
1294 227 1326 287 es
1359 230 1461 290 klingt

346 277 512 337 hoffentlich
541 276 624 336 nicht
647 276 931 336 überschwenglich,
954 276 1037 336 wenn
1065 276 1104 336 ich
1133 276 1232 336 sage:
1255 276 1321 336 sehr
1339 275 1394 335 lieb
1422 273 1433 333 -

345 324 471 384 gehabt.
512 321 607 381 Jedes
648 321 911 381 Beisammensein
952 321 1007 381 mit
1043 320 1088 380 ihm
1155 321 1235 381 hatte
1276 321 1367 381 etwas
1408 319 1468 379 Be¬

340 366 514 426 glückendes
542 365 591 425 für
614 365 706 425 mich.
723 365 865 425 Seine
893 365 1024 425 Reife
1052 365 1133 425 und
1161 365 1325 425 Milde,
1342 366 1461 426 seine

343 410 579 470 Weisheit
605 410 685 470 und
716 410 836 470 Güte
867 410 993 470 machten
1029 410 1079 470 ihn
1110 411 1139 471 zu
1185 410 1265 470 einem
1316 412 1462 472 wunder¬

335 455 430 515 vollen
463 457 643 517 Menschen.
665 457 765 517 Wenn
797 456 834 516 ich
877 455 940 515 mir
978 458 1030 518 den
1063 457 1190 517 Begriff
1233 455 1280 515 der
1313 458 1456 518 Liebens¬

340 502 529 562 würdigkeit
563 502 798 562 personifiziert
832 503 954 563 dächte,
988 503 1015 563 so
1055 503 1144 563 wäre
1184 503 1351 563 Schnitzler
1391 505 1468 565 seine

345 548 598 608 vollkommenste
629 548 892 608 Verkörperung.

428 608 505 668 Auch
545 610 572 670 zu
607 610 785 670 Arthur
819 611 1098 671 Schnitzlers
1143 610 1456 670 Lebenswerk

339 653 395 713 und
435 655 525 715 seiner
554 655 770 715 Problematik
805 656 918 716 habe
947 658 992 718 ich
1027 658 1083 718 seit
1106 658 1185 718 jeher
1214 659 1316 719 eine
1351 661 1464 721 ganz

333 703 592 763 besonders
621 703 909 763 persönliche
943 703 1020 763 und
1048 703 1214 763 intime
1243 706 1458 766 seelische

346 748 631 808 Beziehung,
654 748 782 808 obwohl
812 751 875 811 doch
923 748 1021 808 dieses
1051 751 1265 811 Gesamtwerk
1313 752 1463 812 spezifisch

344 793 587 853 österreichischer
610 793 670 853 Art
688 795 726 855 ist
749 795 804 855 und
832 794 865 854 ich
893 792 937 852 ein
966 793 1203 853 Norddeutscher
1226 795 1293 855 bin.
1315 795 1459 855 Zwischen

343 840 507 900 Schnitzler
539 837 590 897 und
627 840 704 900 mir,
725 840 781 900 uns
814 840 916 900 beiden
948 840 1103 900 Menschen
1145 840 1201 900 von
1243 843 1465 903 verschiedener

345 887 761 947 Stammeszugehörigkeit,
783 888 907 948 bestand
946 886 1053 946 immer
1086 888 1129 948 die
1162 886 1297 946 innigste
1335 890 1459 950 brüder¬

346 930 413 990 liche
446 931 652 991 Sympathie.

403 1011 479 1071 Die
516 1015 691 1075 Furcht,
720 1016 805 1076 das
849 1016 982 1076 Leben
1025 1016 1060 1076 zu
1104 1016 1400 1076 versäumen.

431 1086 502 1146 Das
536 1091 702 1151 Problem,
724 1091 779 1151 das
813 1092 884 1152 mich
913 1092 940 1152 in
985 1092 1095 1152 jungen
1129 1093 1251 1153 Jahren
1296 1091 1456 1151 besonders

336 1136 454 1196 lebhaft
484 1139 661 1199 beschäftigt
685 1139 738 1199 hat
769 1139 821 1199 und
851 1139 922 1199 auch
952 1139 975 1199 in
1005 1139 1194 1199 Schnitzlers
1224 1137 1366 1197 Schaffen
1396 1139 1460 1199 eine

339 1183 434 1243 starke
480 1185 582 1245 Rolle
628 1183 752 1243 spielte,
793 1184 832 1244 ist
878 1181 928 1241 der
962 1185 1217 1245 Gegensatz
1247 1185 1449 1245 zwischen

335 1229 475 1289 Kunst
503 1231 573 1291 und
606 1228 774 1288 Leben.
807 1231 936 1291 Nimmt
974 1230 1044 1290 man
1088 1230 1277 1290 Schnitzlers
1305 1229 1456 1289 Einakter

339 1276 621 1336 „Lebendige
660 1276 898 1336 Stunden"
954 1276 1015 1336 und
1065 1276 1154 1336 stellt
1193 1276 1287 1336 meine
1326 1276 1453 1336 Novelle

346 1321 509 1381 „Tonio
543 1325 740 1385 Kröger"
774 1325 932 1385 daneben,
955 1324 1000 1384 die
1029 1324 1067 1384 ich
1108 1324 1158 1384 als
1204 1324 1276 1384 etwa
1305 1323 1457 1383 Dreißig¬

340 1366 475 1426 jähriger
504 1368 684 1428 geschrieben
725 1369 814 1429 habe,
838 1369 865 1429 so
894 1370 973 1430 sieht
996 1371 1063 1431 man
1098 1368 1165 1428 eine
1194 1368 1459 1428 Verwandtschaft

338 1411 386 1471 der
414 1415 700 1475 Lebensstimmung
722 1416 781 1476 und
809 1416 857 1476 der
874 1416 1057 1476 Probleme.
1069 1416 1203 1476 Sowohl
1226 1416 1247 1476 in
1274 1416 1452 1476 Schnitzlers

335 1456 384 1516 wie
412 1459 438 1519 in
472 1459 591 1519 meinem
629 1462 841 1522 Jugendwerk
874 1461 961 1521 spürt
989 1461 1053 1521 man
1087 1462 1146 1522 eine
1174 1464 1293 1524 gewisse
1315 1461 1462 1521 Schwver¬

339 1504 405 1564 mut
450 1506 505 1566 des
550 1509 738 1569 Künstlers,
773 1509 822 1569 der
862 1509 922 1569 das
962 1511 1083 1571 Gefühl
1117 1509 1189 1569 hat,
1223 1509 1334 1569 über
1368 1509 1445 1569 dem

335 1550 550 1610 Schaffen
603 1553 684 1613 das
737 1553 882 1613 Leben
934 1553 974 1613 zu
1028 1555 1330 1615 versäumen.
1365 1553 1463 1613 Diese

349 1596 625 1656 Grundstimmung
660 1598 767 1658 erfüllt
802 1599 847 1659 die
881 1601 999 1661 meisten
1034 1601 1153 1661 Bücher
1187 1604 1368 1664 Schnitzlers
1402 1601 1458 1661 und

341 1642 375 1702 ist
406 1642 452 1702 für
488 1646 528 1706 ihn
565 1646 828 1706 kennzeichnend.

427 1725 508 1785 Der
546 1730 739 1790 Teufel,
770 1730 844 1790 der
882 1730 948 1790 die
986 1732 1142 1792 Dächer
1181 1732 1380 1792 abdeckt.

437 1795 521 1855 Ganz
562 1795 726 1855 besonders
772 1795 846 1855 liebe
892 1796 931 1856 ich
966 1798 1084 1858 Arthur
1113 1798 1301 1858 Schnitzlers
1336 1798 1454 1858 Roman

339 1840 599 1900 „Therese".
623 1841 733 1901 Dieses
768 1843 976 1903 Meisterwerk
1012 1845 1093 1905 stelle
1122 1844 1156 1904 ich
1192 1846 1255 1906 noch
1290 1843 1382 1903 höher
1412 1841 1458 1901 als

340 1888 386 1948 den
416 1889 514 1949 „Weg
538 1888 584 1948 ins
614 1891 741 1951 Freie",
759 1891 806 1951 der
830 1893 852 1953 ja
882 1892 1050 1952 gleichfalls
1074 1893 1103 1953 zu
1127 1892 1312 1952 Schnitzlers
1336 1891 1458 1951 edelsten

344 1936 559 1996 Schöpfungen
593 1936 717 1996 gehört.
740 1936 808 1996 Von
842 1938 892 1998 der
921 1938 1152 1998 Eintönigkeit,
1181 1937 1226 1997 die
1255 1938 1373 1998 manche
1402 1936 1463 1996 Be¬

345 1980 464 2040 urteiler
497 1984 528 2044 an
572 1984 739 2044 „Therese“
772 1985 896 2045 tadeln,
924 1986 999 2046 habe
1027 1986 1064 2046 ich
1097 1986 1231 2046 niemals
1264 1986 1361 2046 etwas
1394 1984 1458 2044 ent¬

340 2027 437 2087 dechen
470 2031 611 2091 können.
639 2031 703 2091 Das
736 2032 888 2092 intensive
916 2032 1144 2092 Lebensgefühl
1172 2034 1220 2094 der
1248 2034 1383 2094 Trauer,
1405 2031 1459 2091 das

338 2075 429 2135 dieses
462 2078 543 2138 Buch
571 2077 695 2137 erfüllt,
717 2079 770 2139 hat
804 2079 868 2139 mich
907 2079 1015 2139 immer
1043 2079 1156 2139 wieder
1183 2079 1264 2139 ganz
1292 2079 1459 2139 ungeheuer

339 2125 498 2185 ergriffen.
544 2127 733 2187 Schnitzlers
785 2126 962 2186 „Therese“
1014 2127 1070 2187 hat
1117 2127 1214 2187 etwas
1266 2127 1465 2187 bezwingend

341 2172 482 2232 Geniales
534 2173 562 2233 in
608 2172 659 2232 der
693 2174 932 2234 Komposition.
966 2174 1040 2234 Das
1075 2174 1233 2234 Schicksal
1269 2174 1359 2234 dieser
1393 2174 1466 2234 Er¬

335 2219 561 2279 zieherin,
591 2219 658 2279 die
704 2220 743 2280 in
789 2222 925 2282 einer
954 2219 1101 2279 Reihe
1141 2220 1220 2280 von
1260 2220 1464 2280 Bürger¬

339 2266 537 2326 häusern
566 2267 715 2327 dient,
738 2267 826 2327 bietet
849 2268 898 2328 dem
938 2267 1059 2327 Dichter
1082 2267 1287 2327 Gelegenheit
1310 2267 1337 2327 zu
1371 2267 1447 2327 einem

333 2312 696 2372 Gesellschaftsgemälde
754 2315 810 2375 von
873 2315 1094 2375 hinreißendem
1169 2314 1463 2374 Farbenreichtum.

338 2358 452 2418 Arthur
480 2359 648 2419 Schnitzler
676 2359 767 2419 macht
795 2362 822 2422 es
855 2362 909 2422 wie
937 2362 986 2422 der
1014 2362 1122 2422 Teufel
1149 2362 1176 2422 in
1209 2359 1258 2419 der
1285 2361 1459 2421 berühmten

339 2407 489 2467 Dichtung
534 2407 589 2467 von
635 2407 679 2467 Le
719 2409 808 2469 Saye
847 2407 864 2467 —
938 2407 1015 2467 der
1055 2409 1245 2469 Teufel,
1279 2407 1356 2467 der
1396 2407 1468 2467 die

333 2455 499 2515 Dächer
533 2455 610 2515 der
644 2455 826 2515 Häuser
854 2455 1042 2515 abdecht
1076 2455 1136 2515 und
1170 2455 1220 2515 die
1254 2455 1458 2515 verwirrende

336 2503 639 2563 Mannigfaltigkeit
663 2503 710 2563 der
741 2503 913 2563 Schicksale
937 2503 1061 2563 sichtbar
1086 2503 1198 2563 werden
1229 2497 1311 2557 läßt.

435 2566 494 2626 Für
525 2568 645 2628 Arthur
670 2568 857 2628 Schnitzlers
887 2568 1092 2628 Lebenswerk
1123 2566 1158 2626 ist
1189 2567 1224 2627 ein
1261 2568 1382 2628 Zauber
1413 2568 1460 2628 der

333 2614 497 2674 Weichheit
515 2616 787 2676 charakteristisch,
805 2616 855 2676 der
879 2613 1328 2673 echtwienerischist:
1357 2613 1453 2673 etwas

340 2662 577 2722 Pastellhaftes,
616 2661 891 2721 Schimmerndes,
929 2659 1264 2719 Einschmeichelndes,
1307 2658 1458 2718 Liebens¬

336 2706 484 2766 würdiges
525 2704 535 2764 —
602 2708 730 2768 zugleich
769 2706 841 2766 aber
875 2708 941 2768 auch
975 2706 1041 2766 eine
1075 2706 1464 2766 Lebensstrenge,

333 2753 376 2813 die
409 2753 614 2813 beinahe
647 2753 848 2813 grausam
897 2753 994 2813 wirkt
1028 2753 1087 2813 und
1126 2752 1179 2812 den
1218 2754 1331 2814 Arzt
1359 2752 1461 2812 üenn¬

336 2798 477 2858 zeichnet.
506 2798 578 2858 Man
619 2799 704 2859 spürt
733 2800 800 2860 eben
840 2800 862 2860 in
903 2801 1072 2861 Schnitzler
1101 2798 1151 2858 den
1187 2800 1277 2860 Arzt,
1306 2801 1350 2861 dem
1402 2801 1452 2861 das

340 2845 443 2905 Leiden
470 2846 617 2906 vertraut
639 2846 676 2906 ist
699 2846 752 2906 und
785 2846 834 2906 der
861 2846 937 2906 ohne
960 2846 1067 2906 falsche
1090 2846 1382 2906 Empfindsamkeit
1405 2849 1453 2909 den

335 2891 480 2951 Kranken
518 2893 690 2953 beobachtet
719 2892 778 2952 und
811 2892 994 2952 behandelt.
1016 2894 1058 2954 In
1098 2894 1281 2954 Schnitzlers
1314 2895 1448 2955 Büchern

340 2939 421 2999 spürt
459 2938 529 2998 man
573 2939 718 2999 zuweilen
767 2938 831 2998 eine
870 2938 1085 2998 unerbittliche
1118 2938 1274 2998 Strenge,
1313 2939 1355 2999 die
1399 2939 1458 2999 fast

333 2985 446 3045 wehtut
479 2985 538 3045 und
577 2986 625 3046 die
658 2985 685 3045 in
724 2983 772 3043 der
805 2986 967 3046 Mischung
1006 2986 1065 3046 und
1103 2986 1130 3046 im
1179 2986 1450 3046 Zusammenhang

338 3029 393 3089 mit
421 3031 470 3091 der
498 3033 647 3093 Zartheit
675 3033 730 3093 und
764 3034 935 3094 Weichheit
963 3031 1051 3091 seines
1085 3031 1212 3091 Wesens
1246 3031 1328 3091 einen
1362 3034 1455 3094 unge¬

333 3079 516 3139 wöhnlichen
552 3082 758 3142 dichterischen
794 3082 871 3142 Reiz
895 3079 1030 3139 ausübt.

590 3173 673 3233 Der
711 3174 879 3234 Dichter
925 3174 985 3234 als
1024 3174 1221 3234 Führer.

432 3252 473 3312 Es
504 3251 539 3311 ist
564 3249 606 3309 ein
637 3249 793 3309 Unglück,
812 3249 859 3309 daß
896 3251 1010 3311 Arthur
1035 3251 1203 3311 Schnitzler
1228 3252 1378 3312 gestorben
1409 3253 1457 3313 ist,

330 3298 406 3358 denn
454 3297 631 3357 gerade
674 3298 779 3358 jetzt
816 3299 951 3359 hätte
994 3297 1064 3357 die
1106 3298 1235 3358 Welt
1271 3300 1348 3360 ihn
1396 3298 1460 3358 ge¬

330 3346 534 3406 braucht.
558 3342 631 3402 Wie
665 3341 755 3401 Hugo
791 3344 1176 3404 Hofmannsthal
1205 3344 1353 3404 wurzelte
1382 3343 1455 3403 auch

332 3392 497 3452 Schnitzler
526 3389 575 3449 als
604 3389 719 3449 Mensch
748 3389 808 3449 und
837 3389 985 3449 Künstler
1009 3389 1036 3449 im
1075 3389 1152 3449 alten
1186 3392 1369 3452 Oesterreich
1397 3390 1452 3450 und

333 3438 393 3498 war
416 3440 509 3500 dessen
543 3437 754 3497 vollendetster
782 3434 965 3494 Ausdruck.
987 3437 1070 3497 Aber
1093 3437 1259 3497 Schnitzler
1287 3437 1370 3497 hatte
1398 3437 1453 3497 alle

335 3484 642 3544 Voraussetzungen,
669 3484 706 3544 um
754 3485 780 3545 in
823 3483 928 3543 unsere
961 3482 1040 3542 neue
1072 3483 1162 3543 Welt
1194 3483 1448 3543 hereinzureichen

331 3530 389 3590 und
432 3530 750 3590 herüberzuwachsen.
782 3529 952 3589 Schnitzler
985 3529 1074 3589 hätte
1112 3529 1233 3589 unserer
1266 3530 1462 3590 Gegenwart

332 3578 490 3638 unendlich
523 3577 586 3637 viel
613 3577 670 3637 sein
709 3577 861 3637 können:
900 3577 968 3637 ein
1000 3577 1206 3637 Berater
1239 3577 1318 3637 und
1356 3577 1456 3637 eine

330 3626 483 3686 Stütze
523 3625 562 3685 in
608 3624 800 3684 unseren
846 3624 1072 3684 geistigen
1118 3625 1373 3685 Kämpfen,
1407 3625 1446 3685 ein

331 3674 516 3734 Führer
543 3670 568 3730 in
606 3668 728 3728 unseren
760 3670 982 3730 Bemühungen
1019 3672 1056 3732 um
1105 3670 1157 3730 das
1189 3672 1305 3732 Leben,
1332 3673 1364 3733 um
1412 3673 1459 3733 die

333 3719 446 3779 Kunst,
469 3720 502 3780 um
549 3718 594 3778 die
617 3718 753 3778 Politih,
777 3718 810 3778 um
856 3718 901 3778 die
925 3718 1339 3778 Gesellschaftsgestaltung.
1357 3718 1447 3778 Denn

333 3766 448 3826 Arthur
477 3765 732 3825 Schnitzler
761 3762 827 3822 war
861 3763 938 3823 nicht
966 3765 1027 3825 nur
1055 3765 1099 3825 ein
1133 3765 1299 3825 Künstler,
1323 3765 1449 3825 sondern

327 3811 393 3871 auch
433 3815 471 3875 ein
511 3810 616 3870 weiser
650 3811 711 3871 und
745 3810 878 3870 mutiger
912 3812 1029 3872 Mensch
1063 3809 1079 3869 —
1141 3811 1207 3871 ein
1247 3810 1458 3870 vorbild¬

330 3861 462 3921 liches
504 3860 747 3920 Beispiel.
777 3858 857 3918 Sein
899 3858 996 3918 Wort
1032 3858 1095 3918 und
1136 3858 1194 3918 sein
1241 3858 1310 3918 Rat
1345 3858 1449 3918 wären

341 3909 442 3969 gerade
477 3907 544 3967 jetzt
579 3904 629 3964 der
664 3903 754 3963 Welt
789 3906 873 3966 nötig
913 3906 1066 3966 gewesen.
1095 3906 1139 3966 In
1185 3904 1457 3964 ehrfurchtsvoller

339 3956 418 4016 Liebe
447 3956 503 4016 und
538 3956 657 4016 Trauer
687 3955 783 4015 grüße
813 3956 852 4016 ich
881 3956 932 4016 den
967 3955 1074 4015 großen
1109 3953 1228 4013 Toten.

1939 971 1963 1031 I.
1985 968 2102 1028 österr.
2119 968 2270 1028 behördl.
2287 962 2580 1022 konzessioniertes

1910 1019 2144 1079 Unternehmen
2171 1016 2219 1076 für
2247 1013 2618 1073 Zeitungs-Ausschnitte

1973 1082 2121 1142 WIEN,
2142 1081 2179 1141 I.,
2206 1078 2464 1138 WOLLZEILE
2504 1073 2548 1133 11

2052 1133 2262 1193 TELEPHON
2299 1128 2479 1188 R-23-0-43

1865 1271 2082 1331 Ausschnitt
2109 1267 2167 1327 aus
2184 1268 2199 1328 :

2096 1355 2419 1415 BOHEMIA,
2427 1340 2574 1400 PRAG

2102 1472 2187 1532 23
2222 1462 2373 1522 0KT.
2407 1452 2525 1512 1932

1867 1497 1978 1557 vom:

1806 1646 1837 1706 In
1882 1643 2152 1703 Hemortam
2218 1633 2402 1693 Arthur
2435 1628 2684 1688 Schnitzler

1874 1706 1949 1766 (Zum
1987 1703 2074 1763 ersten
2102 1700 2242 1760 Todestag
2270 1698 2302 1758 am
2340 1695 2389 1755 23.
2406 1694 2530 1754 Oklober
2553 1691 2650 1751 1932.)

2007 1761 2065 1821 Von
2102 1757 2254 1817 Rudolf
2284 1753 2507 1813 Felmayer.

1840 1834 1902 1894 Wie
1926 1832 1955 1892 er
1984 1831 2080 1891 zuietzt
2105 1828 2162 1888 uns
2191 1828 2268 1888 einen
2297 1823 2393 1883 seiner
2417 1822 2518 1882 Helden
2552 1819 2653 1879 zeigte,

1841 1879 1922 1939 allein
1959 1878 1990 1938 am
2036 1873 2263 1933 Himmelsrand
2296 1870 2341 1930 des
2373 1867 2559 1927 Kolosseums
2588 1862 2728 1922 weilend,

1845 1924 1962 1984 indessen
1999 1921 2053 1981 aus
2089 1921 2139 1981 dem
2185 1918 2370 1978 ungeheuren
2411 1910 2497 1970 Rund
2534 1909 2579 1969 des
2616 1904 2724 1964 abend¬

2478 1953 2561 2013 stillen
2596 1950 2684 2010 Baus

1845 2011 1888 2071 die
1912 2010 2003 2070 Nacht
2023 2007 2095 2067 über
2119 2007 2166 2067 der
2191 2004 2267 2064 Sitze
2292 2001 2369 2061 leere
2393 1998 2585 2058 Stufenreihn

1849 2056 1900 2116 mit
1924 2052 2045 2112 dunklem
2088 2050 2205 2110 Schritt
2234 2049 2256 2109 zu
2290 2048 2336 2108 ihm
2379 2043 2570 2103 emporstieg:

1850 2100 1889 2160 So
1920 2099 2127 2159 gleicherweise
2158 2096 2238 2156 ward
2274 2094 2329 2154 sein
2365 2091 2465 2151 eignes
2496 2085 2652 2145 Schicksal.

1847 2171 1910 2231 Das
1945 2171 2031 2231 bunte
2061 2168 2153 2228 Spiel
2177 2164 2246 2224 dort
2270 2162 2355 2222 unten
2392 2160 2449 2220 war
2478 2160 2506 2220 zu
2542 2159 2634 2219 Ende.

1849 2216 1908 2276 Und
1944 2214 2008 2274 jene
2039 2210 2406 2270 Glänzend-Flüchtigen,

1850 2258 1888 2318 die
1917 2258 2033 2318 Tänzer
2062 2258 2115 2318 und
2150 2257 2192 2317 die
2222 2252 2381 2312 Kämpfer,

1851 2307 1896 2367 die
1922 2305 2023 2365 Jäger
2054 2300 2109 2360 und
2141 2300 2186 2360 die
2217 2298 2318 2358 Reiter
2349 2295 2405 2355 auf
2431 2294 2476 2354 den
2512 2289 2654 2349 Rennern

1852 2348 2060 2408 entschwanden
2097 2344 2119 2404 in
2151 2342 2201 2402 den
2233 2341 2351 2401 dunklen
2388 2335 2478 2395 Toren
2510 2335 2555 2395 der
2587 2333 2682 2393 Arena

1853 2390 1892 2450 Es
1922 2389 2045 2449 drängte
2075 2389 2138 2449 nach
2169 2387 2212 2447 die
2238 2385 2350 2445 Menge
2376 2383 2424 2443 der
2449 2379 2606 2439 Besucher,

1850 2437 1882 2497 um
1925 2434 1990 2494 noch
2018 2433 2064 2493 des
2098 2432 2219 2492 Spieles
2247 2431 2415 2491 Nachglanz
2439 2428 2467 2488 zu
2500 2424 2640 2484 erhaschen

1858 2482 1913 2542 Und
1942 2479 2045 2539 seltsam
2087 2479 2157 2539 reich
2186 2474 2340 2534 erschienen
2373 2469 2457 2529 ihnen

1853 2526 1895 2586 die
1925 2524 2063 2584 weichen,
2087 2522 2173 2582 lauen
2207 2518 2426 2578 nachtgeküßten
2465 2515 2546 2575 Lüfte
2566 2515 2637 2575 ...

2343 2586 2441 2646 Allein

1857 2596 1899 2656 Er
1931 2595 1999 2655 aber
2031 2594 2105 2654 blieb
2143 2592 2242 2652 zurück

1861 2641 1937 2701 Denn
1969 2639 2041 2699 nicht
2063 2636 2212 2696 verführte
2238 2633 2279 2693 ihn
2306 2631 2362 2691 dies
2389 2628 2533 2688 scheinbar
2554 2625 2626 2685 freie
2648 2625 2750 2685 Spiel,

1860 2683 1901 2743 des
1932 2682 2171 2742 vorbestimmte,
2193 2678 2406 2738 immergleiche
2438 2673 2599 2733 Handlung

1857 2729 1886 2789 er
1911 2729 2029 2789 zutiefst
2054 2725 2270 2785 durchschaute.

1865 2772 1922 2832 Und
1951 2770 1999 2830 da,
2019 2769 2076 2829 mit
2101 2766 2182 2826 einem
2221 2765 2307 2825 Male
2336 2763 2398 2823 sah
2427 2759 2475 2819 er:

1867 2817 1936 2877 Dies
1969 2815 2029 2875 war
2062 2812 2108 2872 der
2141 2810 2308 2870 ungeheure
2337 2807 2466 2867 Trichter
2500 2801 2578 2861 eines
2607 2798 2750 2858 Kraters,

1862 2862 1917 2922 auf
1946 2861 2030 2921 dessen
2073 2855 2409 2915 wiegend-trügerischem
2457 2846 2709 2906 Schlammgrund

1866 2906 1912 2966 der
1941 2903 2052 2963 Brodem
2099 2900 2243 2960 schillernd
2272 2896 2346 2956 seine
2379 2894 2481 2954 Blasen
2514 2891 2593 2951 warf

1865 2951 1920 3011 und
1954 2947 2000 3007 den
2038 2946 2080 3006 die
2113 2944 2216 3004 Hänge
2245 2939 2390 2999 lückenlos
2419 2935 2611 2995 umringten,

1872 2997 1890 3057 in
1928 2992 2036 3052 ewigen
2069 2989 2181 3049 Stufen
2219 2991 2242 3051 zu
2280 2986 2327 3046 ihm
2375 2982 2613 3042 niedersteigend.

1873 3039 1942 3099 Dies
1972 3037 2045 3097 blieb
2075 3035 2124 3095 für
2154 3033 2257 3093 immer
2288 3030 2341 3090 und
2371 3028 2400 3088 es
2430 3025 2518 3085 zeigte

1870 3082 1922 3142 nun
1961 3082 1985 3142 in
2019 3079 2072 3139 der
2101 3078 2187 3138 Leere
2217 3075 2274 3135 erst
2298 3073 2346 3133 die
2376 3070 2544 3130 ungeheure
2573 3067 2678 3127 Kraft.

1875 3127 1946 3187 Dort
1971 3126 2052 3186 aber,
2072 3123 2114 3183 wo
2144 3121 2182 3181 ein
2211 3118 2388 3178 Dauerndes
2417 3115 2465 3175 das
2495 3110 2643 3170 Flüchtige
2667 3109 2763 3169 trägt,

1873 3173 1906 3233 ist
1926 3172 1949 3232 es
1978 3171 2017 3231 ein
2046 3170 2123 3230 Tor,
2138 3167 2219 3227 durch
2243 3165 2291 3225 das
2320 3163 2358 3223 ein
2388 3159 2464 3219 Gott
2484 3158 2527 3218 die
2552 3155 2628 3215 Welt
2648 3150 2763 3210 betritt.

1877 3244 1932 3304 Und
1961 3242 2017 3302 wie
2041 3242 2068 3302 er
2092 3242 2115 3302 so
2134 3239 2185 3299 vom
2219 3234 2461 3294 Himmelsrande
2481 3230 2523 3290 der
2542 3225 2635 3285 Arena
2655 3225 2761 3285 schaute

1872 3291 1960 3351 hinab
1998 3287 2044 3347 ins
2077 3286 2170 3346 leere,
2195 3279 2372 3339 gottbereite
2405 3274 2507 3334 Rund,

1876 3335 1904 3395 da
1932 3331 2020 3391 füllte
2044 3329 2100 3389 mit
2124 3326 2169 3386 des
2199 3325 2305 3385 Gottes
2333 3322 2440 3382 Dasein
2473 3317 2515 3377 sich
2544 3314 2590 3374 der
2614 3312 2678 3372 Bau

1881 3377 1933 3437 und
1960 3376 2017 3436 aus
2044 3373 2088 3433 des
2119 3370 2261 3430 Grundes
2288 3365 2371 3425 Tiefe
2394 3362 2455 3422 stieg
2486 3359 2531 3419 der
2558 3356 2632 3416 Gott
2655 3353 2769 3413 empor,

1875 3424 1929 3484 mit
1953 3420 2043 3480 Nacht
2071 3418 2126 3478 und
2154 3416 2249 3476 Stille
2272 3411 2413 3471 schattend
2441 3407 2527 3467 rings
2555 3401 2600 3461 den
2633 3398 2765 3458 Stufen¬

2620 3443 2732 3503 raum,

1881 3513 1931 3573 und
1962 3509 2047 3569 hüllte
2078 3506 2119 3566 ihn
2150 3505 2205 3565 mit
2231 3502 2322 3562 seinem
2363 3497 2479 3557 dunklen
2510 3491 2677 3551 Schweigen
2708 3487 2768 3547 ein.
