3392 4320
1404 254 1533 314 box
1615 255 1802 315 42/6

296 264 892 324 Schnitzlers
953 254 1196 314 Death

185 1002 405 1062 VER

124 1058 383 1118 nzesslonierte

115 1102 453 1162 ungs-Ausschnitte

119 1162 263 1222 LZEL

127 1213 308 1273 R-23-0-43

314 1410 539 1470 crich¬

126 1528 389 1588 10.19.1.

799 1760 926 1820 sichkeit
951 1760 972 1820 je
997 1760 1101 1820 zuteil
1126 1762 1265 1822 wurde.
1290 1763 1463 1823 „Anatol"
1488 1764 1545 1824 und
1582 1765 1767 1825 „Liebelei"
1792 1762 1908 1822 waren
1944 1761 2001 1821 die
2026 1763 2106 1823 noch
2131 1766 2212 1826 nicht
2236 1766 2293 1826 vom
2342 1766 2434 1826 Alter
2459 1767 2516 1827 des
2540 1769 2691 1829 Dichters
2727 1771 2890 1831 beschattet
2915 1771 3042 1831 waren?

788 1810 822 1870 es
856 1807 912 1867 vor
941 1808 1059 1868 allem,
1088 1808 1132 1868 die
1162 1808 1269 1868 dieser
1297 1811 1569 1871 Lebenshaltung
1603 1812 1806 1872 künstlerisch
1835 1809 1885 1869 kon

1942 1808 1989 1868 Es
2026 1811 2067 1871 ist
2104 1813 2176 1873 stets
2219 1813 2351 1873 dieselbe
2394 1816 2592 1876 verwirrend
2636 1816 2852 1876 vielgestaltig
2895 1819 3057 1879 variierte

783 1855 916 1915 formen
958 1855 1132 1915 Ausdruck
1162 1858 1289 1918 gaben.

1945 1858 2116 1918 Melodie,
2140 1860 2187 1920 die
2217 1858 2246 1918 in
2283 1860 2365 1920 allen
2401 1861 2530 1921 Werken
2566 1865 2726 1925 erklingt,
2751 1864 2809 1924 von
2845 1864 2897 1924 der
2928 1866 3063 1926 lehens¬

132 1873 378 1933 Schnigler

827 1900 894 1960 Die
917 1901 1024 1961 Seele
1053 1906 1155 1966 dieser
1189 1906 1359 1966 Menschen
1400 1906 1439 1966 ist
1473 1906 1518 1966 ein
1553 1906 1665 1966 weites
1700 1908 1813 1968 Land,
1842 1906 1904 1966 wie
1938 1906 2068 1966 nahen,
2097 1903 2222 1963 Fin-de
2239 1909 2573 1969 sieele-Stimmung
2613 1914 2664 1974 des
2699 1912 2874 1972 Anfanges
2914 1914 2964 1974 bis
2999 1915 3055 1975 zur

145 1937 203 1997 Uhr
244 1939 361 1999 abends
401 1936 440 1996 ist
480 1939 584 1999 Doktor
631 1936 722 1996 Artur

783 1952 973 2012 Schnitzler
1014 1953 1042 2013 in
1090 1953 1181 2013 einer
1223 1955 1332 2015 seiner
1373 1957 1656 2017 Tragikomödien
1703 1956 1766 2016 mit
1801 1955 1910 2015 feinen

1937 1955 2119 2015 abstrakten
2167 1957 2355 2017 Romantik
2391 1961 2443 2021 des
2491 1961 2590 2021 letzten
2638 1960 2785 2020 Werkes.
2833 1962 2903 2022 Und
2945 1962 3050 2022 vieles

158 1975 286 2035 Monate
323 1977 373 2037 vor
410 1978 593 2038 Vollendung
635 1975 722 2035 seines

786 2002 1002 2062 Einfühlung
1033 2003 1123 2063 sagt.
1147 2002 1196 2062 So
1239 2004 1274 2064 ist
1305 2003 1352 2063 es.
1377 2004 1443 2064 Sie
1474 2005 1533 2065 hat
1565 2005 1661 2065 Raum
1710 2003 1763 2063 für
1794 2002 1914 2062 vieles,

1942 2004 2020 2064 hört
2055 2003 2128 2063 man
2169 2005 2230 2065 aus
2265 2005 2321 2065 ihr
2350 2006 2496 2066 heraus,
2520 2010 2576 2070 den
2616 2011 2735 2071 ganzen
2775 2011 2956 2071 Reichtunt
2985 2010 3058 2070 ver¬

106 2017 235 2077 Porben.
257 2017 449 2077 Vormittags
481 2017 564 2077 hatte
590 2017 636 2077 er,
658 2013 725 2073 noch

790 2052 818 2112 ja
854 2049 916 2109 für
952 2051 1055 2111 alles,
1090 2050 1159 2110 nur
1194 2050 1251 2110 für
1292 2052 1385 2112 eines
1426 2049 1466 2109 ist
1501 2051 1541 2111 sie
1582 2052 1616 2112 zu
1657 2054 1714 2114 eng
1755 2052 1824 2112 und
1871 2050 1899 2110 zu

109 2052 313 2112 Tpaziergang
350 2052 490 2112 gemacht.
523 2054 595 2114 Nach
636 2052 722 2112 seiner

1942 2050 2096 2110 feinerten
2141 2052 2406 2112 Seelenlebens,
2435 2055 2501 2115 nur
2540 2055 2629 2115 eines
2663 2056 2739 2116 nie:
2790 2058 2856 2118 Die
2901 2058 3056 2118 Stimme

120 2091 199 2151 iung
227 2093 320 2153 wurd=
349 2093 376 2153 er
405 2091 470 2151 nach
498 2093 530 2153 11
559 2091 615 2151 Uhr
643 2090 722 2150 plöt=

789 2099 895 2159 flach:
919 2098 995 2158 Für
1025 2099 1077 2159 die
1113 2099 1255 2159 Stärke,
1285 2100 1337 2160 für
1374 2100 1426 2160 die
1456 2102 1598 2162 Größe.
1628 2098 1692 2158 e
1722 2099 1822 2159 Wege
1852 2098 1910 2158 der

1941 2100 2141 2160 wirklicher,
2160 2102 2366 2162 wahrhafter
2396 2103 2549 2163 Jugend.
2580 2103 2656 2163 Was
2692 2105 2739 2165 sich
2776 2106 2798 2166 in
2834 2106 2887 2166 den
2924 2106 3047 2166 Jahren

124 2130 183 2190 kam
229 2131 306 2191 nicht
338 2133 420 2193 mehr
457 2130 507 2190 zur
544 2130 731 2190 Besinnung.

789 2145 942 2205 Gärten,
960 2148 989 2208 in
1019 2148 1113 2208 denen
1149 2146 1202 2206 sich
1232 2148 1426 2208 Schnitzlers
1456 2148 1574 2208 Poesie
1740 2148 1810 2208 sind
1840 2145 1910 2205 sehr

1941 2148 2131 2208 gewandelt
2167 2148 2241 2208 hat,
2271 2149 2311 2209 ist
2346 2151 2439 2211 nicht
2468 2150 2525 2210 der
2561 2152 2670 2212 Geist,
2706 2154 2839 2214 sondern
2886 2155 2955 2215 nur
2990 2156 3047 2216 sein

105 2172 151 2232 der
175 2172 544 2232 Herzmuskelenlartung.
568 2169 600 2229 Er
628 2168 726 2228 dürfte

847 2193 904 2253 oft
928 2196 1019 2256 mehr
1043 2196 1140 2256 durch
1170 2196 1406 2256 Künstlichkeit
1430 2197 1481 2257 als
1505 2199 1747 2259 durch#enc
1771 2198 1782 2258 —
1835 2195 1909 2255 ver=
1938 2195 2146 2255 Verhältnis
2187 2195 2244 2255 zur
2279 2197 2435 2257 Umwelt.
2476 2199 2522 2259 In
2557 2199 2614 2259 der
2649 2199 2742 2259 ersten
2788 2201 2845 2261 und
2886 2202 3047 2262 mittleren

108 2210 236 2270 erlegen
269 2211 341 2271 sein.

786 2243 909 2303 zweigt
944 2242 1005 2302 und
1046 2243 1231 2303 verwirrt;
1260 2244 1305 2304 sie
1345 2244 1536 2304 vermitteln
1577 2245 1610 2305 in
1650 2245 1886 2305 raffinierteste

1947 2243 2015 2303 Zeit
2041 2245 2210 2305 erschienen
2249 2244 2292 2304 die
2318 2246 2519 2306 Charaktere
2545 2249 2707 2309 realistisch
2739 2250 2927 2310 gezeichnet.
2953 2249 3047 2309 Jedes

86 2281 497 2341 Oesterreichertum
571 2281 651 2341 schon
708 2279 755 2339 sei=

790 2292 879 2352 Form
937 2293 987 2353 die
1027 2291 1343 2351 mannigfaltigsten
1394 2294 1591 2354 Eindrücke;
1631 2295 1698 2355 was
1744 2293 1789 2353 sie
1829 2290 1907 2350 aber

1935 2291 2032 2351 Ding
2073 2293 2154 2353 trug
2195 2292 2280 2352 seine
2316 2293 2419 2353 starke
2454 2294 2667 2354 Lokalfarbe.
2708 2297 2754 2357 In
2800 2297 2852 2357 den
2898 2299 3042 2359 späteren

96 2330 189 2390 Anen
234 2330 360 2390 Leben.
399 2329 477 2389 Das
527 2330 598 2390 eine
638 2324 753 2384 Antlit

791 2339 880 2399 nicht
911 2341 1036 2401 haben,
1061 2339 1120 2399 das
1163 2339 1204 2399 ist
1235 2342 1289 2402 die
1319 2341 1428 2401 große
1458 2342 1734 2402 Tiefenrichtung
1777 2340 1800 2400 in
1843 2338 1902 2398 das
1940 2338 2132 2398 Dichtunge
2192 2338 2234 2398 ist
2271 2337 2324 2397 das
2367 2343 2505 2403 Kolorit
2536 2344 2757 2404 gedämpfter,
2806 2345 2860 2405 die
2902 2346 3046 2406 Tönung

112 2378 303 2438 sonehmend
342 2378 399 2438 das
439 2377 674 2437 Vergehende,
700 2377 758 2437 das
791 2386 879 2446 letzte
906 2390 1059 2450 Dunkel.
1079 2387 1180 2447 Schön
1226 2390 1289 2450 und
1316 2390 1392 2450 zart
1418 2392 1538 2452 glühen
1578 2390 1629 2450 die
1655 2392 1782 2452 Farben
1821 2388 1910 2448 eines

1937 2387 2078 2447 blasser.
2120 2388 2191 2448 Das
2233 2387 2291 2447 18.
2327 2391 2580 2451 Jahrhundert,
2611 2393 2669 2453 das
2706 2393 2764 2453 dem
2818 2394 2935 2454 „Gang
2977 2396 3036 2456 zum

111 2428 152 2488 st
170 2426 223 2486 ins
254 2427 366 2487 Auge,
385 2426 420 2486 es
444 2426 473 2486 in
504 2426 604 2486 seinen
635 2423 752 2483 tiefster

789 2435 1134 2495 impressionistischen
1164 2436 1412 2496 Welterlebens
1435 2437 1515 2497 auf.
1534 2437 1602 2497 Ihr
1626 2437 1769 2497 feuchter
1799 2436 1908 2496 Glanz

1937 2434 2092 2494 Weiher“
2127 2432 2179 2492 den
2215 2435 2364 2495 Rahmen
2400 2440 2486 2500 gibt,
2504 2438 2608 2498 bleibt
2632 2440 2909 2500 unbestimmbar,
2933 2443 3059 2503 nimmt

121 2473 178 2533 den
219 2473 474 2533 Weltansichten
521 2471 590 2531 sind
626 2470 758 2530 Dichter

790 2482 872 2542 liegt
900 2484 987 2544 nicht
1016 2484 1081 2544 nur
1115 2484 1180 2544 auf
1203 2484 1263 2544 den
1308 2482 1467 2542 bestalten
1501 2482 1567 2542 aus
1600 2484 1655 2544 der
1689 2482 1914 2542 Gegenwart,
1942 2482 2107 2542 nirgends
2146 2484 2294 2544 konkrete
2329 2486 2471 2546 Formen
2516 2486 2576 2546 an.
2615 2487 2708 2547 Aber
2742 2487 2830 2547 nicht
2874 2488 2945 2548 nur
2990 2488 3050 2548 das

102 2527 132 2587 zu
177 2524 289 2584 Klang
327 2521 433 2581 haben
477 2521 558 2581 weit
590 2519 670 2579 über
709 2519 758 2579 die
784 2525 827 2585 er
846 2530 1033 2590 schimmert
1053 2532 1121 2592 auch
1153 2532 1184 2592 um
1228 2531 1409 2591 historische
1435 2531 1597 2591 Personen
1629 2533 1653 2593 in
1685 2533 1734 2593 dem
1779 2532 1903 2592 Drama
1942 2530 2066 2590 Milieu
2098 2532 2204 2592 bleibt
2229 2533 2485 2593 Schattenspiel,
2511 2534 2579 2594 auch
2611 2533 2660 2593 die
2686 2536 2879 2596 Menschen,
2899 2536 2948 2596 die
2974 2536 3048 2596 nach

111 2571 231 2631 des
266 2570 432 2630 deutschen
467 2566 592 2626 Volkes
622 2566 747 2626 hinaus

784 2581 886 2641 „Der
915 2580 1016 2640 junge
1045 2581 1259 2641 Medardus"
1299 2581 1361 2641 und
1395 2581 1423 2641 in
1463 2581 1519 2641 dem
1565 2582 1773 2642 malerischen
1808 2581 1892 2641 Spie

1938 2578 1999 2638 dem
2048 2580 2164 2640 Guten
2220 2584 2367 2644 greifen,
2417 2584 2484 2644 und
2521 2583 2576 2643 dem
2632 2582 2760 2642 Bösen,
2810 2587 2877 2647 sind
2939 2587 3049 2647 schöne

106 2617 231 2677 cherr,
253 2617 307 2677 der
335 2616 459 2676 andere
492 2612 503 2672 —
564 2614 628 2674 war
662 2616 737 2676 Artu

1937 2626 2097 2686 Schatten

785 2626 848 2686 aus
889 2626 946 2686 der
987 2629 1143 2689 Renaissa
1179 2629 1282 2689 eezeit
1318 2629 1497 2689 „Schleier
1532 2628 1590 2688 der
1632 2629 1833 2689 Beatrice“.

113 2667 205 2727 zuei
247 2663 304 2723 für
352 2663 409 2723 das
457 2661 660 2721 Empfinden
713 2662 758 2722 der

833 2675 884 2735 In
919 2674 1011 2734 einen
1046 2675 1144 2735 süßen
1186 2676 1439 2736 Fliedergeruch
1474 2676 1514 2736 ist
1544 2678 1624 2738 alles
1660 2678 1803 2738 gehüllt,
1833 2678 1896 2738 aud

1982 2673 2032 2733 Es
2070 2673 2107 2733 ist
2139 2674 2246 2734 etwas
2284 2676 2447 2736 seltsames
2486 2678 2529 2738 um
2580 2677 2630 2737 ein
2668 2679 2788 2739 solches
2826 2682 3052 2742 Dichtertum.

94 2713 170 2773 he
204 2709 545 2769 beisammenstehen,
565 2710 648 2770 liegt
682 2709 745 2769 nich

787 2721 840 2781 die
871 2723 1015 2783 Tragik.
1045 2723 1117 2783 Aus
1155 2725 1208 2785 dem
1263 2724 1437 2784 wortlosen
1480 2724 1696 2784 Tanzdrama
1733 2724 1907 2784 „Schleien

1941 2718 2044 2778 Wenn
2079 2718 2107 2778 es
2143 2724 2229 2784 nicht
2253 2725 2287 2785 zu
2316 2726 2466 2786 paradox
2496 2727 2668 2787 erschiene,
2692 2727 2807 2787 könnte
2837 2729 2905 2789 man
2941 2730 3055 2790 sagen.

109 2763 128 2823 se
154 2760 234 2820 eher
265 2760 340 2820 weit
366 2759 603 2819 voneinander
633 2757 769 2817 trennt.

877 2769 1046 2829 Pierette"
1092 2770 1171 2830 wind
1217 2774 1250 2834 es
1291 2772 1318 2832 so
1364 2771 1449 2831 recht
1484 2774 1619 2834 deutlich
1660 2775 1818 2835 fühlbar,
1847 2772 1909 2832 wie

1941 2769 1998 2829 daß
2033 2769 2085 2829 dem
2132 2772 2322 2832 inneren
2358 2772 2467 2832 Wesen
2503 2775 2572 2835 nach
2601 2775 2653 2835 die
2677 2775 2786 2835 frühen
2827 2777 2937 2837 Werke
2961 2777 3052 2837 eben¬

99 2808 201 2868 Abren
245 2810 488 2870 Lebensgang.
516 2806 618 2866 Beide
651 2805 753 2865 warer

857 2819 992 2879 nitzlers
1022 2818 1128 2878 Wesen
1164 2823 1251 2883 sind.
1276 2820 1577 2880 Todesmüdigkeit
1601 2820 1665 2880 und
1695 2820 1813 2880 müder
1837 2820 1907 2880 Tod

1942 2818 2039 2878 sogut
2069 2819 2127 2879 von
2162 2820 2213 2880 dem
2266 2823 2433 2883 alternden
2468 2823 2647 2883 Schnitzler
2677 2823 2780 2883 hätten
2822 2825 2879 2885 sein
2915 2826 3052 2886 können,

113 2855 231 2915 Beruf
261 2856 403 2916 Aerzte;
434 2855 492 2915 das
529 2853 575 2913 ist
600 2852 765 2912 vielleicht

789 2869 830 2929 am
878 2868 1036 2928 Anfang,
1066 2868 1136 2928 Tod
1172 2869 1207 2929 am
1261 2870 1407 2930 Schluß.
1437 2870 1507 2930 Wie
1537 2868 1902 2928 Hollunderkügelcher

1937 2864 2001 2924 wie
2032 2868 2226 2928 umgekehrt
2256 2870 2302 2930 die
2332 2870 2438 2930 späten
2480 2870 2533 2930 von
2575 2870 2627 2930 dem
2675 2872 2816 2932 jungen.
2852 2872 2916 2932 Die
2947 2872 3052 2932 Welt¬

112 2913 156 2973 zu
190 2903 344 2963 Dichtern
378 2903 538 2963 wurden,
561 2903 743 2963 symptoma

786 2915 820 2975 im
878 2918 1080 2978 elektrischen
1127 2917 1241 2977 Strom
1300 2917 1420 2977 tanzen
1467 2918 1553 2978 diese
1594 2915 1703 2975 Wesen
1756 2916 1899 2976 zwischen

1937 2915 2114 2975 erlebnisse
2144 2917 2197 2977 des
2227 2918 2345 2978 jungen
2387 2918 2446 2978 und
2482 2918 2534 2978 des
2564 2918 2647 2978 alten
2683 2918 2854 2978 Menschen
2890 2921 3049 2981 berühren

118 2956 157 3016 es
192 2951 270 3011 aber
305 2954 395 3014 nicht
424 2951 509 3011 aus.
532 2950 583 3010 Es
617 2948 656 3008 ist
685 2950 747 3010 viel

797 2963 867 3023 zwei
892 2964 998 3024 Enden
1028 2966 1081 3026 hin
1112 2966 1176 3026 und
1206 2966 1283 3026 her.
1295 2966 1342 3026 In
1372 2966 1425 3026 der
1456 2966 1627 3026 erregende
1651 2963 1733 3023 Reis
1752 2966 1899 3026 vorüber

1937 2963 2103 3023 einander
2133 2965 2190 3025 auf
2215 2966 2300 3026 ganz
2330 2966 2567 3026 merkwürdige
2596 2965 2676 3025 Art.
2706 2966 2787 3026 Wer
2816 2968 2891 3028 will
2914 2967 2971 3027 das
3001 2968 3052 3028 er¬

116 3002 201 3062 sicht
224 2999 314 3059 ihrer
343 2999 547 3059 Generation
582 2999 745 3059 begründe

793 3012 921 3072 klappen
959 3014 1007 3074 die
1033 3015 1155 3075 Flügel
1180 3014 1235 3074 der
1266 3014 1382 3074 Seelen
1420 3014 1603 3074 zusammen
1641 3014 1702 3074 und
1733 3014 1775 3074 sie
1801 3014 1898 3074 liegen

1938 3011 2072 3071 klären?
2110 3013 2158 3073 Es
2184 3013 2257 3073 gibt
2282 3016 2509 3076 Dichtungen,
2528 3014 2576 3074 die
2602 3015 2693 3075 ihrem
2737 3016 2890 3076 seelischen
2927 3018 3049 3078 Gehalt

113 3047 284 3107 genpole.
314 3045 498 3105 Schnitzler
540 3046 598 3106 hat
635 3044 663 3104 in
706 3045 740 3105 de

793 3058 854 3118 wie
879 3061 946 3121 tote
977 3061 1087 3121 Vögel
1119 3061 1155 3121 am
1211 3061 1345 3121 Boden.
1377 3062 1622 3122 Pessimistische
1653 3061 1788 3121 Skepsis
1825 3062 1911 3122 zieht

1937 3058 2017 3118 nach
2058 3059 2121 3119 nur
2162 3061 2190 3121 in
2232 3061 2289 3121 der
2324 3063 2462 3123 Jugend
2504 3064 2694 3124 geschrieben
2741 3064 2862 3124 werden
2909 3064 3052 3124 können,

167 3097 364 3157 überhaupt
406 3094 480 3154 eine
522 3094 614 3154 volle
650 3091 765 3151 Hälfte

786 3109 846 3169 den
891 3109 1134 3169 Spannungen
1179 3109 1239 3169 des
1285 3109 1411 3169 Lebens
1457 3109 1506 3169 die
1545 3109 1678 3169 Nerven
1728 3109 1811 3169 aus.
1845 3109 1911 3169 Die

1942 3109 2007 3169 und
2044 3109 2128 3169 dann
2165 3109 2231 3169 erst
2255 3112 2375 3172 wieder
2413 3110 2436 3170 im
2491 3111 2599 3171 Alter.
2636 3112 2726 3172 Aber
2757 3112 2828 3172 eine
2860 3113 3046 3173 Erklärung

109 3142 230 3202 inden,
270 3147 358 3207 über
397 3144 452 3204 der
486 3142 546 3202 das
591 3142 740 3202 Abendro

790 3157 998 3217 Dichtungen
1036 3158 1127 3218 trägt
1159 3158 1225 3218 eine
1257 3157 1361 3217 Erde,
1392 3160 1447 3220 auf
1478 3160 1527 3220 die
1558 3158 1613 3218 sich
1644 3160 1729 3220 keine
1761 3158 1895 3218 Zukunf

1942 3155 2009 3215 gibt
2046 3157 2076 3217 es
2120 3159 2205 3219 nicht
2237 3159 2360 3219 dafür.
2397 3160 2593 3220 Schnitzlers
2631 3160 2748 3220 Werke
2785 3161 2846 3221 sind
2890 3162 2950 3222 von
2994 3161 3049 3221 der

114 3195 207 3255 htet.

787 3208 896 3268 bauen
929 3205 1018 3265 laßt.

1937 3203 2022 3263 A.t,
2052 3205 2109 3265 daß
2150 3207 2189 3267 sie
2225 3206 2276 3266 die
2305 3207 2460 3267 Extreme
2495 3208 2546 3268 der
2582 3208 2690 3268 Jahre
2726 3211 2880 3271 einander
2927 3209 3047 3269 näher¬

834 3254 930 3314 „Der
973 3253 1076 3313 Gang
1131 3254 1191 3314 zum
1258 3252 1434 3312 Weiher",
1483 3252 1543 3312 der
1592 3252 1646 3312 als
1689 3253 1798 3313 letztes
1847 3253 1907 3313 der

106 3257 164 3317 dem
217 3255 510 3315 Menschentypus
556 3253 608 3313 der
654 3255 745 3315 Jahr

1939 3252 2098 3312 bringen.
2132 3254 2184 3314 So
2218 3254 2317 3314 nahe,
2344 3256 2403 3316 daß
2437 3255 2490 3315 für
2518 3258 2590 3318 eine
2617 3258 2722 3318 Mitte
2750 3257 2815 3317 fast
2836 3259 2895 3319 kein
2929 3259 3028 3319 Raum

1939 3295 2060 3355 bleibt.

794 3300 1059 3360 Schnitzlerschen
1094 3302 1247 3362 Dramen
1287 3303 1349 3363 erst
1378 3303 1405 3363 in
1441 3303 1497 3363 der
1531 3300 1758 3360 vergangenen
1798 3300 1910 3360 Spiel¬

161 3303 214 3363 den
264 3303 384 3363 unsere
421 3303 517 3363 harte
554 3302 638 3362 Zeit
669 3300 753 3360 schor

109 3348 135 3408 s
155 3351 322 3411 zerrieben
357 3349 416 3409 hat
450 3348 523 3408 Mit
551 3348 603 3408 der
631 3348 751 3408 Scharf

795 3352 857 3412 zeit
891 3348 919 3408 im
976 3350 1208 3410 Burgtheater
1243 3349 1327 3409 seine
1362 3350 1622 3410 Uraufführung
1662 3349 1803 3409 erlebte,
1838 3351 1910 3411 war

1981 3348 2177 3408 Schnitzlers
2218 3351 2442 3411 künstlerische
2476 3354 2739 3414 Physiognomie
2773 3354 2871 3414 prägt
2905 3355 2957 3415 sich
2997 3353 3049 3413 ins

108 3399 157 3459 hat
196 3399 376 3459 Schnitzler
433 3396 464 3456 e
502 3396 751 3456 Brüchigkelten

791 3398 840 3458 ein
885 3396 984 3456 letztes
1023 3397 1255 3457 Bekenntnis.
1289 3396 1355 3456 Ein
1394 3399 1676 3459 abschließendes,
1720 3399 1786 3459 wie
1825 3399 1902 3459 mar

1935 3397 2136 3457 Gedächtnis
2183 3399 2356 3459 nunmehr
2397 3399 2454 3459 der
2489 3402 2662 3462 Nachwelt
2697 3403 2771 3463 ein,
2807 3402 2864 3462 wie
2905 3403 2950 3463 sie
2991 3404 3048 3464 der

794 3446 884 3506 heute
919 3446 1014 3506 sagen
1061 3445 1156 3505 kurf.
1197 3447 1264 3507 Die
1299 3445 1412 3505 kühlen
1452 3447 1622 3507 Schauer,
1656 3445 1707 3505 die
1742 3444 1803 3504 aus
1844 3447 1900 3507 den

104 3449 161 3509 ind
202 3448 330 3508 gestern
371 3447 440 3507 ers.
522 3447 585 3507 und
627 3444 667 3504 sie
697 3444 754 3504 i

1938 3442 2091 3502 Mitwelt
2116 3444 2171 3504 sich
2202 3447 2367 3507 einfügte.
2380 3447 2466 3507 Auch
2497 3450 2699 3510 diejenigen,
2718 3450 2816 3510 denen
2847 3450 3043 3510 Schnitzlers

790 3492 959 3552 gläsernen
993 3492 1218 3552 Versgefäßen
1253 3494 1303 3554 des
1332 3494 1591 3554 schwermütigen
1626 3491 1761 3551 Spieles
1778 3493 1874 3553 traum

115 3494 138 3554 n
179 3494 341 3554 Komplex
382 3494 451 3554 zusa
509 3494 573 3554 nen
614 3491 741 3551 gesehen

1941 3493 2033 3553 Werk
2062 3493 2126 3553 und
2161 3494 2224 3554 Art
2254 3494 2485 3554 wesensfremd
2521 3497 2642 3557 bleiben
2683 3498 2810 3558 mußte,
2834 3499 2955 3559 können
2991 3499 3048 3559 sich

94 3542 137 3602 ud
171 3543 347 3603 Seinsart
370 3545 402 3605 in
436 3542 491 3602 der
530 3541 695 3601 Jiteratur
723 3541 755 3601 zu
789 3541 926 3601 bildend
966 3542 1169 3602 aufsteigen,
1203 3543 1307 3603 waren
1352 3542 1395 3602 sie
1435 3542 1522 3602 nicht
1556 3541 1666 3601 schon,
1699 3541 1743 3601 um
1799 3545 1903 3605 einige

1936 3542 2026 3602 ihrer
2055 3544 2336 3604 Zeitbedeutung,
2360 3545 2523 3605 formalen
2557 3545 2681 3605 Kultur
2710 3545 2765 3605 und
2800 3547 2912 3607 müden
2947 3547 3048 3607 Emp¬

108 3598 171 3658 hing
210 3594 299 3654 kam,
325 3594 382 3654 als
408 3594 465 3654 ihr
498 3595 529 3655 in
568 3591 626 3651 der
652 3592 766 3652 Wirk¬
786 3590 894 3650 Töne
914 3590 1085 3650 wärmer,
1112 3593 1144 3653 in
1176 3593 1233 3653 den
1272 3593 1425 3653 früheren
1457 3592 1668 3652 Dichtungen
1707 3595 1738 3655 zu
1777 3596 1917 3656 spüren,
1937 3595 2250 3655 findungsschwere
2283 3594 2378 3654 nicht
2417 3596 2608 3656 entziehen.
