3344 4320
194 280 249 340 12

386 289 957 349 Schnitzler's
1028 290 1254 350 Deatl

1484 285 1615 345 box
1694 288 1880 348 43/1

2732 466 2902 526 Re

2084 470 2444 530 OBSE

2185 526 2208 586 1.
2225 524 2346 584 österr.
2359 526 2504 586 behördl.
2517 524 2812 584 konzessioniertes

2140 566 2379 626 Unternehmen
2409 565 2454 625 für
2480 566 2862 626 Zeitungs-Ausschnitte

2195 625 2343 685 WIEN,
2369 628 2414 688 I.,
2440 628 2723 688 WOLLZEILE
2769 627 2813 687 11

2293 678 2506 738 TELEPHON
2541 677 2710 737 R-23-0-43

2093 819 2315 879 Ausschnitt
2343 819 2432 879 aus:

2092 1036 2204 1096 vam:

2112 1172 2425 1232 Ausschnitt
2461 1166 2528 1226 aus

2092 1309 2281 1369 AAn
2642 1289 3058 1349 sakw

2597 1439 2996 1499 103

2116 1465 2521 1525 Nr.vom...

2091 1547 2182 1607 Dum
2232 1542 2324 1602 Tode
2353 1542 2495 1602 Arinur
2517 1537 2765 1597 Schlglerd.

2029 1607 2097 1667 Der
2125 1607 2246 1667 Dichter
2274 1607 2379 1667 wurde
2407 1607 2438 1667 am
2481 1605 2528 1665 15.
2545 1605 2577 1665 5.
2598 1605 2667 1665 1862
2694 1602 2720 1662 in
2753 1602 2832 1662 Wien
2864 1598 2911 1658 als

1982 1650 2059 1710 Söhn
2103 1649 2156 1709 des
2195 1648 2369 1708 Professors
2409 1644 2442 1704 an
2486 1643 2534 1703 der
2569 1643 2694 1703 Wiener
2729 1637 2922 1697 Universität

1981 1688 2127 1748 geboren.
2168 1685 2265 1745 Durch
2292 1685 2336 1745 die
2364 1685 2434 1745 enge
2457 1682 2604 1742 Fühlung
2631 1679 2688 1739 mit
2711 1679 2764 1739 den
2795 1676 2915 1736 Größen

1978 1727 2032 1787 der
2060 1727 2145 1787 ersten
2187 1725 2332 1785 deutschen
2369 1724 2496 1784 Bühne,
2519 1721 2569 1781 des
2606 1718 2846 1778 Burgtheaters,
2869 1714 2919 1774 die

1977 1763 2000 1823 in
2034 1766 2134 1826 seines
2163 1763 2278 1823 Vaters
2312 1763 2407 1823 Hause
2436 1760 2622 1820 verkehrten,
2642 1755 2746 1815 wurde
2771 1754 2799 1814 er
2828 1752 2904 1812 schon

1982 1805 2004 1865 in
2036 1802 2135 1862 seiner
2163 1802 2290 1862 Jugend
2323 1801 2377 1861 auf
2404 1799 2458 1859 das
2486 1796 2686 1856 künstlerische
2714 1793 2827 1853 Gebiet
2845 1790 2918 1850 hin¬

1978 1844 2108 1904 gelenkt.
2132 1840 2207 1900 Sein
2235 1840 2319 1900 erster
2343 1836 2624 1896 schriftstellerischer
2648 1831 2755 1891 Erfolg
2779 1829 2844 1889 war
2864 1826 2910 1886 das

1982 1882 2063 1942 Werk
2086 1879 2259 1939 „Anatol",
2287 1876 2350 1936 eine
2378 1875 2474 1935 Reihe
2501 1872 2555 1932 von
2588 1870 2802 1930 dramatischen
2839 1864 2916 1924 Dia¬

1982 1921 2085 1981 logen,
2108 1917 2154 1977 die
2186 1917 2271 1977 durch
2304 1916 2367 1976 ihre
2395 1912 2530 1972 graziöse
2558 1909 2707 1969 Sprache,
2731 1906 2817 1966 mehr
2844 1903 2916 1963 aber

1979 1958 2045 2018 noch
2074 1957 2159 2017 durch
2189 1956 2255 2016 ihre
2279 1954 2498 2014 aufdringliche
2523 1948 2627 2008 Erotik
2656 1948 2713 2008 und
2742 1942 2918 2002 Frivolität

1981 1996 2130 2056 Aufsehen
2190 1995 2345 2055 erregten.
2404 1991 2463 2051 Die
2514 1987 2755 2047 Uraufführung
2819 1981 2914 2041 seines

1989 2034 2180 2094 Schauspiels
2219 2031 2391 2091 „Liebelei"
2434 2028 2471 2088 am
2518 2025 2729 2085 Burgtheater
2771 2018 2921 2078 eröffnete

1988 2076 2035 2136 die
2068 2076 2167 2136 Reihe
2200 2073 2299 2133 seiner
2337 2069 2510 2129 zahlreichen
2553 2065 2827 2125 Bühnenerfolge,
2870 2060 2922 2120 die

1992 3279 2081 3339 meist
2103 3276 2177 3336 recht
2198 3275 2293 3335 heikle
2320 3274 2419 3334 Stoffe
2446 3273 2526 3333 mehr
2553 3270 2621 3330 oder
2643 3270 2779 3330 weniger
2801 3267 2922 3327 graziös

1997 3318 2183 3378 behandeln.
2219 3313 2366 3373 Daneben
2393 3312 2486 3372 zeigte
2509 3309 2535 3369 er
2558 3310 2597 3370 sich
2624 3309 2691 3369 aber
2718 3306 2779 3366 auch
2807 3304 2851 3364 als
2878 3305 2935 3365 Er¬

1995 3354 2096 3414 zähler
2127 3353 2184 3413 von
2220 3351 2325 3411 starkem
2370 3350 2498 3410 Talent,
2520 3348 2657 3408 meistens
2692 3345 2833 3405 Novellen
2869 3344 2926 3404 und

1999 3393 2171 3453 Noveletten
2203 3390 2255 3450 von
2282 3390 2366 3450 einem
2402 3390 2512 3450 nahezu
2539 3386 2698 3446 peinlichen
2734 3384 2933 3444 Realismus.

2000 3432 2054 3492 Der
2082 3432 2200 3492 einzige
2228 3428 2351 3488 größere
2383 3427 2520 3487 Roman,
2544 3426 2593 3486 der
2621 3423 2708 3483 „Weg
2740 3423 2790 3483 ins
2818 3420 2941 3480 Freie“,

1997 3470 2133 3530 schildert
2156 3467 2208 3527 das
2231 3466 2350 3526 Wiener
2368 3465 2460 3525 Leben
2487 3464 2539 3524 zur
2557 3461 2623 3521 Zeit
2637 3459 2685 3519 der
2703 3460 2941 3520 Jahrhundert¬

1995 3509 2118 3569 wende.
2150 3504 2190 3564 Es
2223 3503 2254 3563 ist
2278 3503 2319 3563 ein
2356 3504 2629 3564 charakteristisches
2661 3498 2811 3558 Merkmal
2834 3497 2884 3557 der
2907 3497 2934 3557 so

1994 3548 2174 3608 zahlreichen
2198 3543 2298 3603 Werke
2317 3542 2511 3602 Schnitzlers,
2538 3540 2586 3600 die
2604 3539 2648 3599 dem
2684 3539 2803 3599 Wiener
2821 3536 2926 3596 Milieu

1999 3587 2194 3647 entstammen
2228 3583 2286 3643 und
2320 3581 2382 3641 auch
2411 3581 2532 3641 solcher,
2557 3577 2603 3637 die
2628 3575 2682 3635 erst
2707 3575 2732 3635 in
2766 3575 2815 3635 den
2849 3572 2936 3632 aller¬

1997 3626 2090 3686 letzten
2121 3623 2236 3683 Jahren
2268 3620 2427 3680 erschienen
2454 3618 2529 3678 sind,
2547 3617 2595 3677 daß
2627 3614 2657 3674 sie
2680 3614 2804 3674 zumeist
2827 3611 2932 3671 Bilder

1997 3663 2045 3723 der
2072 3662 2147 3722 Zeit
2169 3661 2226 3721 aus
2258 3659 2306 3719 des
2342 3659 2473 3719 Dichters
2505 3653 2645 3713 jüngeren
2681 3653 2796 3713 Jahren
2827 3651 2937 3711 geben.

2000 3700 2094 3760 Einer
2124 3699 2184 3759 viel
2210 3697 2389 3757 sorgloseren
2423 3694 2479 3754 und
2509 3691 2808 3751 unbekümmerteren
2842 3688 2940 3748 Welt,

2002 3740 2045 3800 als
2077 3736 2103 3796 es
2139 3736 2183 3796 die
2210 3736 2329 3796 heutige
2360 3734 2408 3794 ist,
2427 3733 2506 3793 eines
2537 3730 2727 3790 zufriedenen
2763 3727 2816 3787 und
2847 3727 2940 3787 dabei

2003 3775 2223 3835 schöngeistigen
2255 3772 2479 3832 Bürgertums,
2497 3770 2527 3830 an
2559 3769 2607 3829 das
2634 3767 2743 3827 soziale
2766 3766 2933 3826 Prebleme

2002 3818 2085 3878 selten
2121 3814 2332 3874 herantreten.
2377 3811 2478 3871 Selten
2514 3808 2611 3868 hallen
2651 3805 2730 3865 seine
2775 3805 2871 3865 Werke
2902 3803 2928 3863 in

1995 3854 2074 3914 einem
2124 3853 2252 3913 schrillen
2289 3852 2350 3912 Ton
2386 3850 2462 3910 aus,
2489 3847 2524 3907 sie
2551 3844 2720 3904 verklingen
2778 3843 2835 3903 und
2871 3840 2938 3900 ver¬

2002 3891 2178 3951 dämmern.
2222 3887 2319 3947 Seine
2350 3887 2451 3947 weiche
2482 3883 2539 3943 und
2570 3883 2658 3943 dabei
2685 3882 2728 3942 oft
2755 3879 2935 3939 spielerische

2002 3930 2208 3990 Behandlung
2244 3926 2292 3986 der
2324 3924 2486 3984 Probleme
2518 3922 2583 3982 läßt
2610 3919 2773 3979 Schnitzler
2800 3918 2843 3978 als
2879 3918 2927 3978 den

2002 3969 2276 4029 ausgesprochenen
2301 3963 2538 4023 österreichischen
2563 3960 2676 4020 Dichter
2693 3957 2875 4017 erscheinen,
2884 3957 2933 4017 den

2006 4006 2121 4066 Dichter
2152 4005 2233 4065 eines
2268 4002 2474 4062 vergangenen
2509 3999 2615 4059 Wien,
2638 3997 2727 4057 dessen
2762 3993 2942 4053 Landschaft

2002 4047 2062 4107 und
2091 4044 2272 4104 Umgebung
2314 4041 2341 4101 in
2379 4041 2472 4101 seinen
2514 4038 2630 4098 Werken
2663 4035 2802 4095 lebendig
2845 4034 2937 4094 wird.
