3344 4384
85 393 311 453 ERVER

137 440 158 500 l.
176 438 279 498 österr.
297 437 453 497 behördlich
485 434 738 494 konzessioniertes

136 477 340 537 Unternehmen
361 476 399 536 für
413 473 735 533 Zeitungs-Ausschnitte

154 519 227 579 Mean
267 518 416 578 uolteslen
442 496 1171 556 releFonntagsbeilage
1212 491 1285 551 der
1312 487 1499 547 Wiener
1538 485 1739 545 Zeitung,
1766 484 1840 544 18.
1866 481 2053 541 Oktober
2080 476 2191 536 1936

2005 587 2152 647 Theodor
2177 584 2313 644 Kramer

81 622 104 682 o
145 619 337 679 Fröhlich

2079 680 2230 740 Letzter
2272 679 2359 739 Tag
2400 676 2432 736 im
2497 670 2907 730 Schrebergarten

333 757 526 817 Das
627 754 889 814 weite
962 751 1226 811 Land
1311 745 1448 805 der
1519 740 1783 800 Seele

2088 757 2144 817 Den
2179 757 2278 817 Kürbis
2304 754 2352 814 hat
2378 754 2412 814 ein
2443 750 2524 810 Hauch
2551 748 2593 808 vom
2633 746 2740 806 Strunk
2767 745 2883 805 gedreht,

2084 799 2144 859 weiß
2171 801 2248 861 starrt
2271 799 2310 859 die
2332 796 2440 856 Narbe,
2463 793 2497 853 die
2519 793 2558 853 ins
2585 791 2676 851 Dürre
2698 788 2771 848 geht;

2090 846 2176 906 längst
2199 842 2349 902 abgeerntet
2376 840 2449 900 steh'n
2480 836 2596 896 Spalier
2626 834 2673 894 und
2705 832 2786 892 Beet.

340 846 382 906 Zu
426 845 539 905 Artur
576 842 790 902 Schnitzlers
826 840 969 900 fünftem
1027 837 1219 897 Todestag
1256 837 1298 897 am
1348 836 1412 896 21.
1434 831 1605 891 Oktober

2089 905 2143 965 Der
2169 903 2396 963 Schrebergarten
2426 898 2489 958 liegt
2511 897 2531 957 im
2570 894 2650 954 letzten
2680 894 2772 954 Glast,

85 936 147 996 tur
175 934 336 994 Schnitzler
364 933 472 993 schrieb
500 932 543 992 ein
571 930 705 990 Dutzend
743 927 913 987 Rödellen,
932 924 975 984 die
1003 924 1102 984 Welt
1130 924 1291 984 verloren.
1319 923 1453 983 Anders
1482 920 1570 980 sein,
1598 918 1642 978 das
1680 918 1751 978 darf
1788 918 1850 978 man
1887 918 1984 978 unter

2090 950 2131 1010 die
2153 948 2248 1008 Stütze
2274 946 2366 1006 spreizt
2391 941 2500 1001 verzerrt
2526 938 2567 998 den
2597 936 2680 996 kahlen
2714 936 2768 996 Ast,

87 984 136 1044 dem
180 984 433 1044 psychologischen
473 978 632 1038 Spürsinn
671 976 720 1036 des
760 975 891 1035 Arztes,
920 971 974 1031 mit
1008 972 1244 1032 Gewöhnlichen
1284 973 1366 1033 sicher
1400 972 1493 1032 nicht.

2097 993 2178 1053 scharf
2201 990 2264 1050 steht
2286 990 2329 1050 der
2355 987 2424 1047 Zaun
2459 984 2501 1044 von
2528 981 2661 1041 Scherben
2691 983 2833 1043 eingefaßt.

1059 1017 1125 1077 Von
1167 1017 1223 1077 den
1270 1019 1429 1079 „Masken
1476 1016 1537 1076 und
1579 1011 1769 1071 Wundern“
1811 1011 1861 1071 der
1903 1008 1990 1068 Welt

93 1031 346 1091 nimmermüden
380 1029 551 1089 Phantasie
600 1026 652 1086 des
686 1023 824 1083 Dichters
858 1023 881 1083 in
920 1020 972 1080 das

2098 1052 2184 1112 Gerät
2210 1050 2257 1110 und
2287 1050 2386 1110 Karren
2416 1046 2502 1106 lehnen
2532 1044 2553 1104 im
2593 1041 2747 1101 Verschlag;

92 1079 159 1139 sche,
216 1075 628 1135 unerklärlich-rätselhafte
690 1071 752 1131 und
815 1070 888 1130 doch
939 1068 972 1128 so
1012 1064 1108 1124 hören
1148 1066 1204 1126 wir
1239 1064 1300 1124 nun
1346 1064 1408 1124 eine
1442 1064 1571 1124 Kunde,
1600 1061 1645 1121 die
1680 1060 1735 1120 uns
1770 1059 1893 1119 bewegt
1922 1058 1983 1118 und

2097 1094 2149 1154 hier
2181 1093 2233 1153 noch
2269 1091 2304 1151 ein
2340 1090 2463 1150 Schnitt,
2490 1085 2547 1145 dort
2574 1085 2631 1145 noch
2662 1085 2697 1145 ein
2728 1082 2909 1142 Harkenschlag

76 1126 128 1186 hde
181 1124 312 1184 Dunkel
361 1123 413 1183 der
466 1122 565 1182 Seele
619 1118 861 1178 hinabtauchen.
909 1115 972 1175 Der
1015 1115 1167 1175 ergreift,
1194 1115 1273 1175 denn
1321 1115 1388 1175 auch
1426 1114 1489 1174 uns
1526 1111 1563 1171 ist
1590 1109 1647 1169 das
1684 1108 1800 1168 Dasein
1843 1106 1890 1166 oft
1922 1107 1990 1167 eine

2098 1137 2142 1197 das
2173 1136 2239 1196 hallt
2266 1135 2314 1195 und
2342 1133 2447 1193 bröckelt
2474 1130 2544 1190 durch
2576 1128 2616 1188 den
2647 1127 2828 1187 Nachmittag.

1009 1163 1122 1223 Quelle
1154 1162 1205 1222 der
1232 1161 1382 1221 Wonne,
1403 1162 1449 1222 oft
1476 1160 1543 1220 eine
1575 1157 1663 1217 Kette
1694 1157 1751 1217 von
1788 1154 1938 1214 Qualen,
1959 1151 1990 1211 es

84 1172 348 1232 schaftskritiker
387 1169 467 1229 wird
511 1169 564 1229 für
608 1166 678 1226 eine
722 1166 824 1226 Weile
868 1161 981 1221 verab¬

2097 1197 2147 1257 Die
2180 1198 2281 1258 Krume
2319 1196 2447 1256 sprenkelt
2480 1190 2696 1250 schieferfarb'ner
2733 1190 2848 1250 Schein,

1011 1211 1139 1271 zwingt
1160 1211 1242 1271 uns,
1264 1211 1392 1271 Masken
1428 1211 1453 1271 zu
1485 1208 1614 1268 tragen,
1635 1207 1670 1267 um
1712 1205 1737 1265 zu
1769 1203 1892 1263 schützen
1929 1199 1985 1259 und

81 1223 135 1283 det,
162 1220 210 1280 der
243 1220 394 1280 ironische
422 1217 583 1277 Skeptiker
621 1217 734 1277 meldet
767 1214 810 1274 sich
848 1212 907 1272 nur
940 1211 967 1271 in

2098 1241 2170 1301 leicht
2194 1241 2238 1301 tun
2272 1240 2305 1300 die
2335 1238 2436 1298 Samen
2466 1236 2509 1296 sich
2534 1234 2577 1294 ins
2606 1233 2727 1293 Säckchen
2756 1235 2814 1295 ein;

1016 1261 1045 1321 zu
1085 1259 1231 1319 wahren,
1256 1259 1324 1319 was
1359 1259 1418 1319 uns
1453 1257 1540 1317 teuer
1570 1255 1624 1315 ist,
1668 1253 1731 1313 und
1761 1252 1795 1312 es
1830 1251 1898 1311 läßt
1928 1247 1986 1307 uns

84 1268 342 1328 bemerkungen.
392 1266 456 1326 Die
494 1265 667 1325 Romantik
706 1262 851 1322 entfaltet
889 1259 970 1319 ihren

2102 1285 2170 1345 nicht
2193 1282 2247 1342 viel
2271 1282 2298 1342 an
2330 1282 2402 1342 ihnen
2439 1281 2498 1341 wird
2531 1278 2553 1338 zu
2581 1276 2658 1336 sieben
2690 1276 2749 1336 sein.

1017 1306 1197 1366 manchmal
1219 1306 1298 1366 trotz
1319 1306 1366 1366 der
1399 1304 1488 1364 hellen
1526 1300 1705 1360 Vernunft,
1728 1300 1785 1360 auf
1807 1296 1854 1356 die
1881 1294 1939 1354 wir
1966 1295 1992 1355 so

85 1318 182 1378 enden
218 1315 338 1375 Glanz.
362 1312 448 1372 „Wir
478 1312 575 1372 wissen
611 1309 709 1369 nichts
739 1309 790 1369 von
825 1306 980 1366 anderen,

2109 1347 2168 1407 Das
2193 1345 2259 1405 Licht
2290 1345 2326 1405 des
2357 1342 2441 1402 Tages
2466 1339 2556 1399 weicht
2581 1339 2623 1399 aus
2654 1339 2719 1399 Gelb
2751 1339 2798 1399 und
2823 1339 2895 1399 Rot,

1017 1356 1092 1416 stolz
1114 1357 1200 1417 sind,
1217 1354 1244 1414 in
1271 1354 1400 1414 Demut
1423 1352 1476 1412 vor
1504 1351 1584 1411 einen
1618 1348 1752 1408 höheren
1785 1345 1892 1405 Willen
1925 1342 1995 1402 hin¬

121 1363 180 1423 von
224 1363 315 1423 uns."
348 1363 439 1423 Diese
472 1358 655 1418 resignierte
682 1357 876 1417 Erkenntnis
909 1354 978 1414 ver¬

2105 1392 2143 1452 die
2167 1390 2258 1450 Stille
2283 1387 2364 1447 hängt
2389 1385 2470 1445 herein
2500 1384 2542 1444 als
2567 1381 2615 1441 wie
2639 1381 2673 1441 ein
2702 1383 2759 1443 Lot;

1022 1405 1140 1465 sinken,
1157 1402 1259 1462 mögen
1292 1402 1350 1462 wir
1372 1402 1415 1462 ihn
1448 1402 1506 1462 nun
1540 1399 1658 1459 Zufall,
1680 1394 1895 1454 Bestimmung
1923 1390 1992 1450 oder

116 1412 206 1472 ihren
241 1411 387 1471 Stachel,
427 1408 483 1468 das
518 1408 613 1468 Leben
648 1405 715 1465 ruft
744 1405 771 1465 in
806 1405 850 1465 all
879 1402 975 1462 seiner

2108 1434 2147 1494 den
2176 1435 2266 1495 blassen
2300 1434 2390 1494 Bogen
2425 1431 2480 1491 teilt
2509 1428 2537 1488 ein
2572 1426 2701 1486 schwarzer
2724 1426 2836 1486 Schlot.

1013 1451 1100 1511 Gott
1128 1450 1277 1510 nennen.
1305 1450 1475 1510 Schnitzler
1509 1447 1696 1507 formuliert
1730 1443 1829 1503 seinen
1868 1441 1994 1501 ethisch¬

84 1462 138 1522 alt
170 1459 224 1519 und
262 1459 433 1519 Schönheit
465 1455 525 1515 und
563 1454 654 1514 dankt
686 1453 839 1513 vielleicht
870 1451 974 1511 gerade

2107 1496 2167 1556 Der
2190 1494 2289 1554 Rechen
2317 1493 2410 1553 kämmt
2433 1492 2471 1552 die
2494 1491 2598 1551 Ranken
2626 1489 2653 1549 an
2682 1489 2720 1549 den
2748 1489 2841 1549 Rand,

1015 1500 1183 1560 religiösen
1230 1497 1450 1557 Standpunkt
1491 1497 1512 1557 in
1558 1494 1615 1554 der
1655 1492 1858 1552 „Dreifachen
1904 1489 1999 1549 War¬

78 1509 101 1569 n
132 1508 227 1568 letzten
265 1508 336 1568 Rest
361 1503 415 1563 von
452 1501 741 1561 Fragwürdigkeit,
766 1500 814 1560 der
839 1497 965 1557 Mensch

2106 1541 2152 1601 das
2184 1539 2240 1599 erste
2267 1536 2406 1596 Zündholz
2428 1535 2484 1595 setzt
2510 1533 2546 1593 den
2578 1533 2650 1593 Mist
2676 1533 2697 1593 in
2729 1531 2837 1591 Brand;

1018 1549 1147 1609 nung".
1171 1548 1232 1608 Der
1261 1548 1459 1608 unsichtbare
1488 1544 1572 1604 Geist
1596 1543 1770 1603 entgegnet
1799 1539 1849 1599 dem
1890 1536 1996 1596 Jüng¬

82 1557 99 1617 in
134 1557 196 1617 nun
232 1554 346 1614 einmal
376 1553 536 1613 anhaftet,
554 1551 640 1611 ihren
675 1548 807 1608 stärksten
842 1546 985 1606 Zauber.

2108 1586 2130 1646 im
2171 1584 2263 1644 Wind,
2281 1584 2321 1644 der
2351 1581 2455 1641 anhebt,
2478 1580 2559 1640 zittert
2583 1576 2652 1636 leicht
2676 1575 2710 1635 die
2734 1576 2825 1636 Hand.

1013 1597 1081 1657 ling
1117 1597 1174 1657 auf
1198 1597 1244 1657 die
1273 1596 1395 1656 Frage,
1418 1594 1482 1654 wer
1506 1593 1540 1653 er
1563 1591 1627 1651 sei:
1651 1589 1818 1649 „Erkannt
1848 1587 1900 1647 hat
1929 1587 1998 1647 mich

77 1605 221 1665 Schaffen
257 1602 337 1662 jedes
366 1602 552 1662 Künstlers,
576 1599 621 1659 sei
645 1596 673 1656 er
703 1599 749 1659 der
778 1596 969 1656 Wirklichkei

1023 1646 1076 1706 kein
1114 1641 1303 1701 Sterblicher
1336 1641 1421 1701 noch,
1444 1638 1492 1698 der
1520 1638 1638 1698 Namen
1671 1638 1724 1698 hab
1758 1637 1795 1697 ich
1822 1635 1919 1695 viele,
1941 1633 2000 1693 Be¬

106 1655 128 1715 so
163 1653 226 1713 sehr
262 1651 435 1711 verhaftet,
459 1650 521 1710 gibt
552 1648 580 1708 es
615 1647 683 1707 eine
714 1644 858 1704 Stunde,
882 1641 915 1701 da
951 1642 979 1702 er

1019 1692 1188 1752 stimmung
1226 1689 1353 1749 nennen
1401 1689 1470 1749 mich
1508 1685 1555 1745 die
1593 1683 1900 1743 Abergläubischen,

92 1700 139 1760 sich
169 1699 275 1759 selbst,
317 1697 375 1757 vor
406 1696 458 1756 den
495 1693 636 1753 Freuden
678 1692 736 1752 und
773 1689 978 1749 Bitternissen

2034 1710 2189 1770 stürmisch
2217 1707 2351 1767 hervor,
2373 1705 2542 1765 schließlich
2569 1704 2683 1764 werden
2725 1704 2805 1764 seine
2833 1702 3002 1762 Gedanken

1023 1739 1116 1799 Toren
1155 1736 1271 1796 Zufall
1294 1736 1354 1796 und
1393 1735 1438 1795 die
1471 1733 1637 1793 Frommen
1677 1730 1775 1790 Gott.
1798 1728 1931 1788 Denen,
1954 1727 1997 1787 die

117 1746 210 1806 neuen
250 1744 348 1804 Tages
388 1743 409 1803 in
449 1742 504 1802 das
538 1741 698 1801 Paradies
731 1739 781 1799 der
815 1736 980 1796 Phantasie

2032 1757 2085 1817 von
2118 1755 2204 1815 einem
2249 1754 2345 1814 Wahn
2373 1753 2400 1813 in
2433 1751 2481 1811 die
2504 1751 2579 1811 Irre
2607 1749 2785 1809 getrieben,
2802 1749 2834 1809 er
2862 1748 3013 1808 vergiftet

1020 1789 1071 1849 sich
1101 1787 1146 1847 die
1182 1784 1297 1844 Weisen
1332 1784 1482 1844 dünken,
1505 1781 1552 1841 bin
1587 1781 1627 1841 ich
1656 1779 1702 1839 die
1737 1776 1852 1836 Kraft,
1870 1777 1916 1837 die
1945 1775 1985 1835 am

87 1794 143 1854 tet,
167 1793 443 1853 Wunschträumen
483 1787 675 1847 nachhängt,
698 1787 760 1847 mit
788 1785 884 1845 seinen
924 1784 985 1844 Ge¬

2033 1802 2119 1862 Elise
2146 1804 2227 1864 ohne
2255 1802 2362 1862 Reue,
2384 1799 2465 1859 ohne
2493 1799 2655 1859 Skrupel.
2671 1796 2757 1856 Erst,
2779 1796 2828 1856 als
2855 1796 2887 1856 er
2915 1793 3011 1853 Adele

1025 1835 1154 1895 Anfang
1182 1835 1257 1895 aller
1279 1832 1365 1892 Tage
1388 1832 1453 1892 war
1480 1832 1539 1892 und
1567 1828 1675 1888 weiter
1702 1826 1789 1886 wirkt
1811 1826 2000 1886 unaufhalt¬

85 1847 108 1907 en
138 1844 202 1904 eins
232 1844 279 1904 ist,
297 1843 373 1903 nicht
391 1841 490 1901 fragt,
509 1838 662 1898 sondern,
674 1836 726 1896 dem
762 1833 985 1893 Schöpfungs¬

2031 1850 2160 1910 trotzdem
2226 1849 2365 1909 verliert
2415 1846 2479 1906 und
2534 1847 2582 1907 der
2615 1844 2733 1904 Pistole
2787 1844 2835 1904 des
2874 1843 3008 1903 Rächers

1036 1886 1079 1946 sam
1130 1883 1157 1943 in
1190 1883 1240 1943 die
1268 1882 1428 1942 Ewigkeit
1456 1878 1538 1938 durch
1572 1877 1649 1937 alles
1677 1874 1887 1934 Geschehen."
1932 1871 1997 1931 Der

82 1898 105 1958 g
129 1891 342 1951 hingegeben,
360 1889 430 1949 nach
455 1889 578 1949 eigenem
620 1886 726 1946 Willen
762 1883 863 1943 Wesen
893 1877 986 1937 bildet

2034 1899 2310 1959 gegenübersteht,
2328 1896 2385 1956 erst
2409 1895 2431 1955 im
2478 1895 2640 1955 Angesicht
2664 1892 2709 1952 des
2739 1892 2842 1952 Todes
2871 1892 2940 1952 fällt
2964 1889 3009 1949 die

1020 1933 1181 1993 Jüngling
1223 1931 1285 1991 will
1321 1929 1366 1989 die
1401 1928 1580 1988 Wahrheit,
1610 1926 1656 1986 die
1685 1923 1933 1983 Entscheidung,
1963 1922 1997 1982 da

103 1941 137 2001 sie
171 1939 221 1999 ins
250 1936 351 1996 Glück
374 1936 448 1996 oder
482 1936 510 1996 in
550 1934 600 1994 den
635 1933 697 1993 Tod
731 1931 838 1991 führt,
867 1931 917 1991 wie
952 1929 979 1989 es

2034 1945 2144 2005 Maske
2195 1945 2256 2005 von
2289 1944 2394 2004 seinem
2440 1942 2561 2002 Antlitz
2606 1940 2667 2000 und
2695 1939 2727 1999 er
2778 1939 3022 1999 entschwindet,

1015 1981 1114 2041 stürzt
1142 1981 1186 2041 er,
1214 1981 1257 2041 „in
1302 1977 1341 2037 ein
1380 1975 1507 2035 Dunkel
1535 1974 1617 2034 darin
1657 1973 1701 2033 die
1735 1972 1844 2032 Nächte
1878 1969 2005 2029 lauern,

106 1990 163 2050 den
198 1984 424 2044 individuellen
454 1984 587 2044 Gesetzen
628 1980 806 2040 entspricht.

2042 1995 2098 2055 „ein
2131 1993 2360 2053 Entfühnter,
2385 1992 2408 2052 zu
2442 1992 2506 2052 ihr,
2532 1992 2564 2052 zu
2589 1990 2677 2050 Elise
2704 1989 2751 2049 ins
2785 1989 2907 2049 Nichts,
2932 1987 3020 2047 nach¬

1018 2029 1067 2089 die
1095 2028 1272 2088 gekommen
1311 2025 1371 2085 sind
1411 2023 1466 2083 und
1505 2022 1637 2082 kommen
1677 2020 1792 2080 werden
1838 2019 1887 2079 vom
1937 2016 2003 2076 An¬

90 2043 307 2103 unschträume
331 2040 342 2100 —
396 2041 484 2101 ihnen
514 2038 578 2098 sind
603 2038 649 2098 die
673 2035 825 2095 seltsamen
856 2032 978 2092 Frauen

2031 2044 2084 2104 dem
2128 2041 2157 2101 er
2182 2041 2230 2101 sich
2261 2043 2357 2103 lange
2382 2040 2516 2100 gesehnt
2534 2036 2655 2096 hatte".

1024 2077 1129 2137 beginn
1165 2077 1212 2137 bis
1243 2074 1295 2134 zum
1337 2073 1419 2133 Ende
1449 2071 1496 2131 der
1526 2069 1684 2129 Welten".

103 2092 242 2152 Männer
276 2089 443 2149 verfallen,
466 2089 514 2149 die
542 2087 606 2147 jetzt
634 2086 688 2146 vor
715 2083 839 2143 unseren
878 2081 980 2141 Augen

2080 2093 2144 2153 Der
2169 2095 2375 2155 Junggeselle
2394 2092 2458 2152 war
2482 2091 2535 2151 für
2560 2089 2642 2149 seine
2666 2089 2814 2149 Freunde
2844 2086 3014 2146 zeitlebens

1068 2131 1148 2191 Eine
1177 2131 1327 2191 Rettung
1363 2128 1419 2188 vor
1455 2128 1507 2188 dem
1553 2127 1663 2187 Nichts
1698 2125 1767 2185 gibt
1796 2123 1824 2183 es
1860 2122 1911 2182 für
1947 2122 1998 2182 den

87 2141 163 2201 mals
192 2141 241 2201 ihr
264 2137 413 2197 Schicksal
431 2137 558 2197 erfüllen
591 2134 730 2194 werden,
747 2131 918 2191 Stäubchen
952 2126 973 2186 im

2036 2142 2078 2202 ein
2115 2142 2332 2202 Komödiant.
2369 2140 2416 2200 In
2470 2140 2575 2200 seinem
2639 2137 2823 2197 Testament
2872 2134 2940 2194 will
2983 2135 3019 2195 er

1020 2181 1194 2241 modernen
1235 2179 1404 2239 Menschen
1445 2178 1585 2238 lediglich
1620 2173 1648 2233 in
1688 2172 1744 2232 der
1779 2169 1999 2229 inbrünstigen

79 2187 180 2247 slauf
211 2187 258 2247 der
295 2184 463 2244 Ewigkeit,
488 2184 559 2244 aber
596 2181 777 2241 notwendig
813 2178 873 2238 und
910 2175 969 2235 sinn

2039 2189 2225 2249 wenigstens
2260 2187 2338 2247 seine
2367 2187 2660 2247 Mittelmäßigkeit
2683 2183 2858 2243 überragen
2892 2181 2954 2241 und
2988 2181 3016 2241 so

1026 2231 1168 2291 Hingabe
1197 2227 1229 2287 an
1269 2226 1323 2286 das
1358 2226 1473 2286 Leben.
1507 2225 1572 2285 Uns
1606 2222 1695 2282 selbst
1723 2221 1838 2281 müssen
1872 2220 1932 2280 wir
1961 2220 2004 2280 die

101 2236 161 2296 wie
191 2235 245 2295 das
282 2235 408 2295 kleinste
439 2232 577 2292 Rädchen
614 2229 644 2289 im
686 2229 800 2289 großen
837 2226 903 2286 Bau
940 2226 993 2286 der

2039 2236 2105 2296 sagt
2133 2236 2160 2296 er
2194 2235 2243 2295 den
2282 2235 2420 2295 Dreien,
2442 2235 2469 2295 er
2498 2232 2574 2292 habe
2603 2232 2668 2292 ihre
2697 2232 2823 2292 Frauen
2862 2229 3022 2289 verführt.

1022 2280 1125 2340 Treue
1153 2277 1283 2337 halten,
1305 2277 1360 2337 alle
1381 2274 1622 2334 Möglichkeiten
1650 2270 1878 2330 ausschöpfen,
1899 2268 1946 2328 die
1975 2271 1995 2331 in
2037 2284 2209 2344 Wahrheit
2244 2283 2312 2343 oder
2347 2283 2450 2343 Lüge?
2507 2280 2575 2340 Vom
2617 2280 2837 2340 Standpunkt
2886 2279 3023 2339 höherer

88 2285 219 2345 tenuhr.

1025 2329 1089 2389 uns
1122 2325 1354 2385 schlummern.
1387 2322 1532 2382 Deshalb
1565 2321 1694 2381 entläßt
1727 2319 1889 2379 Erasmus
1927 2316 2007 2376 seine

2042 2332 2250 2392 Sittlichkeit,
2273 2331 2328 2391 vom
2373 2328 2593 2388 Standpunkt
2638 2326 2692 2386 des
2721 2327 2913 2387 Lebendigen
2975 2326 3024 2386 ge¬

67 2340 368 2400 Dämmerseelen."
419 2334 576 2394 Zunächst
634 2335 715 2395 zwei
766 2329 991 2389 merkwürdige

2040 2378 2149 2438 sehen,
2172 2378 2206 2438 ist
2230 2378 2264 2438 es
2294 2378 2466 2438 zweifellos
2495 2375 2593 2435 Lüge.
2617 2373 2703 2433 Denn
2744 2375 2807 2435 mag
2842 2375 2893 2435 der
2923 2372 3020 2432 Treu¬

72 2389 189 2449 cksale,
237 2387 283 2447 die
325 2384 419 2444 durch
461 2383 507 2443 die
543 2382 689 2442 ivonische
726 2380 896 2440 Färbung,
944 2376 990 2436 die
1026 2380 1126 2440 junge
1168 2375 1279 2435 Gattin
1326 2372 1503 2432 Dionysia,
1539 2371 1574 2431 sie
1616 2369 1691 2429 darf
1727 2367 1786 2427 dem
1839 2365 1903 2425 Ton
1951 2364 2003 2424 der

1031 2425 1268 2485 „Hirtenflöte"
1297 2422 1422 2482 folgen,
1444 2419 1492 2479 ein
1522 2417 1668 2477 Märchen
1697 2416 1759 2476 von
1788 2413 1899 2473 Liebe,
1914 2413 2011 2473 Glück
2041 2425 2138 2485 hruch
2160 2426 2285 2486 einmal
2307 2424 2467 2484 begangen
2503 2423 2622 2483 worden
2658 2423 2741 2483 sein,
2763 2423 2881 2483 spätere
2910 2420 3021 2480 Kame¬

85 2438 101 2498 in
136 2435 305 2495 Schnitzler
357 2432 525 2492 zeitweilig
583 2429 735 2489 verleiht,
776 2426 803 2486 in
861 2426 990 2486 apartes

1025 2473 1089 2533 und
1127 2471 1191 2531 Tod
1224 2471 1251 2531 in
1295 2470 1381 2530 einem
1430 2468 1618 2528 Wachtraum
1668 2465 1786 2525 erleben
1830 2461 1889 2521 und
1927 2460 1992 2520 kehr

2040 2477 2199 2537 radschaft
2223 2476 2275 2536 hat
2305 2474 2352 2534 ihn
2389 2471 2600 2531 ausgelöscht.
2642 2470 2713 2530 Und
2743 2468 2825 2528 recht
2873 2468 3013 2528 behalten

87 2485 171 2545 elicht
200 2483 318 2543 gerückt
353 2480 493 2540 werden.
522 2479 607 2539 „Das
641 2477 793 2537 Schicksal
822 2475 872 2535 des
907 2471 985 2531 Frei

2044 2524 2206 2584 schließlich
2239 2522 2290 2582 die
2317 2522 2453 2582 Tätigen
2486 2520 2570 2580 nicht
2597 2519 2642 2579 die
2675 2519 2792 2579 Toten.
2825 2519 2922 2579 („Der
2955 2516 3013 2576 Tod

78 2533 107 2593 n
150 2531 215 2591 von
258 2528 479 2588 Leisenbohg"
522 2525 606 2585 wäre
648 2523 750 2583 Stoff
799 2523 852 2583 für
901 2520 984 2580 einen
1027 2522 1110 2582 dann
1147 2522 1261 2582 müde,
1286 2518 1411 2578 beladen
1454 2516 1507 2576 mit
1538 2515 1651 2575 Schuld
1688 2513 1748 2573 und
1784 2513 1946 2573 Schicksal,
1971 2510 2000 2570 zu

2046 2570 2092 2630 des
2122 2570 2409 2630 Junggesellen".)

72 2582 190 2642 Friker,
213 2582 302 2642 ginge
337 2579 387 2639 der
422 2576 584 2636 treffliche,
613 2573 743 2633 korrekte
778 2573 878 2633 Mann
913 2568 997 2628 nicht
1026 2572 1115 2632 ihrem
1167 2570 1296 2630 Manne
1336 2568 1460 2628 zurück,
1489 2567 1539 2627 der
1579 2566 1613 2626 sie
1653 2564 1731 2624 ohne
1771 2561 1928 2621 Vorwurf
1963 2556 1996 2616 be

1033 2620 1145 2680 grüßt.
1174 2617 1230 2677 Ein
1264 2617 1388 2677 Weiser
1428 2614 1484 2674 wie
1525 2611 1552 2671 er
1593 2612 1710 2672 meint,
1745 2609 1812 2669 doch
1852 2608 2004 2668 Dionysia

2086 2624 2229 2684 Deshalb
2261 2624 2336 2684 wird
2368 2623 2436 2683 auch
2468 2626 2517 2686 der
2543 2623 2630 2683 „tote
2656 2620 2811 2680 Gabriel"
2837 2622 2886 2682 den
2919 2620 3018 2680 Gang

85 2630 194 2690 runde.
239 2626 516 2686 Jahrzehntelang
550 2623 644 2683 wirbt
672 2623 705 2683 er
738 2621 771 2681 um
821 2620 865 2680 die
899 2617 1004 2677 Gunst

79 2683 100 2743 r
134 2677 320 2737 Sängerin,
365 2674 442 2734 wird
497 2671 608 2731 immer
663 2668 718 2728 von
779 2665 988 2725 glücklicheren
1027 2667 1115 2727 lehrt
1166 2666 1215 2726 ihn
1276 2665 1336 2725 den
1397 2662 1523 2722 tieferen
1585 2660 1673 2720 Sinn
1734 2658 1816 2718 ihrer
1872 2656 2004 2716 inneren

2042 2676 2093 2736 der
2123 2673 2302 2733 Ereignisse
2337 2671 2423 2731 durch
2459 2671 2562 2731 seinen
2598 2668 2794 2728 Selbstmord
2829 2668 2916 2728 nicht
2940 2668 3031 2728 hem¬

1031 2716 1218 2776 Wandlung
1252 2713 1438 2773 begreifen:
1467 2711 1540 2771 „Du
1580 2708 1625 2768 ein
1665 2708 1806 2768 Weiser?
1841 2704 1908 2764 Und
1948 2704 2015 2764 haft

2048 2722 2136 2782 men.
2178 2722 2242 2782 Die
2272 2720 2532 2780 Schauspielerin
2585 2716 2792 2776 Wilhelmine
2828 2716 2862 2776 ist
2893 2715 2939 2775 die
2963 2713 3027 2773 Ge¬

82 2726 151 2786 alen
189 2725 367 2785 verdrängt
400 2722 459 2782 und
497 2722 583 2782 gerät
616 2719 675 2779 just
703 2716 729 2776 in
768 2716 821 2776 dem
870 2714 999 2774 Augen¬

1032 2765 1111 2825 nicht
1143 2764 1296 2824 erkannt,
1323 2761 1375 2821 das
1413 2760 1497 2820 jedem
1545 2758 1756 2818 menschlichen
1799 2755 1910 2815 Dasein
1953 2752 2016 2812 nur

2048 2770 2141 2830 liebte
2164 2770 2262 2830 seines
2291 2769 2461 2829 Freundes
2484 2767 2672 2827 Ferdinand
2701 2764 2860 2824 geworden
2900 2764 2954 2824 und
2988 2764 3020 2824 an

86 2776 102 2836 ,
125 2773 168 2833 als
197 2773 230 2833 er
258 2773 302 2833 die
330 2770 468 2830 Geliebte
497 2769 524 2829 in
558 2767 607 2827 den
641 2764 757 2824 Armen
791 2763 868 2823 hält,
891 2761 913 2821 in
941 2760 996 2820 der

1037 2811 1078 2871 ein
1127 2811 1277 2871 schmaler
1319 2810 1428 2870 Strich
1470 2808 1614 2868 gegönnt
1649 2806 1703 2866 ist,
1732 2805 1793 2865 sein
1828 2803 1930 2863 Wesen
1973 2807 2006 2867 zu
2048 2815 2171 2875 Irene,
2193 2817 2240 2877 die
2268 2816 2316 2876 ihn
2358 2816 2467 2876 liebte,
2495 2814 2543 2874 sah
2571 2814 2605 2874 er
2633 2812 2763 2872 vorbei.
2784 2811 2893 2871 Dieses
2929 2809 3024 2869 Mäd¬

76 2823 107 2883 n
150 2820 234 2880 eines
271 2818 419 2878 Fluches,
446 2817 498 2877 den
541 2814 598 2874 sein
641 2811 883 2871 unmittelbarer
921 2808 983 2868 Vor

1033 2862 1184 2922 verstehen
1228 2859 1292 2919 und
1331 2859 1363 2919 zu
1401 2856 1563 2916 erfüllen?
1596 2853 1682 2913 Dort
1715 2853 1763 2913 wo
1797 2851 1855 2911 das
1894 2850 2013 2910 einzige

2050 2865 2107 2925 chen
2165 2865 2269 2925 merkt
2310 2862 2453 2922 entsetzt,
2494 2862 2552 2922 daß
2605 2861 2650 2921 die
2680 2860 2783 2920 beiden
2835 2860 2933 2920 ruhig
2962 2859 3025 2919 ihre

85 2874 135 2934 ger
164 2869 191 2929 in
226 2869 276 2929 der
299 2865 514 2925 Todesstunde
537 2862 689 2922 ausstieß.
713 2859 820 2919 Zufall
843 2856 910 2916 oder
939 2856 1000 2916 Be¬

1036 2911 1091 2971 mit
1124 2910 1251 2970 einmal
1280 2907 1434 2967 geborene
1474 2907 1535 2967 und
1568 2904 1706 2964 niemals
1746 2901 2017 2961 wiederkehrende

2050 2913 2139 2973 Bahn
2196 2910 2482 2970 weiterschreiten,
2528 2907 2623 2967 lachen
2685 2907 2746 2967 und
2803 2907 2921 2967 weinen
2961 2904 3016 2964 und

87 2919 208 2979 mung,
236 2917 296 2977 wer
325 2914 401 2974 weiß
441 2913 495 2973 es?
546 2912 595 2972 Er
629 2910 694 2970 war
728 2910 777 2970 der
811 2907 993 2967 anmutigen

1039 2959 1151 3019 Rätsel
1180 2958 1282 3018 seines
1317 2955 1453 3015 Wesens
1487 2952 1509 3012 im
1555 2952 1685 3012 gleichen
1737 2949 1815 3009 Bett
1856 2946 1918 3006 mit
1958 2946 2008 3006 den

2050 2961 2251 3021 aneinander
2281 2958 2416 3018 Gefühle
2447 2955 2506 3015 und
2536 2955 2778 3015 Leidenschaften
2814 2955 3032 3015 vortäuschen,

80 2969 115 3029 re
146 2967 205 3027 nur
242 2964 410 3024 Werkzeug
447 2961 506 3021 und
543 2960 597 3020 dem
645 2958 753 3018 Tenor
784 2956 904 3016 Sigurd
947 2952 976 3012 er

1036 3008 1127 3068 hohen
1160 3006 1299 3066 Gesetzen
1332 3003 1494 3063 göttlicher
1527 3000 1586 3060 und
1613 3000 1829 3060 menschlicher
1851 2997 2012 3057 Ordnung

2053 3008 2200 3068 während
2229 3006 2369 3066 Gabriel
2393 3006 2483 3066 unter
2512 3003 2562 3063 der
2585 3003 2664 3063 Erde
2693 3003 2771 3063 liegt
2795 3004 2850 3064 und
2885 3002 2919 3062 sie
2942 3000 3031 3060 selbst

79 3015 118 3075 t;
141 3016 208 3076 jetzt
237 3012 293 3072 hat
322 3012 372 3072 der
401 3009 541 3069 ominöse
576 3006 666 3066 Fluch
700 3003 779 3063 seine
808 3003 903 3063 Kraft
932 3000 988 3060 ver

1033 3056 1142 3116 läuft?
1182 3054 1242 3114 Ein
1276 3052 1446 3112 Liebender
1475 3050 1540 3110 du?
1574 3049 1645 3109 Und
1673 3047 1733 3107 bist
1756 3046 1838 3106 nicht
1861 3044 1954 3104 selbst
1977 3044 2010 3104 an

2054 3056 2116 3116 aus
2140 3055 2296 3115 Haßliebe
2328 3053 2429 3113 seinen
2462 3050 2602 3110 Rivalen
2658 3050 2719 3110 beim
2767 3050 2907 3110 Abschied
2940 3050 3033 3110 küßt.

79 3059 105 3119 en
139 3061 194 3121 und
222 3061 260 3121 sie
283 3059 387 3119 dürfen
421 3059 465 3119 sich
487 3055 636 3115 furchtlos
664 3051 746 3111 ihrer
769 3050 857 3110 Liebe
880 3048 984 3108 freuen

1040 3107 1126 3167 jenem
1170 3103 1277 3163 fernen
1316 3101 1450 3161 Morgen
1483 3098 1537 3158 ins
1565 3098 1629 3158 Tal
1651 3097 1926 3157 hinabgestiegen,
1948 3092 2017 3152 eine

2050 3102 2106 3162 Ein
2141 3101 2260 3161 Rätsel
2284 3101 2323 3161 ist
2346 3100 2403 3160 das
2438 3098 2700 3158 Menschenherz.
2717 3097 2734 3157 -

81 3112 133 3172 Dem
176 3107 313 3167 biederen
350 3104 497 3164 Andreas
529 3101 708 3161 Thameyer
735 3098 840 3158 ergeht
867 3097 893 3157 es
925 3095 1009 3155 nicht

1038 3155 1132 3215 Flöte
1154 3156 1186 3216 zu
1218 3152 1419 3212 zerbrechen,
1440 3146 1525 3206 deren
1557 3146 1642 3206 Töne
1674 3145 1721 3205 der
1748 3143 1912 3203 Geliebten
1944 3137 2023 3197 Ver¬

79 3160 138 3220 ser.
155 3158 230 3218 Auch
258 3156 290 3216 er
318 3155 399 3215 nicht
416 3152 589 3212 Hammer,
605 3150 741 3210 sondern
768 3146 887 3206 Amboß
920 3143 1006 3203 eines

2095 3157 2161 3217 Zum
2208 3152 2354 3212 Schlusse
2382 3152 2454 3212 noch
2488 3151 2534 3211 die
2561 3152 2834 3212 Traumnovellen
2868 3147 2887 3207 —
2941 3149 3027 3209 kurze

1043 3203 1178 3263 führung
1211 3200 1367 3260 drohten?
1406 3197 1487 3257 Dein
1520 3196 1600 3256 Herz
1628 3194 1693 3254 war
1726 3194 1828 3254 müd',
1845 3188 2023 3248 Erasmus,

2054 3207 2125 3267 Zeit
2150 3202 2203 3262 vor
2234 3202 2287 3262 dem
2330 3200 2413 3260 Tode
2444 3198 2629 3258 Schnitzlers
2660 3199 2852 3259 erschienen.
2877 3197 2936 3257 Die
2961 3197 3032 3257 ver¬

88 3207 191 3267 haften
249 3204 423 3264 Geschicks.
469 3201 538 3261 Hat
591 3200 677 3260 seine
713 3197 822 3257 Frau,
874 3197 920 3257 die
955 3194 1001 3254 ein

1037 3253 1137 3313 darum
1185 3250 1290 3310 ließest
1317 3248 1353 3308 du
1391 3246 1459 3306 mich
1491 3244 1644 3304 scheiden,
1671 3242 1749 3302 ohne
1782 3241 1865 3301 einen
1903 3239 2024 3299 Kampf

2055 3251 2222 3311 schiedenen
2264 3248 2419 3308 Themen,
2466 3248 2512 3308 die
2541 3247 2588 3307 ihn
2623 3246 2697 3306 stets
2745 3245 2825 3305 aufs
2855 3245 2935 3305 neue
2982 3245 3034 3305 be¬

84 3256 188 3316 parzes
228 3253 311 3313 Kind
350 3250 488 3310 gebiert,
516 3248 566 3308 sich
600 3247 771 3307 tatsächlich
811 3245 877 3305 bloß
922 3241 993 3301 „ver

1038 3300 1298 3360 aufzunehmen,
1324 3295 1374 3355 der
1405 3295 1530 3355 damals
1561 3292 1626 3352 noch
1662 3290 1742 3350 nicht
1767 3288 1908 3348 verloren
1948 3286 2008 3346 war

2058 3298 2255 3358 schäftigten,
2284 3295 2402 3355 werden
2442 3295 2471 3355 in
2505 3294 2595 3354 einem
2641 3293 2879 3353 Brennspiegel
2930 3292 3037 3352 einge¬

92 3308 156 3368 n",
181 3303 251 3363 oder
281 3301 393 3361 beging
423 3299 464 3359 sie
489 3298 576 3358 einen
612 3294 790 3354 Fehltritt?
820 3289 996 3349 Gleichviel

1040 3349 1118 3409 Dein
1161 3346 1250 3406 Geist
1288 3346 1356 3406 war
1388 3343 1536 3403 erwürgt
1578 3340 1604 3400 im
1668 3339 1762 3399 kalten
1811 3335 2026 3395 Krallengriff

2058 3348 2193 3408 fangen.
2233 3343 2379 3403 Fridolin
2437 3342 2498 3402 und
2527 3340 2696 3400 Albertine
2726 3341 2787 3401 sind
2839 3337 3035 3397 verheiratet

89 3352 173 3412 dreas
221 3352 299 3412 kann
337 3349 384 3409 die
411 3347 484 3407 üble
511 3346 664 3406 Nachrede
717 3343 796 3403 nicht
844 3340 991 3400 ertragen

1038 3397 1097 3457 von
1140 3397 1295 3457 Worten,
1320 3393 1421 3453 darum
1470 3388 1674 3448 vermeintest
1711 3386 1746 3446 du
1795 3385 1854 3445 des
1897 3382 2016 3442 Lebens
2059 3391 2119 3451 und
2149 3393 2359 3453 anscheinend
2390 3390 2545 3450 glücklich.
2570 3388 2617 3448 An
2654 3388 2719 3448 eine
2750 3388 2852 3448 ideale
2882 3388 3038 3448 Gemein¬

85 3402 156 3462 seibt
193 3400 294 3460 seinen
337 3398 464 3458 „letzten
507 3394 620 3454 Brief“
663 3391 723 3451 und
760 3394 910 3454 erschießt
947 3390 994 3450 sich

2061 3443 2148 3503 schaft
2177 3442 2231 3502 von
2270 3439 2375 3499 Mann
2414 3436 2474 3496 und
2503 3439 2590 3499 Frau
2624 3436 2679 3496 hat
2707 3436 2872 3496 Schnitzler
2906 3436 2955 3496 nie
2989 3433 3038 3493 ge¬

1036 3447 1229 3507 ungeheure
1267 3445 1375 3505 Fülle,
1408 3439 1467 3499 das
1505 3439 1585 3499 Hin-
1624 3436 1688 3496 und
1732 3434 1920 3494 Widerspiel
1959 3430 2012 3490 von

115 3451 284 3511 Spielball
308 3448 472 3508 unseliger
497 3443 636 3503 Zufälle.

2058 3491 2184 3551 glaubt.
2207 3486 2344 3546 „Keiner
2372 3485 2466 3545 kennt
2488 3485 2543 3545 den
2577 3483 2720 3543 andern,
2737 3483 2819 3543 jeder
2848 3482 2886 3542 ist
2908 3478 3040 3538 allein".

85 3504 113 3564 n
143 3506 194 3566 der
218 3504 470 3564 „Weissagung"
500 3500 569 3560 geht
593 3499 644 3559 der
668 3498 788 3558 Dichter
817 3495 874 3555 mit
898 3493 990 3553 vollem
1042 3495 1215 3555 Millionen
1250 3492 1382 3552 Kräften
1412 3489 1440 3549 im
1481 3486 1590 3546 hohlen
1620 3485 1757 3545 Spiegel
1781 3483 1867 3543 einer
1896 3480 2011 3540 Forme

2058 3537 2132 3597 Doch
2165 3536 2213 3596 die
2241 3534 2424 3594 Sehnsucht
2473 3531 2543 3591 nach
2582 3531 2781 3591 Abenteuern
2825 3528 2884 3588 und
2917 3528 3029 3588 Genuß

1044 3545 1276 3605 einzufangen.
1298 3541 1358 3601 Ja,
1375 3540 1467 3600 wärst
1489 3536 1521 3596 du
1548 3534 1743 3594 erschaudert
1766 3531 1814 3591 vor
1842 3531 1890 3591 dem
1929 3528 2025 3588 Hauch

86 3555 122 3615 hist
165 3556 201 3616 an
234 3552 281 3612 die
308 3552 523 3612 Geheimnisse
572 3549 624 3609 der
651 3546 750 3606 Seele
793 3545 888 3605 heran
941 3543 1004 3603 und

2052 3583 2194 3643 brennt,
2221 3582 2252 3642 so
2289 3582 2384 3642 lange
2422 3579 2479 3639 wir
2517 3579 2644 3639 atmen,
2671 3577 2728 3637 wir
2766 3576 2876 3636 wollen
2919 3576 2945 3636 in
2988 3576 3040 3636 ge¬

86 3605 153 3665 sießt
182 3603 311 3663 bewußt
340 3600 401 3660 mit
430 3600 514 3660 einem
565 3596 807 3656 Fragezeichen.
831 3594 898 3654 Der
927 3591 1016 3651 Hell=
1045 3594 1095 3654 der
1129 3593 1258 3653 tausend
1287 3588 1468 3648 Schicksale,
1491 3585 1541 3645 der
1570 3583 1608 3643 um
1654 3582 1755 3642 meine
1784 3578 1896 3638 Stirne
1925 3577 2025 3637 fließt,

2057 3631 2214 3691 steigerten
2252 3630 2478 3690 Augenblicken
2532 3627 2589 3687 den
2621 3624 2699 3684 Sinn
2759 3624 2811 3684 des
2843 3624 2958 3684 Lebens
2996 3621 3042 3681 er¬

1046 3645 1072 3705 so
1099 3641 1177 3701 hätt'
1199 3638 1236 3698 ich
1263 3636 1378 3696 bleiben
1411 3635 1516 3695 dürfen
1554 3630 1611 3690 und
1638 3630 1749 3690 unsere
1776 3628 1881 3688 Seelen
1918 3624 2018 3684 wären

81 3656 116 3716 er
143 3653 220 3713 kann
257 3651 308 3711 dem
350 3649 447 3709 Herrn
485 3648 541 3708 von
578 3647 748 3707 Umprecht
775 3642 826 3702 den
862 3639 1017 3699 Moment

2057 3681 2148 3741 fassen
2187 3678 2252 3738 und
2285 3678 2311 3738 in
2350 3676 2458 3736 seliger
2491 3672 2690 3732 Umarmung
2723 3671 2782 3731 alle
2810 3672 2945 3732 Zweifel
2972 3669 3042 3729 ver¬

79 3703 132 3763 nies
160 3700 267 3760 Endes
300 3698 342 3758 als
370 3697 477 3757 Vision
510 3696 703 3756 vorgaukeln
736 3692 795 3752 und
822 3690 881 3750 das
909 3687 1010 3747 Opfer
1043 3689 1199 3749 vielleicht
1243 3684 1436 3744 ineinander
1485 3679 1705 3739 verschmolzen
1760 3675 1791 3735 in
1846 3674 1894 3734 der
1943 3672 2028 3732 Glut

2058 3727 2179 3787 gessen.
2202 3725 2317 3785 Uralte
2345 3722 2528 3782 Sehnsucht
2556 3719 2638 3779 jedes
2672 3719 2926 3779 Erdenpilgers,
2949 3719 3037 3779 jedes

87 3753 163 3813 geht
192 3749 246 3809 der
280 3748 494 3808 Weissagung
550 3745 632 3805 trotz
677 3741 913 3801 verzweifelter
947 3736 1017 3796 An=
1046 3737 1249 3797 namenloser
1272 3730 1475 3790 Schmerzen.
1498 3727 1541 3787 So
1569 3725 1640 3785 aber
1663 3724 1772 3784 tiefer,
1790 3721 1838 3781 als
1867 3719 1916 3779 vor
1944 3719 2015 3779 allen

2063 3774 2284 3834 Gottsuchers,
2306 3773 2387 3833 heiße
2409 3772 2441 3832 er
2464 3770 2528 3830 nun
2555 3770 2652 3830 Faust
2675 3767 2744 3827 oder
2767 3767 2836 3827 Don
2870 3765 2977 3825 Juan.
2994 3764 3037 3824 So

86 3799 201 3859 ngung
233 3797 327 3857 nicht.
349 3796 433 3856 Sind
460 3794 517 3854 wir
544 3794 607 3854 also
634 3790 765 3850 unserer
792 3787 1012 3847 Bestimmung
1044 3785 1181 3845 Masken
1218 3782 1276 3842 und
1308 3779 1465 3839 Wundern
1503 3776 1550 3836 der
1582 3773 1666 3833 Welt
1687 3772 1787 3832 graut
1814 3767 1871 3827 mir
1898 3767 1950 3827 vor
1977 3767 2023 3827 der

2068 3822 2160 3882 stürzt
2184 3824 2224 3884 sich
2254 3818 2398 3878 Fridolin
2427 3818 2479 3878 für
2503 3817 2572 3877 eine
2596 3815 2694 3875 Nacht
2712 3815 2740 3875 in
2764 3815 2816 3875 den
2851 3814 3047 3874 geheimnis¬

1048 3833 1216 3893 steinernen
1275 3830 1380 3890 Fratze
1434 3824 1539 3884 deiner
1592 3818 1777 3878 Weisheit.“
1830 3815 1910 3875 Eine
1963 3811 2031 3871 ver¬

81 3848 188 3908 stertan
225 3845 281 3905 und
319 3845 431 3905 wickelt
458 3845 503 3905 sich
535 3842 633 3902 unser
659 3839 757 3899 Leben
794 3837 824 3897 ab
861 3836 927 3896 nach
959 3833 994 3893 un

2060 3869 2160 3929 vollen
2192 3869 2319 3929 Trubel
2346 3868 2429 3928 eines
2462 3864 2715 3924 Maskenfestes,
2737 3863 2869 3923 nachdem
2912 3861 2943 3921 er
2975 3859 3043 3919 vor¬

1048 3880 1209 3940 nichtende
1264 3875 1393 3935 Absage
1448 3872 1485 3932 an
1545 3866 1739 3926 hochmütige
1778 3863 2020 3923 Überlegenheit

84 3896 289 3956 fänderlichen
327 3893 490 3953 Gesetzen,
517 3890 564 3950 die
601 3890 659 3950 wir
691 3887 770 3947 nicht
802 3884 1007 3944 beeinflusser

2061 3918 2116 3978 her
2145 3916 2190 3976 ein
2224 3916 2404 3976 Dirnchen,
2450 3913 2494 3973 ein
2529 3913 2653 3973 armes,
2693 3910 2793 3970 liebes
2829 3908 2929 3968 Kind,
2975 3907 3042 3967 eine

1049 3931 1093 3991 ein
1132 3922 1548 3982 dichterisch-beschwingtes
1582 3914 1787 3974 Bekenntnis
1820 3910 1875 3970 zum
1921 3907 2042 3967 Leben,

89 3943 183 4003 nen?
210 3943 278 4003 Der
305 3940 431 4000 Dichter
458 3937 557 3997 bleibt
584 3936 647 3996 uns
679 3934 726 3994 die
753 3934 831 3994 klare
863 3930 1000 3990 Antwor

2066 3964 2192 4024 Stunde
2222 3965 2250 4025 in
2285 3964 2389 4024 seinem
2435 3961 2504 4021 Arm
2545 3960 2712 4020 gehalten.
2753 3958 2816 4018 Die
2851 3958 3035 4018 gewohnten

1054 3978 1080 4038 zu
1119 3976 1172 4036 dem
1216 3970 1394 4030 Gefährten
1433 3967 1486 4027 von
1525 3963 1595 4023 Lust
1628 3961 1687 4021 und
1720 3961 1887 4021 Schmerz,
1915 3959 1941 4019 zu
1980 3958 2028 4018 der

85 3991 194 4051 fuldig;
217 3990 294 4050 über
322 3988 366 4048 die
394 3987 493 4047 letzten
526 3985 642 4045 Rätsel
664 3982 785 4042 werden
825 3980 879 4040 wir
908 3977 1001 4037 imme

2066 4012 2201 4072 Normen
2237 4012 2371 4072 scheinen
2407 4011 2454 4071 ihm
2496 4009 2548 4069 für
2578 4008 2654 4068 diese
2684 4005 2783 4065 Nacht
2807 4005 2889 4065 nicht
2913 4007 2948 4067 zu
2978 4005 3042 4065 gel¬

1052 4021 1225 4081 Heiligkeit
1249 4017 1300 4077 der
1330 4017 1491 4077 Gefühle.
1515 4011 1613 4071 Unser
1643 4009 1753 4069 Wissen
1788 4008 1822 4068 ist
1846 4006 2025 4066 Stückwerk

76 4039 155 4099 jeder
192 4039 329 4099 grübeln
372 4034 435 4094 und
473 4033 589 4093 immer
626 4033 742 4093 wieder
779 4029 896 4089 unsere
933 4027 1001 4087 Ohn

2066 4060 2133 4120 ten.
2161 4060 2234 4120 Was
2263 4060 2296 4120 er
2325 4058 2397 4118 sieht
2426 4057 2487 4117 und
2516 4057 2606 4117 hört,
2629 4055 2735 4115 erhält
2758 4054 2814 4114 von
2848 4053 2898 4113 der
2933 4052 3045 4112 Atmo¬

1057 4068 1322 4128 Vergangenheit
1345 4064 1497 4124 versinkt,
1514 4058 1717 4118 Zukünftiges
1746 4057 1779 4117 ist
1802 4054 1937 4114 Ahnung
1971 4054 2027 4114 und

84 4089 136 4149 icht
158 4087 337 4147 bekennen.
358 4084 421 4144 Und
453 4082 542 4142 unser
570 4079 743 4139 Gefährte?
770 4076 880 4136 Bleibt
902 4075 933 4135 er
955 4075 1017 4135 uns

1054 4115 1203 4175 Wunsch.
1244 4113 1307 4173 Die
1331 4111 1532 4171 Gegenwart
1578 4107 1618 4167 ist
1642 4104 1739 4164 unser
1763 4102 1854 4162 Teil,
1895 4102 1964 4162 auch
1993 4104 2021 4164 in
2063 4108 2177 4168 sphäre
2224 4108 2281 4168 des
2333 4105 2592 4165 Phantastischen
2650 4104 2736 4164 einen
2817 4102 3036 4162 traumhaften

79 4136 127 4196 iht
149 4134 229 4194 ewig
257 4132 385 4192 fremd?
413 4129 591 4189 Katharina
629 4125 688 4185 und
716 4123 834 4183 Albert
861 4122 920 4182 sind
953 4119 1006 4179 ver

2065 4155 2260 4215 Schimmer.
2282 4152 2403 4212 Schöne
2435 4152 2535 4212 nackte
2562 4149 2688 4209 Frauen
2726 4150 2836 4210 tanzen
2900 4146 2952 4206 vor
2985 4146 3026 4206 ihm

1048 4163 1100 4223 ihr
1132 4159 1279 4219 wandeln
1317 4158 1374 4218 wir
1412 4158 1517 4218 häufig
1554 4155 1612 4215 auf
1639 4152 1865 4212 unbekanntem
1908 4148 2039 4208 Boden,

90 4184 199 4244 fratet,
217 4182 283 4242 doch
311 4180 344 4240 er
372 4179 443 4239 weiß
478 4178 576 4238 nichts
605 4175 660 4235 von
694 4173 759 4233 ihr,
777 4172 815 4232 sie
844 4170 1003 4230 entschwin

2069 4203 2126 4263 mit
2150 4201 2336 4261 maskierten
2370 4200 2585 4260 Kavalieren,
2605 4199 2633 4259 er
2657 4197 2714 4257 soll
2734 4197 2777 4257 ein
2811 4194 3044 4254 Losungswort

1058 4211 1109 4271 dem
1151 4208 1294 4268 Nächsten
1331 4205 1392 4265 und
1423 4203 1485 4263 uns
1516 4202 1604 4262 selbst
1645 4200 1732 4260 fern.
1779 4197 1933 4257 „Masken
1970 4196 2031 4256 und

117 4230 204 4290 ihm,
225 4230 271 4290 als
303 4227 431 4287 gehörte
458 4224 493 4284 sie
525 4221 612 4281 einer
643 4221 777 4281 anderen
814 4219 942 4279 Sphäre
974 4215 1004 4275 an

1085 4254 1188 4314 Nanden

1526 4257 1537 4317 a
