3392 4320
465 165 490 225 I.
504 163 622 223 österr.
629 156 780 216 behördl.
794 139 1089 199 konzessioniertes

415 206 654 266 Unternehmen
685 194 732 254 für
754 178 1145 238 Zeitungs-Ausschnitte

477 261 620 321 WIEN,
647 257 692 317 I.,
719 246 1007 306 WOLLZEILE
1053 235 1092 295 11

569 307 785 367 TELEPHON
823 293 997 353 R-23-0-43

379 458 606 518 Ausschnitt
632 449 722 509 aus:

704 555 758 615 E
792 540 955 600 VIEEEI
989 511 1140 571 TOURMI

841 670 938 730 23.

400 684 510 744 vom:

473 798 1218 858 Tagesnenigkeiten.

307 868 473 928 Manuskripte
494 867 581 927 werden
606 864 664 924 nicht
685 864 871 924 zurückgeschickt;
893 861 1067 921 Schadenersatz
1084 861 1141 921 wird
1171 861 1224 921 nicht
1246 859 1357 919 geleistet.

346 1088 495 1148 Das
571 1084 1012 1144 Testameni
1070 1076 1295 1136 Mriat

856 1249 1069 1309 Keis.

242 1343 341 1403 Heute
363 1336 473 1396 mittag
524 1332 601 1392 wird
635 1332 684 1392 der
712 1332 833 1392 Dichter
867 1328 894 1388 zu
928 1327 1033 1387 Grabe
1061 1327 1226 1387 getragen.
1271 1326 1282 1386 —
1349 1323 1437 1383 Ver¬

438 1384 591 1444 fügungen
622 1381 696 1441 über
728 1380 819 1440 seinen
857 1376 1060 1436 literarischen
1092 1375 1251 1435 Nachlaß.

492 1428 694 1488 Originalbericht
723 1425 759 1485 des
788 1424 885 1484 „Neuen
913 1422 1006 1482 Wiener
1035 1421 1184 1481 Journals".

347 1486 407 1546 Die
436 1486 546 1546 Kunde
575 1483 629 1543 vom
675 1479 807 1539 Ableben
842 1479 946 1539 Artur
975 1479 1247 1539 Schnitzlers
1275 1475 1336 1535 rief
1364 1472 1441 1532 nicht

241 1537 305 1597 nur
333 1539 359 1599 in
387 1536 597 1596 Oesterreich,
619 1533 748 1593 sondern
782 1528 852 1588 auch
885 1529 911 1589 im
955 1527 1101 1587 Ausland
1134 1524 1160 1584 in
1193 1524 1268 1584 allen
1301 1521 1447 1581 Kreisen,

240 1587 292 1647 die
319 1587 376 1647 mit
404 1585 456 1645 der
488 1582 646 1642 Literatur
678 1581 736 1641 und
768 1580 820 1640 dem
863 1577 1000 1637 Theater
1032 1575 1058 1635 in
1090 1572 1296 1632 Verbindung
1328 1569 1422 1629 stehen

241 1634 340 1694 tiefste
368 1633 495 1693 Trauer
523 1629 583 1689 und
612 1628 805 1688 Bestürzung
839 1625 971 1685 hervor.
994 1625 1038 1685 Im
1083 1621 1181 1681 Laufe
1210 1621 1259 1681 des
1288 1617 1436 1677 gestrigen

247 1685 347 1745 Tages
379 1682 437 1742 sind
470 1681 522 1741 den
559 1677 692 1737 nächsten
724 1675 984 1735 Anverwandten
1016 1671 1068 1731 des
1100 1669 1328 1729 Verstordenen
1361 1665 1450 1725 zahl¬

247 1733 344 1793 reiche
360 1729 754 1789 Beileldskundgebungen
782 1724 997 1784 zugegangen.
1014 1721 1089 1781 Auch
1116 1718 1256 1778 Gerhart
1279 1716 1445 1776 Haupi¬

247 1781 368 1841 mann
408 1778 463 1838 hat
486 1778 524 1838 an
558 1778 607 1838 die
635 1772 912 1832 Hinterbliebenen
952 1769 1018 1829 eine
1046 1770 1195 1830 Depesche
1224 1764 1384 1824 gerichtet,
1413 1759 1440 1819 in

249 1831 302 1891 der
329 1829 354 1889 er
381 1828 407 1888 in
445 1826 539 1886 seinem
582 1824 640 1884 und
672 1823 698 1883 im
741 1821 856 1881 Namen
894 1820 989 1880 seiner
1016 1818 1126 1878 Gattin
1158 1816 1253 1876 seinem
1296 1812 1443 1872 Schmerz

252 1877 323 1937 über
357 1875 412 1935 das
446 1873 584 1933 Ableben
624 1870 806 1930 Schnitzlers
846 1869 1006 1929 Ausdruck
1034 1867 1112 1927 gab.
1140 1863 1206 1923 Auf
1234 1863 1289 1923 dem
1340 1857 1444 1917 Burg¬

254 1927 369 1987 theater
399 1922 509 1982 wurde
544 1923 619 1983 über
649 1921 794 1981 Weisung
829 1921 880 1981 des
916 1919 1066 1979 Hofrates
1102 1912 1345 1972 Wildgans
1381 1908 1449 1968 eine

251 1972 476 2032 Trauerfahne
500 1972 618 2032 gehißt.

354 2022 436 2082 Nach
469 2019 519 2079 den
559 2017 796 2077 Anordnungen
852 2014 907 2074 der
935 2011 1078 2071 Familie
1129 2008 1184 2068 des
1218 2005 1439 2065 Verstorbenen

257 2070 352 2130 findet
375 2069 465 2129 heute
494 2067 545 2127 das
573 2064 878 2124 Leichenbegängnis
907 2061 957 2121 des
981 2058 1127 2118 Dichters
1156 2055 1241 2115 statt.
1264 2055 1320 2115 Die
1349 2052 1444 2112 Leiche

251 2118 330 2178 wird
357 2118 393 2178 um
441 2116 514 2176 112
547 2113 609 2173 Uhr
631 2112 820 2172 vormittags
853 2112 910 2172 vom
953 2106 1163 2166 Trauerhaus
1190 2103 1216 2163 in
1248 2102 1301 2162 der
1328 2100 1443 2160 Stern¬

257 2166 458 2226 wartestraße
476 2164 535 2224 auf
553 2163 605 2223 den
630 2160 908 2220 Rentralfriedhof
932 2156 1032 2216 (erstes
1056 2153 1145 2213 Tor)
1163 2151 1364 2211 übergeführt
1388 2149 1446 2209 und

251 2215 328 2275 dann
362 2216 417 2276 auf
440 2214 489 2274 dem
540 2208 746 2268 „ueritischen
780 2205 935 2265 Friedhof
953 2202 1114 2262 bestattet,
1137 2200 1198 2260 Die
1221 2197 1448 2257 Verfügungen

256 2262 350 2322 wegen
409 2260 462 2320 des
494 2256 843 2316 Leichenbegängnisses
897 2249 1023 2309 wurden
1082 2246 1256 2306 getroffen,
1304 2243 1436 2303 nachdem

256 2314 364 2374 gestern
413 2309 527 2369 mittag
581 2306 608 2366 in
641 2302 862 2362 Anwesenheit
906 2297 960 2357 des
1010 2297 1068 2357 aus
1101 2293 1209 2353 Berlin
1259 2293 1328 2353 hier
1356 2290 1453 2350 ange¬

256 2357 429 2417 kommenen
462 2356 594 2416 einzigen
626 2351 747 2411 Sohnes
774 2350 821 2410 des
848 2345 1097 2405 Verstorbenen,
1113 2342 1165 2402 des
1187 2339 1366 2399 Regisseurs
1393 2339 1445 2399 und

261 2408 492 2468 Schauspielers
510 2404 651 2464 Heinrich
680 2400 946 2460 Schnitzler,
975 2394 1031 2454 und
1054 2393 1104 2453 des
1122 2390 1269 2450 Hofrates
1292 2387 1450 2447 Professor

264 2456 368 2516 Julius
402 2452 668 2512 Schnitzler,
690 2447 739 2507 des
768 2442 917 2502 Bruders
967 2440 1022 2500 des
1050 2438 1210 2498 Dichters,
1255 2433 1344 2493 durch
1394 2432 1449 2492 den

261 2500 476 2560 Rechtanwalt
494 2498 555 2558 Dr.
566 2497 704 2557 Norbert
727 2495 978 2555 Hoffmann
1017 2491 1061 2551 die
1078 2482 1450 2542 Testamentseröffnung

257 2548 499 2608 vorgenommen
539 2545 658 2605 worden
698 2545 776 2605 war.

364 2605 561 2665 Hinsichtlich
616 2602 717 2662 seiner
748 2599 934 2659 Bestattung
989 2595 1126 2655 enthielt
1181 2591 1234 2651 das
1271 2587 1451 2647 Testament

267 2655 445 2715 Schnitzlers
474 2655 543 2715 eine
567 2652 664 2712 Reihe
688 2648 883 2708 letztwilliger
913 2643 1160 2703 Verfügungen,
1178 2640 1229 2700 die
1253 2638 1275 2698 so
1305 2637 1379 2697 recht
1408 2635 1454 2695 be¬

266 2703 415 2763 zeichnend
446 2700 498 2760 für
530 2699 575 2759 die
602 2697 752 2757 einfache,
773 2692 963 2752 bescheldene
995 2688 1052 2748 und
1088 2685 1367 2745 weltabgewandte
1399 2683 1460 2743 Arl

266 2748 318 2808 des
345 2748 487 2808 Dichters
520 2747 598 2807 sind.
626 2745 667 2805 Er
700 2744 816 2804 ordnet
843 2739 900 2799 vor
927 2739 1006 2799 allem
1054 2739 1111 2799 an,
1134 2738 1186 2798 daß
1223 2734 1270 2794 ihm
1319 2731 1360 2791 ein
1398 2728 1461 2788 Be¬

269 2799 393 2859 gräbnis
432 2796 528 2856 letzter
567 2796 669 2856 Klasse
702 2792 869 2852 gewidmet
903 2789 999 2849 wird,
1032 2787 1086 2847 daß
1130 2783 1210 2843 keine
1244 2781 1346 2841 Parte
1379 2781 1459 2841 aus¬

266 2847 385 2907 gegeben
424 2846 478 2906 und
511 2844 570 2904 kein
598 2843 706 2903 Kranz
723 2838 891 2898 gespendet
913 2835 1033 2895 werden
1066 2835 1131 2895 soll.
1153 2833 1218 2893 Das
1245 2831 1386 2891 hiedurch
1414 2829 1462 2889 er¬

270 2896 366 2956 sparte
394 2893 469 2953 Gelo
502 2892 556 2952 soll
584 2890 837 2950 Spitalszwecken
871 2884 1076 2944 zugewendet
1098 2880 1238 2940 werden.
1261 2879 1325 2939 Bei
1347 2877 1444 2937 seinem

272 2942 445 3002 Begräbnis
483 2940 537 3000 soll
565 2939 646 2999 keine
673 2939 760 2999 Rede
788 2936 927 2996 gehalten
966 2932 1026 2992 und
1059 2932 1128 2992 auch
1167 2929 1226 2989 alle
1254 2926 1454 2986 prunkvollen

266 2991 472 3051 Zeremonien
514 2988 694 3048 vermieden
731 2984 876 3044 werden.
907 2981 953 3041 So
991 2981 1150 3041 verbietet
1182 2976 1352 3036 Schnitzler
1389 2974 1466 3034 aus¬

267 3041 404 3101 drücklich
460 3039 509 3099 die
537 3037 713 3097 Bestellung
747 3033 801 3093 von
840 3031 1138 3091 Leichenwächtern.
1183 3025 1227 3085 An
1283 3025 1359 3085 seine
1393 3023 1459 3083 An¬

266 3088 467 3148 verwandten
500 3085 603 3145 richtet
631 3085 657 3145 er
685 3084 734 3144 die
756 3082 864 3142 Bitte,
887 3079 951 3139 nach
984 3077 1082 3137 seinem
1120 3075 1207 3135 Tode
1235 3072 1359 3132 absolut
1382 3070 1463 3130 keine

269 3136 393 3196 Tiauer
426 3138 457 3198 zu
491 3134 614 3194 tragen.
642 3132 716 3192 Nach
750 3129 803 3189 dem
847 3127 954 3187 Willen
992 3124 1046 3184 des
1073 3122 1299 3182 Verstorbenen
1338 3120 1391 3180 soll
1419 3118 1450 3178 an

271 3187 324 3247 der
351 3183 451 3243 Leiche
483 3181 531 3241 der
563 3180 705 3240 Herzstich
737 3176 981 3236 vorgenommen
1019 3174 1161 3234 werden.
1183 3169 1252 3229 Das
1279 3169 1463 3229 Begräbnis

276 3233 349 3293 wird
383 3230 495 3290 daher,
525 3232 575 3292 dem
621 3229 768 3289 Wunsche
802 3228 853 3288 des
887 3226 1028 3286 Dichters
1063 3221 1294 3281 entsprechend,
1323 3220 1351 3280 in
1385 3217 1464 3277 aller

276 3277 373 3337 Stille
398 3279 604 3339 stattsinden.

373 3332 438 3392 Das
467 3332 642 3392 Testament
665 3330 847 3390 Schnitzlers
875 3327 996 3387 enthält
1018 3327 1084 3387 auch
1113 3327 1178 3387 eine
1201 3324 1294 3384 Reihe
1317 3322 1371 3382 von
1405 3319 1465 3379 Be¬

270 3385 479 3445 stimmgen
520 3384 591 3444 über
625 3381 724 3441 seinen
758 3378 968 3438 literarischen
1003 3377 1163 3437 Nachlaß,
1191 3374 1218 3434 zu
1258 3371 1352 3431 bessen
1386 3368 1468 3428 Ver¬

276 3434 383 3494 walter
421 3432 475 3492 der
514 3432 638 3492 Dichter
671 3430 735 3490 Dr.
762 3429 875 3489 Franz
903 3426 1059 3486 Horch,
1087 3423 1141 3483 der
1174 3420 1373 3480 Dramaturg
1412 3417 1465 3477 der

281 3482 427 3542 Berliner
449 3479 800 3539 Reinhardt=Bühnen,
817 3475 973 3535 bestimmt
995 3472 1059 3532 hat,
1076 3470 1130 3530 der
1152 3468 1211 3528 mit
1228 3467 1389 3527 Schnitzler
1412 3463 1465 3523 seit

275 3531 396 3591 Jahren
428 3527 614 3587 befreundet
635 3525 719 3585 war.
741 3526 804 3586 Dr.
821 3523 936 3583 Horch,
958 3521 1011 3581 der
1033 3518 1202 3578 gleichfalls
1234 3515 1260 3575 in
1287 3514 1371 3574 Wien
1409 3510 1472 3570 ein¬

282 3581 422 3641 getroffen
455 3575 503 3635 ist,
514 3575 589 3635 wird
617 3575 708 3635 sofort
731 3575 784 3635 mit
801 3570 854 3630 der
871 3569 1022 3629 Sichtung
1044 3568 1092 3628 des
1115 3567 1281 3627 Nachlasses
1304 3563 1470 3623 beginnen,

278 3626 331 3686 der
359 3626 401 3686 ein
440 3623 499 3683 fast
526 3623 715 3683 vollendetes
748 3620 931 3680 Schauspiel
964 3622 1050 3682 „Zug
1083 3617 1136 3677 der
1169 3614 1352 3674 Schatten",
1380 3611 1466 3671 Teile

281 3676 354 3736 eines
387 3671 582 3731 begonnenen
620 3670 783 3730 Romans,
805 3669 857 3729 der
884 3667 979 3727 letzten
1016 3664 1127 3724 Arbeit
1154 3663 1354 3723 Schnitzlers,
1376 3660 1465 3720 sowie

284 3722 549 3782 Aufzeichnungen
578 3721 605 3781 zu
634 3721 718 3781 einer
742 3715 1018 3775 Autobiographie
1041 3713 1193 3773 enthalten
1227 3709 1289 3769 soll.

696 3826 786 3886 Ein
829 3823 1064 3883 Unikum.

386 3894 446 3954 Die
497 3894 629 3954 „Dötz",
674 3890 729 3950 das
779 3888 1017 3948 österreichische
1051 3886 1155 3946 Organ
1211 3884 1355 3944 Hitlers,
1400 3881 1471 3941 ver¬

284 3945 416 4005 geichnet
438 3941 487 4001 den
516 3940 576 4000 Tod
598 3939 698 3999 Artur
720 3938 907 3998 Schnitzlers
930 3938 951 3998 in
979 3933 1139 3993 folgendem
1179 3933 1338 3993 lapidaren
1366 3927 1470 3987 Satze:

618 3989 733 4049 Bestern
767 3990 938 4050 nachmittag
973 3987 1105 4047 verschied
1140 3984 1183 4044 der
1217 3982 1333 4042 füdische
1362 3981 1472 4041 Literat

511 4032 602 4092 Artur
624 4032 776 4092 Schnitzler
803 4030 862 4090 nach
890 4029 986 4089 kurzem
1031 4026 1122 4086 Leiden
1155 4025 1176 4085 im
1215 4025 1269 4085 60.
1286 4023 1480 4083 Lebensjahr.

392 4085 459 4145 Das
511 4083 550 4143 ist
596 4080 692 4140 alles!
755 4082 856 4142 Eines
907 4079 1139 4139 Kommentars
1208 4076 1326 4136 bedarf
1389 4074 1473 4134 diese

290 4138 532 4198 „Würdigung"
564 4130 659 4190 nicht.

1923 110 2005 170 ra

2004 160 2214 220 TELEPHON
2249 155 2424 215 R-23-0-43

1809 303 2044 363 Ausschnitt
2066 300 2161 360 aus:

2073 391 2387 451 Kronenzeltung,
2438 414 2486 474 100

1822 530 1940 590 vom:

2191 533 2263 593 23.
2291 539 2427 599 KI.
2446 545 2546 605 1937

1839 713 2067 773 „Keine
2102 709 2341 769 Kränze
2386 704 2407 764 —
2496 709 2658 769 keine

2102 804 2356 864 Reden.

1955 866 2055 926 Artur
2089 867 2279 927 Schnitzlers
2313 869 2412 929 letzter
2441 867 2557 927 Wille.

1900 918 1995 978 Artur
2022 918 2196 978 Schnitzlers
2223 917 2280 977 Tod
2313 918 2360 978 hat
2387 915 2460 975 nicht
2487 917 2539 977 nur
2566 916 2592 976 in
2625 915 2671 975 den

1827 957 2036 1017 künstierischen
2082 956 2140 1016 und
2177 954 2263 1014 litera
2313 954 2372 1014 chen
2418 954 2531 1014 Kreisen
2577 954 2681 1014 Wiens

1823 996 1931 1056 tiefstes
1972 995 2145 1055 Mitgefühl
2177 993 2426 1053 hervorgerufen,
2459 992 2527 1052 auch
2563 990 2590 1050 in
2636 992 2681 1052 der

1821 1033 1935 1093 breiten
1971 1034 2192 1094 Bevölkerung,
2232 1033 2258 1093 in
2299 1031 2342 1091 der
2378 1028 2550 1088 Schnitlers
2582 1031 2683 1091 Werke

1824 1073 1885 1133 viel
1912 1073 2017 1133 gelesen
2057 1073 2110 1133 und
2142 1073 2199 1133 hoch
2230 1070 2362 1130 geschätzt
2393 1070 2530 1130 wurden,
2552 1068 2605 1128 hat
2627 1069 2680 1129 das

1823 1112 2004 1172 Hinscheiden
2043 1112 2086 1172 des
2120 1109 2239 1169 größten
2273 1110 2507 1170 österreichischen
2546 1109 2679 1169 Dichters

1831 1151 1911 1211 starke
1938 1151 2150 1211 Anteilnahme
2177 1149 2341 1209 gefunden.

1899 1195 1960 1255 Die
1995 1197 2109 1257 irdische
2154 1196 2240 1256 Hülle
2279 1195 2340 1255 Dr.
2375 1195 2466 1255 Artur
2505 1195 2682 1255 Schnitzlers

1827 1236 1914 1296 wird,
1937 1237 1989 1297 wie
2012 1237 2068 1297 aus
2100 1237 2179 1297 einer
2214 1236 2461 1296 Verlautbarung
2501 1234 2549 1294 des
2584 1234 2685 1294 Jour¬

1827 1276 1968 1336 nalisten-
1999 1276 2052 1336 und
2093 1273 2442 1333 Schriftstellewvereines
2482 1271 2663 1331 „Concordia

1827 1316 2017 1376 hervorgeht,
2041 1315 2121 1375 heute
2149 1315 2267 1375 Freitag
2299 1314 2335 1374 um
2377 1312 2440 1372 halb
2476 1309 2503 1369 12
2536 1312 2608 1372 Uhr.
2622 1312 2689 1372 vor¬

1828 1354 1948 1414 mittags
1982 1354 2032 1414 vom
2082 1354 2295 1414 Trauerhause
2329 1351 2354 1411 in
2392 1350 2442 1410 der
2476 1351 2688 1411 Sternwarte¬

1832 1393 1922 1453 straße
1947 1392 2003 1452 auf
2028 1391 2075 1451 den
2109 1394 2361 1454 Zentralfriedhof
2391 1392 2428 1452 (1.
2453 1391 2528 1451 Tor)
2553 1392 2686 1452 gebracht

1830 1431 1883 1491 und
1915 1431 1977 1491 dort
2000 1431 2160 1491 beigesetzt.

1824 1479 1919 1539 Artur
1965 1479 2161 1539 Schnitzlers,
2199 1478 2330 1538 erhalten
2382 1474 2440 1534 wir
2486 1476 2687 1536 nachstehende

1830 1519 1951 1579 Zeilen:
1980 1515 2175 1575 „Verehrliche
2204 1517 2386 1577 Redaktian!
2409 1514 2460 1574 Ich
2494 1515 2605 1575 ersuche
2634 1515 2670 1575 um

1829 1557 2005 1617 freundliche
2051 1556 2328 1616 Veröffentlichung
2383 1553 2433 1613 der
2478 1554 2678 1614 beifolgenden

1827 1596 2117 1656 letztwilligen
2150 1596 2478 1656 Verfügungen;
2502 1593 2543 1653 die
2572 1593 2614 1653 sich
2647 1592 2670 1652 im

1826 1634 1971 1694 Nachlasse
2002 1634 2113 1694 meines
2143 1634 2250 1694 Vaters
2280 1631 2472 1691 vorgefunden
2507 1631 2592 1691 haben
2631 1630 2682 1690 und

1825 1673 1897 1733 bitte
1932 1673 1957 1733 im
2006 1673 2117 1733 Namen
2156 1673 2228 1733 aller
2264 1670 2525 1730 Hinterbliebenen
2561 1670 2603 1730 die
2642 1670 2689 1730 ge¬

1832 1714 1918 1774 samte
1952 1713 2205 1773 Oeffentlichteit,
2229 1712 2300 1772 diese
2334 1712 2472 1772 Wünsche
2516 1712 2563 1772 des
2607 1712 2688 1772 Ver¬

1826 1754 1946 1814 ewigten
1982 1752 2005 1812 zu
2036 1751 2147 1811 achten.

1909 1801 1964 1861 Die
2007 1799 2198 1859 letztwilligen
2250 1798 2469 1858 Verfügungen
2522 1797 2582 1857 sind
2629 1796 2689 1856 mit

1834 1840 1986 1900 „Wien,
2001 1837 2058 1897 20.
2078 1838 2221 1898 April.
2227 1837 2346 1897 1912“
2370 1837 2485 1897 datiert
2510 1837 2562 1897 und
2591 1835 2676 1895 haben

1838 1880 1984 1940 folgenden
2021 1876 2195 1936 Wortlaut:

1911 1917 2190 1977 „Bestimmungen,
2214 1915 2257 1975 die
2291 1915 2325 1975 ich
2364 1915 2431 1975 nach
2465 1915 2580 1975 meinem
2624 1913 2686 1973 Ab¬

1832 1954 1911 2014 leben
1945 1956 1968 2016 zu
2002 1954 2129 2014 erfüllen
2158 1954 2247 2014 bitte:

1910 1994 2126 2054 Herzstich.

1909 2031 2036 2091 Keine
2066 2031 2267 2091 Kränze!

1907 2070 2038 2130 Keine
2076 2070 2240 2130 Partel
2278 2068 2352 2128 Auch
2394 2069 2420 2129 in
2463 2067 2511 2127 der
2554 2067 2680 2127 Zeitung

1837 2109 1928 2169 nicht!

1909 2145 2155 2205 Begräbnis
2180 2145 2322 2205 letzter
2352 2142 2524 2202 Klasse!

1912 2182 1972 2242 Das
2001 2184 2079 2244 durch
2113 2181 2280 2241 Befolgung
2313 2182 2402 2242 dieser
2435 2181 2672 2241 Bestimmungen

1838 2223 1982 2283 erübrigte
2014 2222 2091 2282 Gold
2128 2220 2159 2280 ist
2186 2222 2431 2282 Spitalszwecken
2468 2221 2685 2281 zuzuwenden.

1910 2261 2039 2321 Keine
2063 2261 2233 2321 Reden!

1910 2298 2110 2358 Vermeidung
2151 2299 2274 2359 allen
2320 2297 2456 2357 rituellen
2507 2297 2693 2357 Beiwerkes.

1835 2339 2072 2399 (Insbesondere
2098 2339 2346 2399 Leichenwächter
2372 2336 2457 2396 ufw.)

1909 2377 2036 2437 Keine
2064 2378 2234 2438 Trauer
2266 2378 2417 2438 tragen
2455 2374 2519 2434 nach
2556 2375 2670 2435 meinem

1836 2417 1929 2477 Tode,
1952 2417 2072 2477 absolut
2095 2416 2188 2476 keine.

2233 2449 2365 2509 Artur
2390 2449 2649 2509 Schnitzler.“

1916 2491 1981 2551 (Die
2010 2491 2070 2551 hier
2094 2491 2229 2551 gesperrt
2248 2490 2412 2550 gedruckten
2445 2488 2543 2548 Worte
2572 2490 2627 2550 sind
2656 2487 2678 2547 in

1834 2533 1881 2593 der
1910 2532 2236 2592 Originalhandschrift
2261 2529 2500 2589 unterstrichen.)

1930 2605 2124 2665 Schnitzlers
2155 2605 2386 2665 dichterischer
2417 2600 2589 2660 Nachlaß.

1916 2655 2008 2715 Artur
2044 2655 2202 2715 Schnihler
2238 2655 2290 2715 hat
2326 2655 2352 2715 zu
2397 2652 2489 2712 seinen
2533 2652 2679 2712 Lebzeiten

1839 2695 1900 2755 Dr.
1918 2695 2014 2755 Franz
2037 2696 2173 2756 Horch.
2195 2694 2239 2754 den
2271 2691 2499 2751 Dramaturgen
2526 2691 2574 2751 der
2597 2691 2689 2751 Rein¬

1843 2733 2059 2793 hardt=Bühnen
2100 2733 2126 2793 in
2162 2733 2285 2793 Berlin,
2312 2731 2369 2791 mit
2396 2730 2444 2790 dem
2489 2728 2519 2788 er
2546 2730 2612 2790 sehr
2644 2727 2692 2787 be¬

1842 2772 1979 2832 freundet
1996 2775 2073 2835 war,
2095 2772 2142 2832 zum
2181 2770 2348 2830 Verwalter
2374 2769 2463 2829 seines
2494 2769 2682 2829 literarischen

1839 2812 1998 2872 Nachlasses
2026 2811 2185 2871 bestimmt.
2223 2809 2286 2869 Auf
2309 2808 2350 2868 die
2374 2808 2615 2868 Todesnachricht
2634 2808 2697 2868 hin.

1839 2849 1870 2909 ist
1894 2852 1957 2912 Dr.
1976 2852 2080 2912 Horch,
2104 2851 2149 2911 der
2177 2849 2199 2909 in
2231 2847 2331 2907 Berlin
2363 2849 2395 2909 an
2432 2848 2477 2908 den
2509 2846 2691 2906 Reinhardt¬

1841 2889 1956 2949 Bühnen
1993 2891 2063 2951 tätig
2095 2889 2146 2949 ist,
2170 2888 2234 2948 nach
2267 2888 2345 2948 Wien
2383 2885 2545 2945 gefahren.

1916 2929 2007 2989 Artur
2044 2927 2204 2987 Schnitzler
2241 2926 2296 2986 hat
2333 2924 2516 2984 buchstäblich
2554 2924 2599 2984 bis
2641 2924 2695 2984 zur

1840 2969 1929 3029 letzten
1965 2969 2089 3029 Minute
2120 2966 2213 3026 seines
2249 2963 2360 3023 Lobens
2392 2963 2569 3023 gearbeitet.
2614 2960 2684 3020 Man

1845 3008 1910 3068 fand
1937 3008 1981 3068 ihn
2017 3007 2065 3067 vor
2092 3005 2184 3065 seinem
2230 3003 2415 3063 Schreibtisch
2442 3001 2472 3061 am
2517 3001 2609 3061 Boden
2645 2998 2698 3058 lie¬

1842 3047 1908 3107 gend
1939 3046 2010 3106 auf.
2055 3045 2098 3105 Er
2130 3044 2191 3104 war
2223 3043 2280 3103 mit
2307 3042 2355 3102 der
2387 3041 2568 3101 Vollendurg
2609 3041 2688 3101 eines

1845 3085 2029 3145 Schauspiels
2056 3084 2219 3144 beschäftigt
2246 3081 2298 3141 und
2321 3079 2422 3139 schrieb
2449 3079 2510 3139 auch
2537 3079 2559 3139 im
2599 3076 2673 3136 einem

1841 3126 1949 3186 großen
1986 3124 2122 3184 Roman,
2145 3122 2195 3182 der
2223 3121 2331 3181 freilich
2364 3118 2427 3178 jetzt
2455 3116 2500 3176 als
2532 3116 2695 3176 Stückwerk

1843 3163 2043 3223 zurückbleibt.
2065 3163 2127 3223 Das
2159 3161 2274 3221 Drama
2305 3157 2478 3217 Schnitzlers
2509 3157 2540 3217 ist
2567 3154 2691 3214 ziemlich

1845 3203 1915 3263 weit
1938 3202 2186 3262 fortgeschritten.
2213 3197 2253 3257 Es
2284 3199 2364 3259 sollte
2395 3196 2461 3256 nach
2493 3193 2572 3253 einem
2617 3193 2692 3253 Plan

1844 3243 2013 3303 Schnitzlers
2042 3241 2136 3301 „Zug
2165 3240 2231 3300 der
2260 3238 2477 3298 Schatten“
2506 3235 2623 3295 heißen.

1916 3284 1951 3344 In
2005 3279 2102 3339 seinem
2157 3276 2424 3336 Arbeitszimmer,
2464 3272 2518 3332 das
2558 3272 2593 3332 an
2647 3269 2691 3329 des

1843 3321 1975 3381 Dichters
2011 3318 2240 3378 Schlafzimmer
2272 3314 2408 3374 grenzte,
2431 3311 2537 3371 befand
2573 3309 2616 3369 sich
2652 3308 2691 3368 ein

1845 3360 1949 3420 großer
1977 3357 2123 3417 Schrank,
2146 3356 2196 3416 den
2228 3354 2324 3414 Artur
2356 3351 2511 3411 Schnitzler
2543 3348 2589 3408 für
2621 3348 2698 3408 seine

1850 3399 2045 3459 Manuskripte
2078 3396 2241 3456 anfertigen
2278 3393 2351 3453 ließ.
2397 3389 2460 3449 Der
2488 3387 2620 3447 Schrank
2648 3387 2697 3447 hat

1842 3436 1899 3496 eine
1927 3436 2016 3496 große
2039 3435 2159 3495 Anzahl
2181 3432 2230 3492 von
2262 3431 2351 3491 Laden
2387 3427 2440 3487 und
2467 3426 2489 3486 in
2521 3426 2596 3486 jeder
2624 3426 2699 3486 Lade

1846 3476 1876 3536 ist
1902 3476 1947 3536 ein
1979 3476 2173 3536 Manuskript
2200 3471 2374 3531 Schnitzlers
2406 3464 2615 3524 aufbewahrt.

1899 3566 2301 3626 Schnitzler=Gedenkfeier
2331 3562 2378 3622 bei
2397 3558 2505 3618 Radio
2529 3557 2642 3617 Wien.

1921 3619 2059 3679 Sonntag
2098 3620 2140 3680 den
2180 3614 2227 3674 25.
2253 3614 2282 3674 d.
2305 3613 2373 3673 wird
2408 3609 2502 3669 Radio
2533 3607 2610 3667 Wien
2649 3605 2683 3665 um

1852 3659 1924 3719 16.10
1955 3659 2015 3719 Uhr
2041 3656 2105 3716 eine
2132 3655 2217 3715 Feier
2244 3652 2463 3712 veranstalten,
2485 3647 2523 3707 die
2554 3647 2597 3707 dem
2644 3643 2704 3703 Ge¬

1844 3698 1947 3758 denken
1981 3696 2027 3756 des
2056 3694 2152 3754 soeben
2185 3689 2385 3749 verstorbenen
2415 3685 2581 3745 berühmten
2615 3682 2702 3742 öster¬

1851 3737 2005 3797 reichischen
2040 3733 2172 3793 Dichters
2203 3731 2300 3791 Artur
2328 3726 2481 3786 Schnitzler
2513 3721 2636 3781 geweiht
2663 3722 2706 3782 ist.

1849 3778 1909 3838 Dr.
1931 3775 2016 3835 Ernst
2038 3772 2197 3832 Lothar
2223 3768 2291 3828 wird
2317 3766 2360 3826 die
2382 3762 2566 3822 Gedenkrede
2593 3760 2708 3820 halten,

1851 3816 1899 3876 der
1926 3813 1987 3873 eine
2018 3811 2207 3871 Aufführung
2243 3807 2292 3867 von
2323 3804 2494 3864 Schnitzlers
2526 3800 2684 3860 einaktigem

1859 3856 2003 3916 Sriel.„in
2040 3851 2143 3911 Versen
2180 3847 2488 3907 „Paracelsus"
2526 3841 2616 3901 unter
2653 3841 2701 3901 der

1852 3909 2044 3969 Spielleitung
2078 3906 2125 3966 von
2150 3903 2212 3963 Dr.
2232 3900 2318 3960 Hans
2342 3895 2481 3955 Nüchtern
2515 3894 2602 3954 folgt.
2622 3891 2693 3951 Auch

1850 3949 1900 4009 das
1934 3948 2051 4008 Wiener
2085 3939 2411 3999 Sumphonieorchester
2442 3935 2529 3995 unter
2563 3932 2609 3992 der
2639 3926 2705 3986 Lei¬

1846 3988 1917 4048 tung
1941 3987 2065 4047 Oswald
2090 3983 2231 4043 Kabastas
2256 3980 2327 4040 wird
2351 3977 2386 4037 an
2410 3975 2499 4035 dieser
2523 3972 2605 4032 Feier
2630 3968 2700 4028 mit¬

1850 4027 1978 4087 wirken.
