3436 4384
841 1321 962 1381 Arthur
995 1321 1189 1381 Schnitsler.

670 1423 795 1483 Arthur
825 1423 1016 1483 Schnitzler
1047 1423 1137 1483 avled
1173 1425 1187 1485 i
1213 1426 1298 1486 Wien
1339 1426 1383 1486 vid

637 1480 764 1540 7-tiden
792 1481 828 1541 pä
860 1482 1171 1542 onsdagsaftonen.
1190 1483 1230 1543 Dä
1263 1483 1390 1543 förfat-

640 1539 725 1599 taren
758 1539 794 1599 på
826 1538 1087 1598 eftermiddagen
1119 1539 1297 1599 ätervände
1316 1539 1383 1599 frän

641 1599 671 1659 en
707 1597 883 1657 promenad
915 1596 1104 1656 drabbades
1136 1597 1193 1657 han
1229 1599 1264 1659 av
1300 1600 1365 1660 slag

637 1656 750 1716 anfall
778 1656 832 1716 och
865 1656 955 1716 avled
988 1656 1065 1716 utan
1098 1656 1147 1716 att
1175 1656 1211 1716 ha
1248 1656 1389 1716 återfått

641 1713 887 1773 medvetandet.
924 1714 1112 1774 Schnitzler
1144 1715 1249 1775 skulle
1281 1715 1295 1775 i
1327 1715 1390 1775 maj

642 1773 737 1833 nästa
767 1774 805 1834 år
835 1774 868 1834 ha
902 1772 993 1832 blivit
1018 1775 1056 1835 70
1085 1773 1123 1833 år
1153 1774 1311 1834 gammal.

682 1933 746 1993 Det
770 1933 803 1993 är
832 1933 897 1993 med
926 1936 1047 1996 Arthur
1076 1936 1259 1996 Schnitzler
1287 1936 1320 1996 en
1353 1933 1385 1993 av

644 1993 681 2053 de
705 1993 784 2053 mest
808 1993 933 2053 kända,
948 1993 1110 2053 habilaste
1139 1993 1189 2053 och
1218 1990 1390 2050 meszpe¬

641 2050 712 2110 lade
739 2050 942 2110 dramatiska
974 2050 1182 2110 författarna
1209 2050 1222 2110 i
1249 2051 1372 2111 Europa

1417 2086 1518 2146 miljö.
1558 2083 1620 2143 Den
1651 2086 1854 2146 dramatiska
1885 2086 1986 2146 form,
2005 2086 2057 2146 som
2097 2083 2150 2143 han

642 2108 697 2168 som
740 2107 795 2167 går
824 2107 913 2167 bort.
946 2107 1015 2167 Han
1049 2107 1104 2167 dör
1133 2107 1180 2167 vid
1213 2107 1268 2167 hög
1302 2107 1390 2167 älder

1412 2146 1476 2206 med
1545 2145 1674 2205 Anatol
1735 2145 1929 2205 lancerade,
1968 2143 2157 2203 begagnade

645 2166 701 2226 och
733 2166 834 2226 under
863 2166 894 2226 de
927 2166 1044 2226 senare
1073 2166 1145 2226 ären
1182 2166 1213 2226 är
1242 2166 1298 2226 det
1335 2163 1387 2223 oss

1413 2202 1599 2262 Schnitzler
1651 2205 1837 2265 sedermera
1871 2205 1994 2265 gärna,
2021 2205 2062 2265 bl.
2095 2205 2126 2265 a.
2150 2205 2163 2265 i

641 2226 715 2286 icke
738 2226 861 2286 bekant
884 2226 937 2286 att
955 2226 1039 2286 hans
1066 2226 1167 2286 penna
1199 2224 1313 2284 avsatt
1336 2221 1371 2281 nä

1418 2264 1472 2324 den
1501 2262 1580 2322 mera
1610 2265 1814 2325 djupgäende
1844 2263 1993 2323 analysen
2027 2265 2060 2325 av
2089 2265 2160 2325 ero-

640 2285 700 2345 gra
729 2283 789 2343 nya
823 2283 1009 2343 betydande
1039 2283 1160 2343 alster.
1189 2283 1263 2343 Icke
1297 2282 1390 2342 heller

1417 2322 1496 2382 tiska
1532 2322 1646 2382 frågor
1682 2323 1734 2383 som
1779 2322 1863 2382 hette
1899 2322 2062 2382 »Reigen»
2102 2322 2154 2382 och

641 2340 681 2400 ha
728 2340 787 2400 ans
810 2340 946 2400 tidigare
970 2343 1083 2403 pjäser
1107 2340 1229 2400 spelats
1253 2341 1284 2401 sä
1307 2342 1370 2402 mye

1420 2382 1506 2442 länge
1532 2381 1587 2441 var
1609 2381 1776 2441 förbjuden
1807 2381 1841 2441 av
1863 2381 2039 2441 censuren.
2074 2381 2155 2441 Utan

639 2400 695 2460 ket
713 2399 799 2459 efter
826 2396 930 2456 kriget
947 2398 1003 2458 som
1043 2399 1151 2459 förut.
1182 2399 1277 2459 Detta
1304 2396 1390 2456 sam¬

649 2456 843 2516 manhänger
875 2456 1101 2516 otvivelaktigt
1133 2456 1196 2516 med
1228 2456 1315 2516 arten
1347 2452 1384 2512 av
1417 2442 1523 2502 tvivel
1536 2441 1598 2501 har
1618 2441 1800 2501 Schnitzler
1826 2441 1920 2501 genom
1958 2441 2058 2501 denna
2084 2439 2165 2499 skä-

644 2515 683 2575 de
718 2513 875 2573 problem,
905 2516 966 2576 med
1006 2516 1085 2576 vilka
1119 2514 1305 2574 Schnitzler
1334 2511 1384 2571 rör
1425 2501 1657 2561 espelsform,
1680 2501 1730 2561 som
1776 2501 1877 2561 ligger
1906 2501 1957 2561 den
1991 2500 2165 2560 dialogise-

1417 2561 1489 2621 rade
1518 2561 1659 2621 novellen
1691 2561 1786 2621 nära,
1805 2561 1946 2621 bidragit
1970 2561 2019 2621 till
2043 2561 2088 2621 att
2111 2561 2165 2621 ut¬

642 2573 709 2633 sig.
739 2573 796 2633 Det
821 2573 854 2633 är
878 2573 1080 2633 fullkomligt
1105 2573 1239 2633 oriktigt
1264 2573 1317 2633 att
1336 2571 1370 2631 be

638 2629 756 2689 teckna
788 2630 870 2690 hans
902 2631 1000 2691 konst
1032 2632 1083 2692 som
1130 2629 1388 2689 estetiserande,
1416 2620 1523 2680 veckla
1576 2620 1632 2680 den
1690 2620 1902 2680 enuropeiska
1939 2620 2161 2680 dramatikens

1418 2680 1524 2740 teknik
1551 2680 1612 2740 mot
1639 2680 1669 2740 de
1696 2680 1797 2740 friare
1820 2680 1956 2740 former,
1974 2680 2026 2740 som
2062 2680 2159 2740 präg¬

641 2686 711 2746 men
747 2688 804 2748 den
836 2688 888 2748 rör
920 2688 964 2748 sig
1000 2689 1150 2749 däremot
1186 2689 1288 2749 gärna
1324 2688 1385 2748 med

1415 2742 1460 2802 lat
1488 2740 1538 2800 den
1575 2740 1676 2800 under
1709 2740 1781 2800 åren
1814 2740 1901 2800 efter
1929 2739 2167 2799 världskriget.

646 2746 823 2806 estetikens
850 2746 978 2806 problem
1018 2748 1071 2808 och
1102 2746 1372 2806 huvudgestalter

1452 2799 1643 2859 Schnitzler
1689 2800 1798 2860 kunde
1849 2800 2026 2860 emellertid
2077 2798 2135 2858 äve

646 2803 682 2863 na
710 2804 723 2864 i
742 2803 819 2863 hans
847 2804 1029 2864 skädespel
1048 2804 1102 2864 äro
1130 2806 1289 2866 estetiska
1317 2804 1390 2864 ellei

647 2861 790 2921 erotiska
827 2862 1038 2922 livenjutare.
1059 2863 1239 2923 Schnitzler
1270 2862 1321 2922 ser
1347 2862 1383 2922 på
1420 2859 1615 2919 komponera
1667 2859 1713 2919 ett
1734 2859 1914 2919 skädespel
1935 2859 2017 2919 mera
2043 2859 2053 2919 i
2074 2859 2161 2919 klas-

648 2916 703 2976 dem
750 2919 818 2979 med
853 2919 1062 2979 skeptikerns
1096 2919 1152 2979 och
1191 2922 1413 2982 satirikerns,
1422 2919 1485 2979 sisk
1516 2919 1583 2979 stil,
1601 2919 1699 2979 sásom
1743 2918 1930 2978 exempelvis
1961 2917 1973 2977 »
1986 2918 2046 2978 Dr.
2063 2916 2161 2976 Bern¬

643 2977 743 3037 ögon,
768 2976 833 3036 men
870 2976 925 3036 han
970 2978 1111 3038 kommer
1142 2979 1242 3039 sällan
1288 2979 1324 3039 ut
1349 2979 1389 3039 ur
1420 2978 1561 3038 hardi»,
1602 2978 1646 3038 ett
1677 2977 1748 3037 verk
1779 2978 1833 3038 som
1874 2977 1924 3037 för
1955 2977 2060 3037 övrigt
2081 2976 2161 3036 hade

642 3032 748 3092 denna
801 3032 829 3092 in
893 3036 1104 3096 idualistiska
1153 3038 1384 3098 problemställ

1415 3035 1625 3095 uteslutande
1653 3038 1793 3098 manliga
1822 3037 1919 3097 roller
1948 3035 1999 3095 och
2032 3034 2163 3094 hämta-

653 3092 743 3152 ning.

1420 3097 1452 3157 de
1485 3095 1546 3155 sitt
1574 3097 1672 3157 motiv
1701 3097 1715 3157 i
1739 3095 1992 3155 läkarvärlden.

681 3148 792 3208 Denna
846 3149 1032 3209 bundenhet
1060 3153 1192 3213 präglar
1224 3153 1299 3213 även
1331 3154 1388 3214 hos

1453 3155 1499 3215 P’å
1551 3155 1668 3215 senare
1697 3158 1777 3218 tiden
1810 3153 1950 3213 ätergick
1984 3155 2162 3215 Schnitzler

640 3209 828 3269 Schnitzler
856 3209 946 3269 valet
974 3210 1011 3270 av
1045 3214 1148 3274 miljö.
1196 3214 1266 3274 Med
1300 3213 1374 3273 oför

1418 3219 1465 3279 till
1487 3216 1629 3276 novellen
1664 3218 1715 3278 och
1751 3215 1819 3275 från
1854 3215 1944 3275 dessa
1975 3215 2013 3275 âr
2039 3214 2155 3274 minnes

637 3268 760 3328 liknelig
795 3268 982 3328 virtuositet
1012 3268 1140 3328 förstär
1165 3271 1224 3331 han
1254 3271 1269 3331 i
1294 3271 1377 3331 vissa
1417 3274 1485 3334 man
1520 3274 1658 3334 särskilt
1688 3275 1742 3335 den
1777 3274 1940 3334 ypperliga
1975 3273 2161 3333 behandlin-

640 3328 682 3388 av
712 3328 783 3388 sina
817 3328 979 3388 komedier
1008 3328 1060 3388 att
1090 3330 1204 3390 teckna
1239 3331 1381 3391 teaterns
1416 3334 1472 3394 gen
1502 3333 1539 3393 av
1564 3336 1899 3396 Don-Juan-motivet
1919 3334 1928 3394 i
1947 3334 1961 3394 »
1971 3332 2162 3392 Casanovas

639 3387 695 3447 och
721 3385 877 3445 konstens
904 3387 1011 3447 värld,
1029 3388 1085 3448 där
1111 3388 1289 3448 gränserna
1319 3391 1379 3451 mel

1418 3394 1670 3454 äterkomst»»,
1698 3397 1731 3457 en
1769 3394 1961 3454 uppgörelse
1998 3393 2059 3453 med
2097 3391 2167 3451 sin¬

646 3445 694 3505 lan
734 3445 960 3505 konstnärligt
992 3448 1164 3508 skapande
1200 3448 1257 3508 och
1302 3448 1390 3508 verk-

1417 3454 1560 3514 neslivet
1584 3454 1640 3514 som
1682 3455 1947 3515 självändamäl.

646 3504 845 3564 lighetslivet
895 3504 1068 3564 utplånas.
1105 3505 1163 3565 Hit
1191 3507 1263 3567 höra
1300 3507 1386 3567 »Den

1462 3513 1644 3573 Schnitzler
1678 3513 1757 3573 ägde
1791 3513 1804 3573 i
1834 3513 1880 3573 sin
1918 3512 2162 3572 författargär-

643 3564 731 3624 stora
760 3561 894 3621 scenen»
927 3564 935 3624 —
984 3564 1041 3624 som
1078 3566 1086 3626 i
1106 3564 1224 3624 Sverge
1249 3564 1305 3624 gav
1334 3565 1370 3625 An

1420 3574 1491 3634 ning
1526 3575 1659 3635 mycket
1691 3573 1730 3633 av
1766 3573 1819 3633 det
1851 3573 1979 3633 typiskt
2011 3570 2166 3630 wienska,

646 3624 720 3684 ders
747 3624 777 3684 de
809 3624 901 3684 Wahl
923 3624 949 3684 en
980 3624 1143 3684 glansroll
1162 3625 1174 3685 —
1223 3624 1236 3684 »
1254 3624 1368 3684 Littera

1421 3633 1453 3693 en
1505 3633 1565 3693 hög
1612 3633 1742 3693 litterär
1795 3633 1920 3693 kultur,
1944 3633 1971 3693 en
2004 3630 2158 3690 mänsklig

643 3684 720 3744 tur»
751 3684 793 3744 m.
815 3684 858 3744 fl.
897 3684 987 3744 Hans
1018 3684 1121 3744 första
1156 3684 1225 3744 verk
1255 3685 1268 3745 —
1324 3685 1392 3745 var-

1421 3692 1498 3752 blick
1530 3692 1566 3752 på
1594 3692 1671 3752 livet
1694 3692 1748 3752 och
1780 3691 1826 3751 ett
1849 3689 1926 3749 drag
1954 3689 1989 3749 av
2017 3688 2162 3748 svårmo-

647 3743 713 3803 med
748 3743 827 3803 han,
849 3742 931 3802 efter
962 3743 1011 3803 att
1037 3743 1091 3803 som
1133 3743 1246 3803 fadern
1280 3743 1313 3803 ha
1347 3743 1380 3803 ut

1424 3752 1490 3812 digt
1512 3752 1611 3812 allvar
1632 3752 1707 3812 även
1737 3752 1769 3812 då
1795 3752 1874 3812 hans
1895 3749 1995 3809 penna
2020 3749 2074 3809 var
2095 3747 2145 3807 som

646 3803 751 3863 bildat
771 3802 813 3862 sig
843 3802 890 3862 till
910 3802 1035 3862 läkare,
1054 3803 1087 3863 på
1117 3803 1217 3863 allvar
1237 3803 1303 3863 slog
1328 3803 1375 3863 ige

1426 3809 1507 3869 mest
1529 3809 1670 3869 lekande

648 3863 706 3923 nom
765 3862 785 3922 —
860 3860 917 3920 var
971 3862 1161 3922 »Anatol»,
1198 3863 1251 3923 ett
1278 3862 1388 3922 knippe

646 3920 765 3980 scener
795 3919 880 3979 kring
919 3919 962 3979 ett
991 3919 1135 3979 erotiskt
1164 3919 1278 3979 motiv.
1327 3919 1394 3979 Här

649 3978 855 4038 framträdde
894 3979 1078 4039 Schnitzler
1111 3977 1170 4037 som
1220 3976 1398 4036 wienaren,

1912 4030 2160 4090 expressangare

1459 4029 1526 4089 Vita
1598 4030 1858 4090 Stjärn-Linjens

648 4039 684 4099 en
731 4036 900 4096 mästerlig
948 4038 1108 4098 skildrare
1139 4037 1175 4097 av
1206 4038 1257 4098 den
1289 4036 1392 4096 gamla

1426 4069 1600 4129 »Majestie»
1625 4071 1759 4131 anlände
1788 4070 1841 4130 till
1865 4066 2016 4126 Newyork
2049 4069 2097 4129 den
2130 4069 2162 4129 20

650 4096 903 4156 kejearstadens
945 4098 1033 4158 lätta
1063 4096 1122 4156 och
1158 4097 1387 4157 levnadsglada
1423 4107 1541 4167 dennes
1565 4110 1606 4170 kl.
1624 4111 1635 4171 S
1660 4111 1688 4171 f.
1701 4111 1747 4171 m.
1778 4111 1842 4171 Allt
1866 4111 1924 4171 väl.
