3392 4352
594 112 677 172 trat,
698 112 806 172 mußte
831 112 860 172 er
890 112 959 172 nach
984 112 1038 172 der
1063 115 1363 175 Veröffentlichung
1394 115 1491 175 seines

599 159 790 219 „Leutnant
815 159 925 219 Gustl“
959 162 1136 222 aufgeben.
1170 160 1251 220 Bald
1281 161 1429 221 widmete
1458 159 1491 219 er

599 208 645 268 sich
676 207 908 267 ausschließlich
945 207 1001 267 der
1027 207 1213 267 Literatur.

656 261 719 321 Die
762 264 983 324 Atmosphäre
1026 264 1078 324 der
1121 266 1327 326 Geistigkeit,
1364 264 1411 324 die
1454 263 1480 323 in

599 312 790 372 Schnitzlers
821 312 1012 372 Vaterhaus
1050 312 1220 372 herrschte,
1241 314 1287 374 die
1318 312 1396 372 enge
1427 311 1494 371 Be¬

594 359 738 419 rührung
788 359 851 419 mit
887 359 946 419 der
981 359 1199 419 sogenannten
1239 359 1333 419 guten
1373 359 1496 419 Gesell¬

595 407 685 467 schaft
716 406 771 466 der
802 406 877 466 80er
914 407 974 467 und
1010 407 1085 467 90er
1116 407 1237 467 Jahre,
1263 407 1353 467 einer
1385 407 1495 467 eigen¬

595 453 741 513 artigen,
758 455 904 515 spezifisch
937 455 1196 515 österreichischen
1229 455 1391 515 Mischung
1425 455 1478 515 von

594 500 801 560 heterogenen
841 503 1052 563 Elementen,
1077 503 1131 563 von
1166 503 1357 563 Gelehrten,
1378 503 1490 563 Groß¬

595 551 797 611 kaufleuten,
840 549 1053 609 Advokaten,
1090 551 1287 611 Künstlern,
1330 551 1491 611 Bankiers

599 597 629 657 u.
656 595 701 655 a.,
723 597 779 657 der
811 596 888 656 enge
920 598 1069 658 Kontakt
1096 598 1152 658 mit
1179 598 1230 658 den
1267 598 1401 658 Größen
1438 598 1489 658 der

595 643 706 703 „ersten
749 643 907 703 deutschen
950 646 1114 706 Bühne",
1141 642 1193 702 des
1231 646 1496 706 Burgtheaters,

595 691 639 751 die
660 691 685 751 in
716 691 817 751 seines
842 691 964 751 Vaters
989 694 1095 754 Hause
1116 694 1196 754 aus=
1218 694 1273 754 und
1303 697 1495 757 eingingen,

593 741 810 801 beeinflußten
859 741 1055 801 Schnitzlers
1098 742 1347 802 Entwicklung;
1385 742 1485 802 dieses

599 787 842 847 Jugendmilieu
875 789 982 849 drückt
1010 789 1112 849 seinem
1156 792 1296 852 späteren
1335 792 1480 852 Schaffen

596 837 676 897 nicht
704 837 850 897 weniger
878 837 931 897 den
965 836 1121 896 Stempel
1149 839 1208 899 auf
1230 837 1289 897 wie
1317 837 1376 897 sein
1404 836 1495 896 ärzt¬

596 882 685 942 licher
709 882 832 942 Beruf.

657 930 837 990 Abgesehen
872 931 928 991 von
962 933 1137 993 kleineren,
1155 933 1262 993 längst
1279 936 1482 996 vergessenen

595 977 768 1037 Arbeiten,
796 980 866 1040 war
899 978 953 1038 sein
991 980 1110 1040 erstes,
1138 980 1490 1040 aufsehenerregendes

595 1026 653 1086 und
685 1027 711 1087 in
748 1025 801 1085 der
828 1028 1013 1088 damaligen
1051 1028 1124 1088 Zeit
1152 1025 1198 1085 als
1231 1028 1304 1088 kühn
1342 1031 1495 1091 empfun¬

592 1073 687 1133 denes
725 1071 841 1131 Werk:
868 1076 1059 1136 „Anatol",
1080 1073 1149 1133 eine
1182 1073 1281 1133 Reihe
1320 1076 1377 1136 von
1415 1075 1494 1135 dra¬

595 1122 753 1182 matischen
787 1124 973 1184 Dialogen,
991 1124 1041 1184 die
1071 1124 1127 1184 mit
1156 1124 1234 1184 ihren
1269 1124 1370 1184 scharf
1394 1127 1489 1187 beob¬

593 1171 728 1231 achteten
756 1171 923 1231 Menschen
957 1171 1016 1231 und
1044 1171 1130 1231 deren
1163 1171 1320 1231 graziöser
1348 1174 1488 1234 Sprache

594 1216 622 1276 in
652 1219 743 1279 einer
767 1219 830 1279 fast
854 1219 1062 1279 spielerischen
1097 1219 1160 1279 Art
1184 1221 1258 1281 schon
1293 1221 1344 1281 die
1368 1222 1489 1282 Eigen¬

589 1267 639 1327 art
668 1267 724 1327 von
754 1267 953 1327 Schnitzlers
982 1267 1108 1327 Talent
1131 1267 1256 1327 zeigen.
1285 1267 1365 1327 Sein
1400 1270 1496 1330 näch¬

595 1316 648 1376 stes
685 1316 745 1376 und
782 1316 914 1376 zugleich
950 1316 1010 1376 das
1041 1317 1119 1377 erste
1150 1318 1360 1378 aufgeführte
1391 1318 1487 1378 Werk

592 1364 660 1424 war
690 1364 776 1424 „Das
806 1365 985 1425 Märchen"
1020 1364 1141 1424 (1893).
1159 1365 1205 1425 In
1235 1365 1287 1425 der
1310 1367 1402 1427 gleich
1432 1368 1483 1428 den

591 1410 835 1470 vorgenannten
868 1413 1095 1473 Schöpfungen
1124 1413 1179 1473 dem
1218 1413 1346 1473 Wiener
1368 1413 1484 1473 Milieu

595 1461 846 1521 entnommenen
878 1462 1087 1522 „Liebelei",
1106 1462 1297 1522 Schnitzlers
1328 1461 1494 1521 seinerzeit

592 1506 855 1566 meistgespieltem
905 1510 1112 1570 Schauspiel,
1132 1509 1231 1569 klingt
1257 1509 1319 1569 das
1345 1509 1488 1569 Anatol¬

591 1553 691 1613 motiv
721 1553 857 1613 wieder.
881 1556 993 1616 Dessen
1024 1558 1272 1618 Uraufführung
1308 1556 1420 1616 (1895)
1439 1558 1473 1618 am

591 1604 816 1664 Burgtheater
840 1606 908 1666 war
926 1605 1122 1665 Schnitzlers
1146 1607 1238 1667 erster
1262 1606 1377 1666 großer
1401 1606 1492 1666 Büh¬

594 1652 779 1712 nenerfolg.
816 1653 863 1713 In
906 1654 996 1714 Wien
1038 1655 1128 1715 spielt
1159 1655 1230 1715 auch
1267 1655 1326 1715 das
1363 1655 1483 1715 nächste

598 1697 710 1757 Stück:
730 1700 929 1760 „Freiwild"
961 1701 1087 1761 (1896).
1113 1703 1156 1763 In
1188 1702 1262 1762 diese
1288 1702 1393 1762 Jahre
1413 1702 1487 1762 fällt

593 1744 634 1804 die
659 1749 863 1809 Entstehung
889 1747 942 1807 des
973 1750 1159 1810 „Reigen",
1178 1750 1245 1810 zehn
1276 1751 1395 1811 Szenen
1432 1750 1492 1810 mit

591 1792 647 1852 dem
693 1798 828 1858 gleichen
864 1798 1028 1858 erotischen
1068 1798 1312 1858 Grundmotiv,
1335 1798 1381 1858 die
1415 1798 1488 1858 aber

592 1843 651 1903 erst
682 1844 748 1904 viel
773 1846 881 1906 später
912 1846 1063 1906 gedruckt
1094 1846 1148 1906 und
1185 1845 1263 1905 1920
1300 1849 1493 1909 aufgeführt

594 1892 749 1952 wurden.
777 1894 971 1954 Schnitzlers
1006 1894 1117 1954 Werke
1145 1897 1250 1957 reihen
1284 1894 1334 1954 sich
1362 1897 1423 1957 nun
1462 1895 1484 1955 in

594 1941 712 2001 rascher
741 1941 859 2001 Folge.
888 1941 934 2001 Es
963 1941 1160 2001 erschienen:
1189 1943 1268 2003 „Das
1303 1943 1494 2003 Vermächt¬

596 1990 665 2050 nis"
700 1989 832 2049 (1897),
850 1989 896 2049 die
925 1989 1000 2049 drei
1029 1989 1208 2049 Einakter:
1232 1992 1474 2052 „Paracelsus“

597 2040 671 2100 „Die
701 2038 921 2098 Gefährtin",
945 2041 1025 2101 „Der
1055 2040 1159 2100 grüne
1183 2040 1339 2100 Kakadu"
1375 2039 1495 2099 (1898).

596 2086 646 2146 sein
692 2085 844 2145 Drama:
907 2090 996 2150 „Der
1036 2088 1183 2148 Schleier
1217 2088 1273 2148 der
1308 2088 1459 2148 Beatrice

600 2136 720 2196 (1899),
744 2136 830 2196 dann
871 2136 923 2196 der
958 2138 1252 2198 Einaktercyklus:
1282 2138 1483 2198 „Lebendige

600 2183 788 2243 Stunden",
810 2185 943 2245 woraus
977 2183 1149 2243 besonders
1183 2183 1393 2243 „Literatur"
1422 2185 1493 2245 her¬

586 2231 727 2291 vorragt
751 2231 875 2291 (1901),
893 2234 943 2294 das
972 2234 1091 2294 Drama
1120 2234 1205 2294 „Der
1229 2234 1364 2294 einsame
1388 2234 1461 2294 Weg

602 2280 721 2340 (1903),
752 2282 799 2342 die
837 2282 999 2342 Komödie
1036 2282 1319 2342 „Zwischenspiel"
1362 2283 1494 2343 (1904);

599 2329 698 2389 ferner
732 2330 759 2390 im
803 2330 936 2390 gleichen
975 2330 1080 2390 Jahre
1108 2330 1179 2390 eine
1208 2330 1285 2390 neue
1319 2332 1489 2392 Einakter¬

595 2377 698 2437 reihe:
718 2377 1013 2437 „Marionetten",
1039 2377 1118 2437 „Der
1144 2379 1241 2439 junge
1267 2378 1494 2438 Medardus",

592 2425 689 2485 dessen
727 2425 900 2485 Titelrolle
938 2428 1029 2488 Josef
1061 2428 1165 2488 Kainz
1204 2428 1388 2488 zugedacht,
1420 2428 1474 2488 dem

595 2473 742 2533 Künstler
772 2473 854 2533 nicht
884 2474 973 2534 mehr
1003 2477 1032 2537 zu
1068 2476 1180 2536 spielen
1217 2476 1381 2536 vergönnt
1405 2476 1493 2536 war,

590 2518 625 2578 ist
655 2523 702 2583 ein
738 2522 862 2582 Drama
898 2524 956 2584 aus
987 2524 1045 2584 den
1081 2524 1187 2584 Tagen
1223 2524 1276 2584 der
1312 2524 1483 2584 Besetzung

598 2570 705 2630 Wiens
743 2570 838 2630 durch
876 2571 1050 2631 Napolcon
1093 2571 1123 2631 I.
1154 2571 1335 2631 (erschienen
1384 2573 1498 2633 1909).

597 2619 703 2679 Diesem
742 2619 854 2679 Werke
880 2622 974 2682 folgte
1000 2619 1088 2679 „Das
1120 2619 1208 2679 weite
1234 2619 1339 2679 Land"
1372 2620 1491 2680 (1910),

597 2666 660 2726 eine
683 2667 937 2727 Tragikomödie
961 2667 1012 2727 des
1036 2667 1168 2727 Alterns
1198 2669 1249 2729 und
1279 2667 1359 2727 1912
1382 2667 1491 2727 „Pro¬

595 2714 682 2774 fessor
708 2715 933 2775 Bernhardi",
959 2715 996 2775 ein
1022 2715 1215 2775 Schauspiel
1229 2715 1284 2775 aus
1317 2716 1372 2776 dem
1404 2717 1491 2777 ärzi¬

591 2762 679 2822 lichen
721 2762 844 2822 Beruf.
874 2763 916 2823 Im
963 2764 1069 2824 Jahre
1099 2762 1175 2822 1915
1212 2762 1382 2822 erschienen
1418 2762 1488 2822 drei

590 2810 740 2870 Einakter
793 2810 885 2870 unter
932 2810 990 2870 dem
1054 2811 1164 2871 Titel:
1205 2813 1384 2873 „Komödie
1431 2813 1482 2873 der

592 2858 745 2918 Worte",
771 2858 850 2918 1917
887 2861 992 2921 „Fink
1023 2860 1084 2920 und
1122 2858 1386 2918 Fliederbusch",
1406 2858 1485 2918 1919

597 2907 669 2967 „Die
699 2906 898 2966 Schwestern
927 2908 1000 2968 oder
1029 2909 1199 2969 Casanova
1223 2909 1250 2969 in
1279 2909 1398 2969 Spa“,
1410 2909 1489 2969 1924

597 2953 775 3013 „Komödie
799 2953 850 3013 der
880 2956 1116 3016 Verführung"
1146 2955 1209 3015 und
1232 2953 1312 3013 1925
1342 2956 1387 3016 die
1411 2955 1491 3015 dra¬

594 3002 735 3062 matische
765 3001 948 3061 Dichtung:
979 3004 1061 3064 „Der
1091 3004 1185 3064 Gang
1221 3004 1274 3064 zum
1322 3003 1492 3063 Weiher".

657 3049 845 3109 Schnitzlers
887 3050 1057 3110 Eigenart
1100 3052 1158 3112 und
1206 3049 1323 3109 großes
1365 3052 1488 3112 Talent

592 3099 757 3159 offenbart
783 3100 831 3160 sich
863 3100 942 3160 nicht
968 3100 1108 3160 weniger
1141 3100 1158 3160 in
1196 3100 1287 3160 seinen
1326 3100 1491 3160 erzählen¬

594 3145 641 3205 den
671 3147 830 3207 Werken.
861 3145 937 3205 1892
967 3147 1098 3207 erschien
1128 3147 1334 3207 „Sterben",
1353 3147 1411 3207 das
1436 3147 1488 3207 die

594 3194 688 3254 letzten
725 3195 812 3255 Tage
843 3195 931 3255 eines
961 3195 1269 3255 Schwindsüchtigen
1305 3195 1370 3255 mit
1389 3195 1494 3255 schar¬

594 3243 633 3303 fem
685 3243 878 3303 Realismus
912 3243 1071 3303 schildert,
1094 3243 1168 3303 1894
1202 3243 1281 3303 „Die
1310 3244 1491 3304 Blumen“,

591 3290 665 3350 1895
718 3291 798 3351 „Ein
835 3292 1030 3352 Abschied",
1067 3291 1141 3351 1896
1182 3292 1257 3352 „Die
1293 3291 1384 3351 Frau
1431 3291 1483 3351 des

591 3338 758 3398 Weisen",
776 3338 851 3398 1897
875 3338 961 3398 „Der
985 3338 1175 3398 Ehrentag"
1200 3341 1257 3401 und
1287 3341 1362 3401 „Die
1385 3341 1483 3401 Toten

594 3386 803 3446 schweigen",
827 3386 900 3446 1900
935 3389 1110 3449 „Andreas
1139 3386 1382 3446 Thalmayer",
1406 3389 1490 3449 „Der

593 3434 691 3494 blinde
718 3434 941 3494 Geronimo,
962 3437 1019 3497 wie
1045 3437 1112 3497 auch
1139 3434 1190 3494 die
1212 3434 1347 3494 Novelle
1373 3437 1487 3497 „Leut¬

591 3482 668 3542 nant
693 3481 830 3541 Gustl";
849 3481 962 3541 ferner
986 3483 1016 3543 im
1058 3485 1189 3545 gleichen
1226 3485 1351 3545 Jahre:
1376 3485 1482 3545 „Frar

596 3529 689 3589 Berta
729 3531 906 3591 Garlan",
935 3532 1018 3592 dann
1063 3532 1141 3592 „Die
1180 3532 1358 3592 griechische
1397 3532 1486 3592 Tän¬

611 3580 697 3640 erin"
732 3578 858 3638 (1902),
876 3580 1113 3640 „Weissagung
1148 3580 1269 3640 (1904),
1293 3581 1379 3641 „Das
1402 3582 1483 3642 neue

600 3625 681 3685 Lied"
728 3628 857 3688 (1905),
892 3630 979 3690 „Der
1021 3628 1091 3688 Tod
1132 3626 1184 3686 des
1225 3628 1459 3688 Junggesellen

609 3676 721 3736 1907),
739 3676 823 3736 „Der
846 3676 913 3736 tote
937 3673 1094 3733 Gabriel“
1123 3676 1247 3736 (1908),
1264 3679 1354 3739 „Das
1377 3679 1467 3739 Tage

600 3721 665 3781 ouch
699 3723 754 3783 der
788 3723 1009 3783 Redegonda“
1054 3721 1181 3781 (1909),
1204 3724 1286 3784 „Der
1326 3726 1464 3786 Mörder

611 3771 723 3831 1910),
753 3771 945 3831 „Dreifache
985 3771 1183 3831 Warnung“
1229 3774 1285 3834 und
1337 3775 1466 3835 „Hirten

605 3818 683 3878 löte"
724 3822 848 3882 (1911),
871 3821 888 3881 „
905 3819 995 3879 Frau
1030 3819 1137 3879 Beate
1177 3822 1239 3882 und
1279 3819 1335 3879 ihr
1364 3823 1454 3883 Sohn

605 3867 720 3927 1913),
756 3869 899 3929 „Doktor
935 3867 1096 3927 Gräsler,
1132 3867 1316 3927 Badearzt“
1363 3868 1478 3928 (1917)

605 3917 808 3977 „Casanovas
854 3916 1069 3976 Heimfahrt"
1121 3917 1246 3977 (1918).
1292 3918 1466 3978 Schnitzler

589 3965 711 4025 neueste
758 3965 956 4025 erzählende
991 3964 1107 4024 Werke
1137 3964 1224 4024 sind:
1265 3967 1364 4027 „Frl.
1393 3965 1463 4025 Else

600 4013 724 4073 (1924),
742 4010 809 4070 eine
838 4013 861 4073 in
890 4013 980 4073 ihrer
1003 4013 1201 4073 schwierigen
1230 4014 1315 4074 Form
1355 4014 1474 4074 gerade

596 4066 619 4126 zu
656 4061 875 4121 meisterhafte
906 4061 1060 4121 Novelle,
1085 4064 1161 4124 „Die
1192 4061 1275 4121 Frau
1311 4064 1364 4124 des
1395 4064 1471 4124 Rich

594 4109 678 4169 ters"
712 4112 820 4172 (1925)
849 4112 905 4172 und
940 4112 1234 4172 „Traumnovelle"
1269 4113 1393 4173 (1926).
1416 4113 1472 4173 All
