3392 4352
211 272 331 332 12.

1504 273 1632 333 box
1706 274 1900 334 42/8

400 275 979 335 Schnitzler's
1041 273 1274 333 Death

207 759 321 819 sorenen
361 763 577 823 Katholizität
603 769 845 829 Erzählungen,
878 777 1126 837 Theaterstücken
1165 782 1203 842 um
1254 785 1394 845 erotische
1433 787 1618 847 Probleme,

1655 792 1695 852 In
1737 792 1788 852 der
1825 798 1965 858 Sphäre
1996 804 2058 864 von
2100 807 2208 867 Traum
2266 812 2322 872 und
2364 819 2570 879 Wirklichkeit
2602 825 2653 885 ge¬

204 801 268 861 dem
319 806 570 866 relativistischen
611 809 646 869 um
692 813 736 873 die
762 816 988 876 Bezauberung
1019 821 1069 881 des
1100 826 1351 886 Rückenmarkes.
1371 831 1462 891 Allen
1492 831 1612 891 Werken

204 846 278 906 seren
315 849 439 909 Tribut
471 852 570 912 zahler

1640 835 1747 895 langen
1786 837 1834 897 ihm
1883 848 2096 908 sensationelle
2131 855 2364 915 dramatisierte
2398 862 2572 922 Novellen,
2602 867 2655 927 wie

602 855 783 915 Schnitzlers
815 859 919 919 hängt
945 864 1044 924 etwas
1081 870 1268 930 Morbides,
1294 873 1440 933 Giftiges
1471 873 1528 933 an,
1555 876 1611 936 das

1649 877 1716 937 etwa
1763 888 2016 948 „Paracelsus",
2048 897 2285 957 „Gefährtin",
2317 903 2404 963 „Der
2441 906 2544 966 grüne
2581 911 2647 971 Ka¬

603 897 687 957 nicht
719 900 850 960 dadurch
893 905 987 965 besser
1025 909 1120 969 wird,
1152 913 1209 973 daß
1252 917 1283 977 es
1321 920 1499 980 genußreich
1542 918 1599 978 dar

202 930 261 990 ben
306 934 333 994 in
372 936 470 996 seinem
526 939 557 999 70

1643 921 1759 981 kadu".
1791 927 1850 987 Die
1888 934 2009 994 Tragik
2042 939 2131 999 dieses
2175 943 2424 1003 Relativismus,
2457 949 2552 1009 dieses
2584 952 2653 1012 sitt¬

604 941 732 1001 geboten
774 945 872 1005 wird.
909 943 949 1003 Er
1002 951 1073 1011 will
1115 956 1197 1016 nicht
1245 959 1358 1019 gesund
1400 962 1482 1022 sein,
1513 962 1611 1022 dieser

241 977 266 1037 in
308 979 365 1039 der
403 983 553 1043 Totalitä

1642 963 1727 1023 lichen
1773 968 1828 1028 und
1869 979 2085 1039 künstlerischen
2126 986 2378 1046 „Ignoramus"
2419 992 2529 1052 drückte
2565 997 2640 1057 dann

601 986 809 1046 Wienerarzt,
841 989 871 1049 er
908 992 976 1052 will
1007 996 1069 1056 mit
1101 998 1179 1058 allen
1226 1004 1611 1064 Krankheitserscheinun¬

195 1021 313 1081 erkes
351 1025 448 1085 diesem
496 1028 555 1088 rela

1641 1009 1760 1069 einigen
1799 1017 2009 1077 bedeutenden
2048 1028 2172 1088 Werken
2216 1028 2263 1088 des
2302 1033 2440 1093 Dichters
2479 1037 2551 1097 auch
2590 1043 2642 1103 den

603 1033 652 1093 gen
688 1031 819 1091 spielen.
850 1033 914 1093 „Es
946 1037 1016 1097 gibt
1047 1040 1071 1100 so
1108 1042 1187 1102 viele
1218 1046 1424 1106 Krankheiten
1466 1049 1521 1109 und
1556 1049 1611 1109 nur

1638 1052 1785 1112 Stempel
1816 1060 1886 1120 auf,
1912 1064 1968 1124 wie
1999 1068 2075 1128 etwa
2106 1070 2201 1130 seinem
2248 1077 2441 1137 Schauspiel
2467 1082 2553 1142 „Der
2584 1083 2649 1143 ein¬

199 1063 341 1123 rfallen.
378 1067 420 1127 Er
473 1071 552 1131 nahm
600 1073 668 1133 cine
700 1076 911 1136 Gesundheit.
938 1081 1022 1141 Man
1059 1086 1122 1146 muß
1159 1086 1270 1146 immer
1302 1093 1396 1153 genau
1434 1093 1459 1153 so
1492 1094 1602 1154 gesund

220 1107 320 1167 Kunst
355 1111 450 1171 nicht.
479 1115 574 1175 „Wir

1649 1093 1719 1153 same
1760 1100 1880 1160 Weg".
1922 1108 1992 1168 Aus
2033 1112 2144 1172 Schein
2201 1115 2255 1175 und
2302 1119 2402 1179 Spiel
2444 1123 2559 1183 heraus
2605 1127 2650 1187 er¬

602 1115 654 1175 sein
693 1118 750 1178 wie
779 1118 831 1178 die
861 1121 980 1181 andern
1019 1124 1029 1184 —
1087 1130 1158 1190 man
1197 1133 1269 1193 kann
1307 1135 1379 1195 aber
1413 1138 1504 1198 ganz,
1533 1138 1590 1198 gan

202 1150 318 1210 klug",

1643 1140 1743 1200 kannte
1784 1147 1950 1207 Schnitzler
1991 1152 2041 1212 die
2077 1156 2208 1216 Trauer
2260 1160 2340 1220 einer
2381 1164 2527 1224 sinnlosen
2573 1170 2643 1230 Zu¬

350 1156 418 1216 sagt
450 1156 565 1216 einmal
597 1159 718 1219 anders
751 1161 839 1221 krank
866 1163 924 1223 sein
961 1167 1014 1227 wie
1046 1171 1129 1231 jeder
1162 1174 1314 1234 andere",
1341 1178 1425 1238 heißt
1452 1180 1483 1240 es
1515 1181 1604 1241 gleich
1636 1189 2010 1249 sammenhanglosigkeit
2037 1197 2089 1257 des
2121 1201 2242 1261 Lebens
2274 1205 2332 1265 und
2364 1209 2463 1269 fühlte
2495 1212 2563 1272 auch
2595 1214 2642 1274 die

188 1196 361 1256 erfiguren

414 1200 558 1260 Paracel

595 1204 620 1264 in
667 1204 718 1264 der
760 1206 848 1266 ersten
895 1213 1190 1273 Veröffentlichung
1237 1220 1444 1280 Schnitzlers,
1476 1222 1506 1282 in
1548 1222 1599 1282 der

254 1240 310 1300 nur
345 1241 389 1301 ein
424 1245 559 1305 Spieler

1636 1229 1836 1289 Einsamkeit,
1863 1237 1889 1297 in
1927 1238 2011 1298 deren
2048 1245 2318 1305 Gefangenschaft
2350 1249 2376 1309 er
2408 1251 2476 1311 sich,
2508 1255 2560 1315 der
2587 1258 2640 1318 be¬

598 1246 638 1306 für
670 1248 726 1308 das
758 1249 860 1309 Wesen
897 1251 953 1311 und
990 1257 1139 1317 Schaffen
1171 1261 1222 1321 des
1253 1265 1398 1325 Dichters
1429 1266 1594 1326 ungemein
1630 1271 1790 1331 wunderte
1826 1281 2059 1341 Gesellschafts=
2090 1287 2152 1347 und
2188 1293 2415 1353 Salonmensch
2451 1299 2513 1359 mit
2544 1304 2637 1364 seiner

238 1283 381 1343 Spieler
412 1285 473 1345 mit
504 1289 555 1349 den

594 1294 824 1354 bezeichnenden
880 1300 1132 1360 dramatisierten
1187 1308 1378 1368 Gesprächen
1424 1309 1589 1369 „Anatol“

1631 1318 1937 1378 Lebensauffassung
1982 1330 2115 1390 begeben
2161 1333 2265 1393 mußte

198 1324 305 1384 tlichen
354 1331 564 1391 Problemen.
595 1335 648 1395 die
685 1336 763 1396 schon
806 1338 865 1398 den
908 1342 1022 1402 ganzen
1065 1347 1239 1407 Schnitzler
1275 1351 1456 1411 enthalten.
1493 1353 1600 1413 Dieses

228 1371 430 1431 unerhörter
473 1376 568 1436 Fein¬

1715 1363 1880 1423 Schnitzler
1909 1368 1993 1428 hätte
2022 1372 2067 1432 die
2096 1377 2261 1437 Fähigkeit
2290 1380 2420 1440 gehabt,
2443 1386 2534 1446 seiner
2563 1389 2636 1449 Zeit

590 1376 714 1436 Spielen
747 1380 803 1440 mit
830 1380 882 1440 der
909 1385 1096 1445 Krankheit,
1123 1389 1170 1449 der
1196 1395 1420 1455 körperlichen,
1437 1398 1588 1458 seelischen

193 1410 235 1470 t!
262 1413 352 1473 Aber
379 1416 405 1476 es
438 1419 474 1479 ist
496 1422 544 1482 zum

1630 1401 1677 1461 die
1704 1408 1798 1468 große
1825 1412 2057 1472 Zeitkomödie,
2079 1416 2153 1476 oder
2180 1419 2227 1479 den
2259 1424 2369 1484 großen
2408 1429 2634 1489 Gesellschafts¬

601 1422 734 1482 sittlichen
766 1425 957 1485 Krankheit,
983 1431 1076 1491 dieses
1108 1435 1303 1495 Kokettieren
1335 1440 1397 1500 mit
1423 1440 1474 1500 der
1501 1440 1583 1500 Deka

1630 1445 1732 1505 roman
1774 1451 1800 1511 zu
1842 1454 1991 1514 schenken,
2023 1458 2094 1518 aber
2132 1461 2162 1521 er
2198 1463 2275 1523 nahm
2323 1467 2394 1527 sich,
2426 1473 2503 1533 seine
2535 1476 2632 1536 Kunst

187 1456 292 1516 pracht
319 1458 397 1518 einer
424 1463 560 1523 Sumpf=
587 1464 681 1524 denz,
713 1467 802 1527 dieses
840 1473 1019 1533 behagliche
1051 1477 1266 1537 Beschnüffeln
1304 1482 1424 1542 kranker
1462 1485 1598 1545 Körper¬

1630 1488 1682 1548 und
1720 1491 1798 1551 seine
1831 1499 1910 1559 Zeit
1937 1500 1962 1560 ja
2000 1503 2184 1563 überhaupt
2217 1507 2290 1567 nicht
2322 1512 2417 1572 ernst,
2444 1516 2470 1576 er
2502 1521 2633 1581 vergeu¬

238 1498 295 1558 das
337 1506 550 1566 Hauptmerk=
582 1505 638 1565 und
675 1512 940 1572 Seelenzustände
967 1517 1002 1577 ist
1029 1521 1284 1581 Schnitzlerisches
1315 1526 1445 1586 Wesen.
1466 1529 1601 1589 Schnitz¬

1627 1531 1692 1591 dete
1723 1536 1803 1596 seine
1839 1541 1956 1601 Kräfte
1986 1542 2016 1602 im
2062 1547 2178 1607 Genuß
2219 1551 2274 1611 und
2316 1555 2396 1615 nahm
2447 1557 2493 1617 die
2524 1562 2634 1622 Krone

211 1543 382 1603 Bisweilen
426 1548 550 1608 nehmen
588 1551 636 1611 ler
664 1553 728 1613 war
755 1555 830 1615 schon
869 1557 917 1617 der
945 1560 1073 1620 Dichter
1101 1564 1154 1624 der
1182 1567 1429 1627 Psychoanalyse
1457 1571 1483 1631 zu
1516 1571 1597 1631 einer
1630 1576 1721 1636 hoher
1759 1582 2002 1642 Künstlerschaft
2029 1590 2126 1650 nicht,
2153 1592 2201 1652 die
2234 1595 2260 1655 er
2294 1598 2374 1658 dank
2402 1602 2498 1662 seiner
2526 1607 2622 1667 hohen

187 1586 316 1646 immte
348 1590 478 1650 Gestalt
510 1595 540 1655 an

595 1599 675 1659 Zeit,
705 1598 756 1658 als
787 1601 882 1661 dieses
918 1604 1019 1664 Wort
1050 1607 1115 1667 noch
1151 1610 1333 1670 unbekannt
1364 1613 1444 1673 war.

189 1630 283 1690 sidete
319 1632 487 1692 Schweine
518 1637 543 1697 im

1621 1620 1795 1680 Begabung
1842 1628 1929 1688 hätte
1971 1630 2094 1690 nehmen
2141 1637 2275 1697 können.
2311 1643 2383 1703 Mit
2419 1649 2620 1709 vergeudeter

670 1643 759 1703 Weil
791 1643 959 1703 Schnitzler
992 1649 1091 1709 nichts
1129 1651 1207 1711 ernst
1240 1655 1355 1715 nahm,
1382 1658 1524 1718 flüchtete
1562 1658 1593 1718 er
1625 1661 1720 1721 Kraft
1757 1668 1825 1728 stieg
1868 1670 1904 1730 er
1936 1673 1989 1733 ins
2032 1678 2142 1738 Grab.
2174 1682 2252 1742 Sein
2295 1686 2527 1746 Skeptiziemus
2570 1695 2627 1755 hat

213 1676 260 1736 sich
297 1679 455 1739 vielleicht
492 1680 560 1740 noch

595 1679 635 1739 sich
667 1683 692 1743 in
729 1686 821 1746 seinen
853 1690 982 1750 Werken
1013 1694 1074 1754 vor
1101 1694 1152 1754 den
1189 1700 1426 1760 Wirklichkeiten
1462 1703 1513 1763 des
1540 1702 1596 1762 Le¬

191 1722 545 1782 gen"=Aufführunger

1627 1708 1673 1768 sein
1715 1709 1818 1769 Genie
1855 1715 2040 1775 gebrochen.
2072 1721 2164 1781 Nicht
2201 1724 2253 1784 als
2289 1730 2444 1790 leuchten.
2460 1733 2480 1793 r
2517 1738 2620 1798 Stern

579 1727 657 1787 bens
697 1728 726 1788 in
766 1730 810 1790 ein
855 1733 913 1793 nur
948 1739 1110 1799 gespieltes
1150 1739 1248 1799 Leben
1288 1743 1390 1803 hinein
1431 1744 1489 1804 und
1529 1745 1592 1805 ver¬

1622 1755 1681 1815 ging
1722 1753 1752 1813 er
1788 1756 1883 1816 unter
1920 1760 1974 1820 wie
2010 1768 2283 1828 Hofmannsthal,
2314 1774 2439 1834 sondern
2480 1780 2621 1840 erlöschte

579 1769 683 1829 weilte
709 1773 814 1833 immer
839 1777 1004 1837 besonders
1025 1780 1094 1840 geen
1125 1781 1160 1841 an
1185 1783 1235 1843 den
1265 1789 1581 1849 Kreuzungspunkten
1622 1793 1672 1853 wie
1712 1796 1752 1856 ein
1798 1801 1947 1861 Irrlicht.
1978 1807 2038 1867 Als
2078 1813 2248 1873 Exponent
2284 1815 2338 1875 und
2384 1823 2614 1883 Repräsentant

184 1807 226 1867 ser
259 1807 313 1867 den
356 1811 539 1871 ausgepräg

576 1810 639 1870 von
676 1816 786 1876 Traum
834 1818 892 1878 und
930 1823 1151 1883 Wirklichkeit.
1178 1828 1267 1888 Weil
1294 1831 1325 1891 er
1357 1831 1404 1891 die
1436 1833 1526 1893 Liebe
1558 1835 1584 1895 in
1621 1839 1699 1899 eines
1737 1844 1953 1904 schwächlichen
2001 1851 2059 1911 und
2102 1856 2206 1916 sittlich
2249 1861 2397 1921 haltlosen
2445 1867 2618 1927 Relativis¬

185 1849 228 1909 us
262 1852 424 1912 genannt.
453 1855 541 1915 Alles

579 1858 666 1918 ihrer
703 1864 919 1924 existenziellen
961 1868 1073 1928 Größe
1110 1870 1171 1930 und
1208 1874 1352 1934 sittlichen
1399 1876 1584 1936 Bedeutung

1619 1879 1677 1939 mus
1709 1883 1773 1943 lebt
1800 1887 1826 1947 er
1858 1889 1884 1949 in
1917 1891 1969 1951 der
2002 1899 2171 1959 Geschichte
2199 1903 2251 1963 der
2278 1908 2427 1968 deutschen
2459 1915 2607 1975 Dichtung

182 1894 210 1954 zn
244 1896 345 1956 seinen
380 1900 554 1960 Novellen,
577 1905 661 1965 nicht
695 1908 819 1968 kannte,
854 1916 966 1976 gelang
1006 1917 1056 1977 ihm
1108 1917 1175 1977 auch
1215 1920 1276 1980 nur
1311 1924 1361 1984 die
1402 1927 1593 1987 „Liebelei“.
1622 1931 1734 1991 unserer
1768 1935 1841 1995 Zeit
1870 1937 1993 1997 weiter.

1186 2284 1476 2344 Correspondants
1502 2279 1577 2339 dans
1603 2276 1710 2336 toutes
1736 2277 1781 2337 les
1807 2276 1945 2336 grandes
1971 2273 2077 2333 villes.

1120 2406 1253 2466 Extrait
1282 2404 1320 2464 du
1354 2401 1526 2461 Journal:

1860 2440 1918 2500 o

1121 2506 1275 2566 Adresse
1300 2501 1310 2561 :

1613 2588 1676 2648 22
1718 2578 1986 2638 OCTOBRE
2027 2566 2115 2626 1931

1127 2604 1255 2664 Date:

1226 2931 1312 2991 Aus
1351 2926 1476 2986 Welt
1506 2923 1572 2983 und
1612 2918 1794 2978 Wissen.

1070 3000 1209 3060 Archur
1233 2993 1407 3053 Schnitzler
1432 2988 1465 3048 f.
1490 2986 1617 3046 Wien,
1630 2982 1687 3042 21.
1700 2979 1769 3039 Ott.
1794 2976 1862 3036 Der
1887 2972 1991 3032 öster¬

1029 3049 1189 3109 teichische
1239 3038 1462 3098 Dramälkter
1513 3029 1582 3089 und
1639 3026 1806 3086 Erzähler
1856 3016 1989 3076 Arthur

1031 3092 1212 3152 Schnitzler
1243 3085 1294 3145 ist
1315 3083 1384 3143 hier
1416 3081 1456 3141 im
1497 3075 1556 3135 70.
1579 3073 1780 3133 Altersjahr
1812 3065 1993 3125 gestorben.
