3392 4320
542 106 562 166 I.
578 111 700 171 österr.
712 115 862 175 behördl.
874 121 1174 181 konzessioniertes

491 148 725 208 Unternehmen
757 154 804 214 für
833 161 1221 221 Zeitungs-Ausschnitte

538 203 682 263 WIEN,
714 210 758 270 I.,
790 218 1079 278 WOLLZEILE
1131 222 1174 282 11

631 260 849 320 TELEPHON
885 267 1068 327 R-23-0-43

430 391 659 451 Ausschnitt
685 396 776 456 aus:

390 505 418 565 it
441 503 478 563 du
511 503 664 563 Journal
678 501 691 561 :

1904 551 2720 611 Sehentslest

794 633 854 693 81

1221 679 1290 739 ---

1355 676 1632 736 Tagblant"
1687 676 1776 736 zur
1822 681 2099 741 Beledrung
2154 685 2243 745 und
2298 686 2673 746 Unterbaltusz

413 801 487 861 31.
518 804 691 864 Oktober
724 806 822 866 1931

2516 819 2725 879 Nummer
2754 820 2805 880 44

926 819 1036 879 Druck
1069 821 1156 881 und.
1165 820 1339 880 Verlag:
1371 820 1601 880 Zepfel'sche
1634 823 1942 883 Buchdruckerei
1968 827 2101 887 A.G.,
2126 828 2332 888 Solothurn

1740 966 1838 1026 Frisch
1862 966 1995 1026 gestärkt
2013 970 2083 1030 ging
2106 969 2141 1029 ich
2164 972 2280 1032 wieder
2304 975 2356 1035 des
2374 975 2496 1035 Weges
2519 975 2583 1035 und
2607 975 2728 1035 konnie
2753 978 2822 1038 mich
2851 976 2908 1036 fast

1680 1013 1762 1073 nicht
1785 1016 1845 1076 satt
1868 1016 1956 1076 sehen
1990 1017 2022 1077 an
2056 1019 2111 1079 der
2133 1022 2249 1082 bunten
2289 1024 2421 1084 Pracht.
2444 1025 2647 1085 Goldiggelb
2676 1026 2814 1086 sonnten
2848 1028 2897 1088 sich

389 1031 531 1091 Ein
620 1038 1336 1098 Herbstsonntag

1670 1064 1721 1124 die
1742 1064 1891 1124 schlanken
1922 1063 2030 1123 Birken
2056 1066 2112 1126 und
2134 1067 2226 1127 wenn
2252 1067 2293 1127 ein
2319 1066 2514 1126 Windhauch
2535 1067 2560 1127 in
2592 1067 2638 1127 die
2664 1068 2792 1128 Blätter
2813 1071 2906 1131 fuhr,

1676 1117 1700 1177 so
1721 1111 1810 1171 klang
1831 1109 1861 1169 es
1886 1109 1941 1169 wie
1967 1109 2032 1169 eine
2053 1112 2132 1172 feine
2158 1115 2273 1175 Musik.
2289 1115 2329 1175 An
2359 1118 2655 1178 Farbenübermut
2676 1118 2726 1178 tat
2741 1118 2771 1178 es
2796 1120 2891 1180 jedoch

814 1151 868 1211 im
1000 1151 1599 1211 Lölschental.

1675 1160 1828 1220 niemand
1855 1160 1911 1220 den
1947 1160 2054 1220 wilden
2091 1162 2188 1222 Rosen
2220 1163 2255 1223 am
2297 1165 2394 1225 Wege
2421 1168 2533 1228 gleich,
2554 1168 2605 1228 die
2631 1169 2692 1229 zur
2719 1169 2810 1229 Feier
2837 1169 2893 1229 des

1676 1207 1783 1267 Tages
1805 1210 1863 1270 ihre
1885 1207 2030 1267 hübschen
2058 1210 2138 1270 roten
2171 1213 2300 1273 Früchte
2317 1213 2375 1273 wie
2397 1215 2693 1275 Freudenlichtlein
2720 1217 2886 1277 erstrahlen

449 1234 494 1294 Es
523 1235 590 1295 gibt
619 1235 816 1295 Momente,
839 1236 889 1296 wo
924 1236 1014 1296 einem
1060 1237 1115 1297 das
1144 1237 1280 1297 tägliche
1308 1237 1455 1297 Einerlei
1478 1240 1540 1300 fast
1568 1238 1618 1298 er¬

1671 1258 1794 1318 ließen.
1816 1258 1907 1318 Trotz
1929 1258 1983 1318 der
2005 1260 2156 1320 silbernen
2194 1261 2442 1321 Marienfäden,
2464 1264 2512 1324 die
2540 1264 2631 1324 durch
2664 1266 2712 1326 die
2739 1266 2820 1326 Luft
2842 1264 2900 1324 zit¬

380 1288 487 1348 drückt
504 1288 563 1348 und
590 1288 661 1348 man
688 1287 736 1347 sich
764 1285 969 1345 vorkommt,
986 1285 1039 1345 wie
1067 1286 1110 1346 ein
1138 1288 1299 1348 Zähnchen
1332 1289 1353 1349 im
1393 1291 1511 1351 großen
1544 1291 1608 1351 Rad

1669 1306 1766 1366 terten
1799 1307 1858 1367 und
1885 1306 1961 1366 trotz
1977 1309 2031 1369 der
2053 1309 2334 1369 Herbstzeitlosen,
2351 1312 2394 1372 die
2421 1313 2469 1373 als
2492 1315 2718 1375 untrügliches
2746 1315 2902 1375 Zeichen,

379 1336 437 1396 der
465 1336 855 1396 Wirtschaftsmaschine.
877 1338 926 1398 In
959 1335 1077 1395 solchen
1116 1336 1267 1396 Stunden
1306 1338 1386 1398 wird
1419 1339 1468 1399 die
1501 1339 1614 1399 Sehn¬

1671 1357 1724 1417 daß
1752 1355 1800 1415 des
1827 1356 2005 1416 Sommers
2027 1358 2205 1418 Herrschaft
2222 1359 2280 1419 nun
2309 1360 2432 1420 wirklich
2460 1362 2486 1422 zu
2514 1361 2605 1421 Ende
2628 1363 2686 1423 sei,
2698 1363 2767 1423 ihre
2784 1363 2892 1423 zarten

379 1387 467 1447 sucht
497 1386 568 1446 nach
598 1387 763 1447 Freiheit,
787 1384 875 1444 Licht
905 1385 970 1445 und
1000 1386 1124 1446 Sonne
1154 1387 1183 1447 so
1213 1389 1307 1449 groß,
1331 1389 1390 1449 daß
1420 1391 1461 1451 sie
1491 1390 1608 1450 endlich

1671 1404 1786 1464 Blüten
1825 1403 1880 1463 den
1915 1404 2074 1464 Bienchen
2114 1407 2174 1467 und
2208 1407 2379 1467 Käferchen
2414 1410 2534 1470 gastlich
2568 1410 2745 1470 öffneten,
2774 1413 2895 1473 konnte

379 1439 436 1499 zur
466 1436 673 1496 befreienden
708 1434 771 1494 Tat
801 1434 898 1494 wird.

1667 1452 1711 1512 ein
1744 1454 2015 1514 wehmutsvolles
2043 1455 2187 1515 Gefühl,
2210 1456 2264 1516 wie
2287 1458 2320 1518 es
2348 1458 2436 1518 einem
2481 1461 2653 1521 Herbsttag
2681 1461 2769 1521 sonst
2791 1461 2879 1521 eigen

1671 1505 1720 1565 ist,
1742 1503 1830 1563 nicht
1858 1504 2091 1564 aufkommen.
2119 1506 2229 1566 Alles,
2257 1506 2323 1566 was
2357 1507 2428 1567 noch
2467 1508 2572 1568 Leben
2612 1509 2644 1569 in
2683 1511 2739 1571 sich
2772 1509 2899 1569 fühlte¬

443 1512 607 1572 Diesmal
624 1512 691 1572 war
720 1512 771 1572 das
800 1514 1031 1574 Lötschenthal
1049 1512 1110 1572 das
1134 1512 1206 1572 Ziel
1230 1514 1353 1574 meiner
1377 1518 1613 1578 Wanderung.

1669 1552 1755 1612 hatte
1788 1553 1835 1613 sich
1863 1554 1895 1614 zu
1928 1554 2014 1614 einem
2063 1557 2284 1617 übermütigen
2317 1557 2386 1617 Tun
2419 1557 2478 1617 und
2511 1557 2656 1617 Treiben
2689 1560 2899 1620 zusammen,

375 1563 482 1623 Gleich
515 1563 580 1623 nach
613 1563 743 1623 meinem
787 1562 927 1622 Eintritt
954 1563 975 1623 in
1009 1563 1068 1623 das
1096 1563 1187 1623 stille,
1209 1563 1383 1623 weltferne
1410 1566 1475 1626 Tal
1497 1569 1605 1629 sandte

1670 1602 1854 1662 gefunden;
1871 1603 1941 1663 laut
1958 1603 2153 1663 schmetterte
2181 1605 2218 1665 ein
2251 1605 2354 1665 Vogel
2371 1606 2424 1666 sein
2452 1607 2528 1667 Lied
2550 1607 2609 1667 von
2637 1607 2690 1667 des
2713 1607 2897 1667 Sommers

379 1613 439 1673 mir
467 1613 516 1673 d'e
539 1612 732 1672 rauschende
761 1610 871 1670 Lonza
899 1613 943 1673 ein
977 1610 1148 1670 herzliches
1170 1613 1397 1673 Willkommen
1431 1616 1612 1676 entgegen.

1665 1649 1812 1709 Freuden
1835 1649 1857 1709 in
1886 1651 1936 1711 die
1960 1652 2050 1712 Luft,
2068 1652 2243 1712 unablässig
2266 1655 2380 1715 zirpten
2409 1655 2453 1715 die
2477 1655 2601 1715 Grillen
2630 1655 2703 1715 ihre
2727 1658 2890 1718 eintönige

379 1661 489 1721 Rüstig
517 1661 621 1721 schritt
638 1661 676 1721 ich
705 1661 787 1721 aus,
805 1661 865 1721 und
893 1661 975 1721 schon
1009 1661 1080 1721 bald
1108 1661 1235 1721 wurden
1269 1661 1312 1721 die
1340 1664 1483 1724 braunen
1511 1666 1610 1726 Holz¬

1668 1698 1835 1758 Melodie,
1853 1700 1950 1760 emsig
1980 1700 2084 1760 regten
2119 1702 2165 1762 sich
2200 1703 2246 1763 die
2270 1705 2436 1765 Ameisen,
2460 1706 2547 1766 nicht
2571 1706 2726 1766 ahnend,
2750 1709 2807 1769 daß
2837 1707 2894 1767 das

375 1712 534 1772 häuschen
574 1709 628 1769 von
673 1709 795 1769 Ferden
834 1709 988 1769 sichtbar.
1017 1712 1182 1772 Ueberall
1211 1712 1277 1772 traf
1305 1712 1376 1772 man
1415 1713 1465 1773 sich
1510 1715 1603 1775 emsig

1665 1746 1753 1806 Ende
1781 1749 1802 1809 so
1831 1750 1908 1810 nah.
1931 1749 1969 1809 Es
1997 1751 2063 1811 war
2085 1752 2151 1812 eine
2180 1752 2395 1812 Symphonie
2418 1754 2473 1814 von
2507 1757 2633 1817 Farben
2673 1757 2733 1817 und
2761 1756 2893 1816 Tönen,

374 1761 516 1821 regende
543 1760 737 1820 Menschen,
764 1758 811 1818 die
843 1760 932 1820 einem
980 1760 1022 1820 ein
1059 1760 1275 1820 freundliches
1307 1763 1454 1823 „Gueten
1491 1765 1601 1825 Aben“

1666 1797 1723 1857 daß
1758 1798 1867 1858 Worte
1902 1799 1982 1859 nicht
2012 1799 2126 1859 reichen
2162 1801 2207 1861 all
2231 1801 2288 1861 das
2317 1802 2443 1862 Schöne
2478 1805 2628 1865 bildhaft
2657 1805 2685 1865 zu
2720 1805 2893 1865 schildern.

379 1811 494 1871 boten.
511 1811 560 1871 Da
594 1810 643 1870 zog
671 1810 726 1870 der
754 1808 920 1868 Hüterbub
954 1808 1014 1868 mit
1036 1808 1140 1868 seinen
1169 1810 1290 1870 Geißen
1324 1812 1516 1872 stallwärts,
1539 1812 1599 1872 und

1667 1844 1746 1904 Man
1774 1847 1847 1907 muß
1876 1847 1971 1907 selber
1994 1849 2113 1909 hinaus
2136 1849 2197 1909 und
2226 1849 2270 1909 sich
2299 1851 2360 1911 satt
2378 1852 2496 1912 trinken
2525 1852 2558 1912 an
2593 1852 2649 1912 der
2672 1854 2896 1914 Herrlichkeit.

371 1858 419 1918 die
446 1860 716 1920 heimkehrenden
749 1857 840 1917 Kühe
868 1858 1008 1918 läuteten
1046 1858 1105 1918 mit
1127 1860 1208 1920 ihren
1241 1860 1429 1920 heimeligen
1468 1864 1597 1924 Glocken

1667 1894 1752 1954 Alles
1780 1894 1892 1954 Wissen
1925 1897 1984 1957 und
2012 1898 2140 1958 Können
2173 1899 2345 1959 befriedigt
2367 1903 2464 1963 nicht,
2486 1903 2577 1963 wenn
2610 1903 2679 1963 man
2712 1903 2798 1963 nicht
2820 1900 2889 1960 ver¬

374 1909 428 1969 den
461 1909 574 1969 Abend
602 1907 671 1967 ein.
688 1906 764 1966 Von
791 1906 953 1966 Dötschen
986 1908 1013 1968 zu
1046 1909 1202 1969 Dörfchen
1235 1909 1403 1969 wanderte
1425 1911 1463 1971 ich
1490 1911 1598 1971 frohen

1671 1946 1759 2006 steht,
1772 1946 1794 2006 im
1831 1946 1960 2006 offenen
1984 1948 2089 2008 Buche
2108 1948 2154 2008 der
2179 1948 2278 2008 Natur
2297 1951 2326 2011 zu
2350 1951 2444 2011 lesen,
2462 1951 2515 2011 das
2539 1951 2562 2011 zu
2592 1954 2680 2014 jeder
2704 1954 2892 2014 Jahreszeit

374 1959 492 2019 Mutes
518 1957 646 2017 weiter,
662 1957 698 2017 an
724 1957 847 2017 meiner
873 1957 965 2017 Seite
992 1957 1038 2017 als
1059 1959 1274 2019 kurzweiliger
1296 1960 1460 2020 Kamerad
1481 1962 1604 2022 immer

1662 1996 1746 2056 neue
1775 1996 1922 2056 Wunder
1958 1998 2013 2058 und
2048 1999 2161 2059 Rätsel
2184 1999 2331 2059 aufgibt.

371 2005 420 2065 die
448 2008 636 2068 rauschende
669 2008 790 2068 Lonza.
813 2006 868 2066 Ein
896 2008 1055 2068 liebliches
1083 2007 1161 2067 Bild
1183 2008 1243 2068 bot
1260 2008 1331 2068 eine
1360 2010 1464 2070 Schar
1487 2013 1602 2073 junger

371 2056 553 2116 Mädchen,
570 2055 618 2115 die
640 2055 699 2115 mit
721 2055 925 2115 Rosenkranz
947 2055 1006 2115 und
1033 2055 1216 2115 Gebetbuch
1243 2058 1404 2118 andächtig
1432 2061 1593 2121 gesenkten

1727 2059 1781 2119 Ein
1819 2061 1904 2121 Blick
1929 2065 1990 2125 auf
2015 2064 2063 2124 die
2095 2064 2156 2124 Uhr
2212 2065 2291 2125 lehrt
2316 2068 2414 2128 mich,
2439 2069 2493 2129 daß
2532 2070 2574 2130 ich
2612 2070 2690 2130 mich
2722 2072 2752 2132 zu
2789 2070 2881 2130 lange

366 2107 521 2167 Hauptes
549 2106 604 2166 zum
649 2105 848 2165 Beichtgang
877 2106 1048 2166 schritten.
1065 2104 1120 2164 Ein
1154 2106 1253 2166 Stück
1276 2106 1353 2166 weit
1376 2106 1447 2166 ging
1476 2109 1514 2169 ich
1542 2111 1608 2171 mit

1662 2112 1752 2172 einem
1798 2112 1887 2172 süßen
1922 2115 2029 2175 „dolce
2052 2115 2102 2175 far
2125 2113 2254 2173 niente"
2284 2115 2475 2175 hingegeben
2510 2118 2616 2178 hatte.
2640 2120 2695 2180 Ich
2724 2118 2882 2178 empfand

371 2157 424 2217 dem
479 2155 678 2215 Postboten,
711 2153 765 2213 der
798 2154 857 2214 sein
895 2154 1132 2214 vollbepacktes
1166 2156 1333 2216 Maultier
1360 2157 1511 2217 säumte;
1544 2160 1603 2220 das

1662 2162 1691 2222 es
1721 2161 1785 2221 fast
1810 2163 2040 2223 schmerzhaft,
2064 2163 2146 2223 mein
2182 2164 2329 2224 sonniges
2365 2164 2524 2224 Plätzchen
2560 2166 2595 2226 an
2637 2166 2696 2226 der
2720 2169 2884 2229 behaglich

375 2207 545 2267 silberhelle
574 2203 728 2263 Glöcklein
751 2202 845 2262 tönte
868 2202 889 2262 so
918 2204 1216 2264 verheißungsvoll
1228 2204 1255 2264 in
1283 2207 1332 2267 den
1361 2205 1455 2265 stillen
1489 2207 1599 2267 Abend

1665 2209 1887 2269 murmelnden
1924 2210 2029 2270 Lonza
2056 2211 2087 2271 zu
2120 2214 2262 2274 verlassen
2294 2211 2357 2271 und
2384 2214 2436 2274 den
2474 2217 2648 2277 Heimweg
2675 2217 2891 2277 anzutreten.

372 2255 509 2315 hinaus,
539 2254 584 2314 als
614 2252 711 2312 berge
747 2252 798 2312 der
833 2252 977 2312 Postsack
1000 2252 1051 2312 für
1081 2252 1167 2312 jedes
1202 2254 1271 2314 eine
1306 2255 1386 2315 liebe
1415 2257 1605 2317 Nachricht.

1664 2258 1856 2318 Unterwegs
1879 2258 2008 2318 pflückte
2032 2259 2065 2319 ich
2094 2261 2161 2321 noch
2190 2262 2274 2322 einen
2303 2263 2524 2323 Herbststrauß
2553 2264 2608 2324 von
2637 2264 2761 2324 bunten
2790 2263 2891 2323 Blät¬

376 2303 519 2363 Langsam
560 2302 675 2362 senkten
705 2300 756 2360 sich
786 2302 831 2362 die
855 2303 964 2363 kühlen
993 2303 1246 2363 Abendschatten
1270 2303 1322 2363 ins
1345 2305 1431 2365 Thal
1455 2306 1518 2366 und
1542 2309 1599 2369 auf

1661 2306 1720 2366 tern
1753 2307 1812 2367 und
1834 2308 1920 2368 roten
1948 2308 2093 2368 Beeren,
2110 2310 2163 2370 der
2186 2311 2245 2371 mir
2261 2312 2309 2372 den
2343 2312 2493 2372 sonnigen
2521 2313 2585 2373 Tag
2613 2312 2639 2372 im
2678 2315 2888 2375 Lötschental

369 2354 426 2414 den
464 2352 737 2412 schneebedeckten
785 2350 922 2410 Gipfeln
965 2351 1090 2411 tanzten
1139 2354 1206 2414 noch
1249 2353 1296 2413 ein
1339 2354 1422 2414 paar
1460 2356 1596 2416 verirrte

1660 2358 1728 2418 stets
1755 2358 1813 2418 neu
1840 2357 1860 2417 in
1892 2360 2098 2420 Erinnerung
2125 2362 2214 2422 rufen
2247 2362 2347 2422 sollte.
2364 2363 2500 2423 Immer
2527 2363 2591 2423 und
2618 2363 2739 2423 immer
2766 2363 2886 2423 wieder

371 2405 682 2465 Sonnenstrahlen,
699 2402 750 2462 die
773 2402 863 2462 einen
892 2402 993 2462 hellen
1028 2402 1163 2462 Morgen
1198 2405 1446 2465 prophezeiten.

1664 2405 1768 2465 mußte
1796 2406 1834 2466 ich
1857 2409 2115 2469 zurückschauen,
2138 2411 2181 2471 bis
2210 2411 2253 2471 die
2281 2411 2396 2471 Sonne
2425 2411 2534 2471 hinter
2557 2414 2617 2474 den
2651 2414 2777 2474 Bergen
2810 2413 2887 2473 ver¬

1659 2455 1835 2515 schwunden
1860 2457 1930 2517 war
1948 2458 1977 2518 u.
1990 2458 2036 2518 die
2054 2458 2295 2518 Abendschatten
2326 2460 2378 2520 das
2396 2459 2466 2519 stille
2485 2461 2549 2521 Tal
2573 2463 2602 2523 in
2638 2463 2696 2523 den
2738 2461 2861 2521 Schlum

432 2479 550 2539 Etwas
580 2481 674 2541 müde
710 2479 768 2539 und
804 2479 945 2539 hungrig
976 2479 1087 2539 betrat
1111 2479 1152 2539 ich
1182 2481 1235 2541 die
1265 2484 1388 2544 einzige
1419 2485 1595 2545 Gaststätte

1658 2503 1726 2563 mer
1747 2506 1905 2566 wiegten.

365 2530 425 2590 des
453 2530 657 2590 Dörfchens.
697 2527 779 2587 Nach
829 2527 917 2587 einer
962 2530 1116 2590 kräftigen
1167 2530 1305 2590 Suppe,
1344 2533 1437 2593 einem
1499 2536 1603 2596 Stück

1720 2572 1791 2632 Auf
1810 2575 2032 2635 Wiedersehen
2062 2578 2110 2638 ihr
2129 2578 2345 2638 genügsamen
2376 2577 2586 2637 zufriedenen
2617 2579 2791 2639 Menschen
2822 2579 2881 2639 mit

370 2581 623 2641 Schwarzbrot,
655 2577 719 2637 und
756 2578 945 2638 obendrauf
978 2578 1052 2638 noch
1094 2579 1194 2639 etwas
1237 2580 1295 2640 aus
1332 2584 1390 2644 dem
1443 2584 1601 2644 Rucksack,

1658 2623 1712 2683 den
1741 2623 1938 2683 strahlenden
1972 2625 2110 2685 Augen;
2133 2626 2187 2686 auf
2210 2626 2430 2686 Wiedersehen
2463 2626 2513 2686 ihr
2536 2627 2656 2687 wilden
2690 2629 2794 2689 Rosen
2828 2629 2860 2689 am

368 2631 469 2691 suchte
492 2628 531 2688 ich
560 2628 666 2688 meine
695 2629 960 2689 Schlafkammer
983 2629 1061 2689 auf;
1085 2629 1152 2689 noch
1181 2629 1225 2689 ein
1254 2632 1355 2692 letzter
1384 2632 1468 2692 Blick
1485 2633 1513 2693 in
1542 2634 1592 2694 die

1657 2670 1778 2730 Wege!
1795 2670 1894 2730 Wenn
1923 2673 1966 2733 ihr
1989 2673 2061 2733 euer
2083 2673 2254 2733 duftendes
2277 2676 2520 2736 Sommerkleid
2543 2679 2670 2739 wieder
2692 2677 2875 2737 angezogen

369 2676 699 2736 Sternenfunkelnde
732 2676 834 2736 Nacht
861 2676 920 2736 und
958 2676 1018 2736 mit
1045 2676 1136 2736 einem
1180 2679 1358 2739 dankbaren
1397 2681 1526 2741 Gefühl
1548 2682 1580 2742 im

1655 2724 1751 2784 habt,
1775 2723 1876 2783 werde
1905 2723 1950 2783 ich
1979 2724 2274 2784 wiederkommen.

2727 2727 2792 2787 M.
2806 2727 2871 2787 Sch

363 2728 484 2788 Herzen
513 2727 612 2787 schloß
641 2725 681 2785 ich
717 2726 763 2786 die
792 2727 908 2787 Augen
943 2727 972 2787 zu
1007 2727 1100 2787 einem
1147 2730 1366 2790 erquickenden
1402 2732 1523 2792 Schlaf
1547 2730 1598 2790 bis

365 2780 393 2840 in
429 2778 486 2838 den
527 2778 637 2838 frühen
678 2775 839 2835 Morgen.

432 2852 494 2912 Die
530 2855 800 2915 Frühmeßglocke
829 2852 886 2912 des
922 2855 1019 2915 nahen
1060 2855 1238 2915 Kirchleins
1273 2855 1376 2915 weckte
1412 2859 1486 2919 mich
1521 2863 1595 2923 auf.

361 2906 434 2966 Mit
458 2906 542 2966 einem
588 2903 672 2963 Ruck
690 2903 774 2963 stand
803 2904 842 2964 ich
871 2903 926 2963 auf
950 2903 1006 2963 den
1041 2906 1193 2966 Beinen;
1211 2906 1289 2966 rasch
1313 2906 1340 2966 in
1375 2906 1419 2966 die
1448 2912 1595 2972 Kleider,

1746 2939 2089 2999 Arthur
2161 2942 2636 3002 Schnitzler

366 2956 409 3016 ein
449 2954 619 3014 herrlicher
647 2953 901 3013 Morgenkaffee
934 2954 994 3014 und
1034 2951 1115 3011 schon
1155 2954 1403 3014 verabschiedete
1436 2957 1474 3017 ich
1514 2963 1585 3023 mich

365 3003 417 3063 von
450 3005 571 3065 meinen
603 3002 814 3062 freundlichen
847 3002 1069 3062 Gastgebern,
1085 3002 1143 3062 und
1170 3005 1370 3065 marschierte
1392 3006 1412 3066 in
1440 3007 1497 3067 den
1524 3011 1598 3071 tau¬

370 3052 485 3112 frischen
524 3052 662 3112 Morgen
695 3051 838 3111 hinaus.
861 3052 921 3112 Die
949 3052 1049 3112 vielen
1088 3052 1281 3112 gurgelnden
1320 3053 1380 3113 und
1409 3056 1585 3116 singenden

1721 3053 1841 3113 Arthur
1871 3055 2042 3115 Schnitzler
2071 3054 2149 3114 starh
2178 3053 2213 3113 gm
2263 3055 2449 3115 Mittwoch,
2471 3058 2527 3118 21.
2557 3061 2728 3121 Oktober,
2750 3061 2870 3121 abends

364 3102 570 3162 Wässerlein,
597 3100 646 3160 die
679 3100 814 3160 überall
841 3100 895 3160 von
934 3100 993 3160 den
1026 3101 1133 3161 steilen
1167 3103 1291 3163 Halden
1329 3105 1594 3165 niederrannen,

1648 3109 1664 3169 6
1693 3106 1771 3166 Uhr,
1783 3106 1850 3166 nach
1879 3106 1963 3166 einem
2004 3104 2228 3164 Spaziergung
2252 3104 2274 3164 in
2303 3105 2398 3165 seiner
2422 3106 2528 3166 Stadt
2546 3107 2664 3167 Wien.
2682 3109 2720 3169 Am
2760 3109 2873 3169 Abend

360 3151 498 3211 hüpften
540 3150 607 3210 mit
639 3151 767 3211 meinem
824 3151 1076 3211 wanderfrohen
1124 3151 1242 3211 Herzen
1284 3153 1324 3213 um
1382 3153 1428 3213 die
1465 3156 1598 3216 Wette.

1653 3154 1765 3214 vorher
1793 3154 1863 3214 war
1886 3153 1917 3213 er
1945 3151 2014 3211 noch
2047 3153 2074 3213 im
2118 3154 2275 3214 Theater.
2297 3154 2367 3214 Wie
2389 3155 2415 3215 in
2448 3157 2540 3217 einer
2568 3157 2675 3217 feinen
2714 3159 2876 3219 Komödie

361 3202 417 3262 Ein
457 3200 762 3260 unbeschreibliches
796 3199 926 3259 Gefühl
955 3199 1079 3259 erfaßte
1113 3202 1186 3262 mich
1215 3202 1243 3262 in
1283 3202 1379 3262 dieser
1413 3206 1593 3266 Sonntag¬

1655 3206 1745 3266 „Vom
1785 3202 1869 3262 Tode
1898 3202 1948 3262 des
1971 3202 2140 3262 Dichters“
2163 3202 2288 3262 schließt
2305 3202 2400 3262 dieses
2424 3205 2553 3265 Leben,
2570 3206 2660 3266 eines
2689 3208 2745 3268 der
2762 3208 2869 3268 letzten

361 3250 710 3310 morgen=Bergstille.
739 3250 891 3310 Tiefblau
925 3250 1044 3310 wölbte
1079 3248 1129 3308 sich
1158 3250 1213 3310 der
1242 3251 1394 3311 Himmel
1417 3252 1496 3312 über
1525 3252 1581 3312 den

1650 3254 1710 3314 aus
1749 3250 1804 3310 der
1837 3250 2019 3310 faustischen
2058 3251 2185 3311 Epoche
2224 3252 2395 3312 Europas.
2423 3252 2499 3312 Das
2539 3255 2742 3315 Abendland
2782 3257 2870 3317 hatte

360 3299 496 3359 zackigen
534 3300 649 3360 wilden
687 3299 818 3359 Spitzen
855 3297 918 3357 und
955 3297 1002 3357 die
1034 3299 1129 3359 ersten
1166 3300 1382 3360 schüchternen
1424 3302 1592 3362 Sonnen¬

1653 3306 1675 3366 so
1710 3300 1879 3360 unendlich
1914 3299 1981 3359 viel
2010 3301 2241 3361 Philosophie,
2265 3303 2457 3363 Juristerei,
2480 3305 2633 3365 Medizin
2673 3306 2740 3366 und
2775 3306 2876 3366 leider

360 3351 491 3411 strahlen
530 3348 650 3408 trieben
693 3348 751 3408 auf
778 3348 836 3408 dem
890 3348 1080 3408 gleißenden
1117 3348 1243 3408 Schnee
1276 3351 1328 3411 ihr
1360 3351 1593 3411 übermütiges

1649 3351 1722 3411 auch
1745 3351 1926 3411 Theologie
1943 3351 2050 3411 hinter
2067 3351 2140 3411 sich,
2158 3351 2208 3411 daß
2237 3351 2288 3411 der
2305 3351 2452 3411 wissende
2480 3351 2570 3411 Geist
2588 3353 2706 3413 ebenso
2735 3355 2869 3415 skeptisch

361 3398 463 3458 Spiel
496 3398 560 3458 mit
587 3399 641 3459 den
685 3399 814 3459 eigenen
858 3399 1036 3459 Schatten.
1069 3399 1295 3459 Unversehens
1328 3401 1414 3461 hatte
1447 3401 1490 3461 ich
1523 3402 1582 3462 den

1648 3399 1704 3459 vor
1741 3399 1817 3459 allem
1869 3396 2013 3456 Wandel
2044 3398 2100 3458 des
2132 3399 2270 3459 Wissens
2307 3399 2435 3459 wurde,
2461 3400 2527 3460 wie
2559 3402 2785 3462 sentimental
2816 3402 2872 3462 vor

362 3448 625 3508 Langgletscher,
648 3449 701 3509 das
728 3447 803 3507 Ziel
825 3447 949 3507 meiner
971 3450 1208 3510 Wanderung,
1225 3450 1370 3510 erreicht.
1392 3450 1585 3510 Allzugerne

1644 3451 1724 3511 allem
1768 3446 1914 3506 Wandel
1936 3446 1990 3506 der
2018 3447 2174 3507 Gefühle.
2197 3448 2267 3508 Nur
2295 3447 2343 3507 der
2370 3450 2533 3510 deutsche,
2555 3452 2614 3512 der
2636 3453 2874 3513 norddeutsche

361 3498 446 3558 hätte
474 3497 511 3557 ich
539 3497 587 3557 die
615 3497 733 3557 weiße,
755 3497 895 3557 lockende
923 3497 1036 3557 Fläche
1063 3497 1311 3557 überschritten;
1333 3498 1409 3558 aber
1431 3498 1479 3558 die
1507 3496 1592 3556 Ver¬

1649 3497 1858 3557 Idealismus
1892 3495 1970 3555 hielt
1999 3495 2050 3555 die
2079 3497 2270 3557 Charaktere
2305 3496 2377 3556 fest.
2401 3497 2474 3557 Der
2503 3500 2711 3560 süddeutsche
2746 3500 2869 3560 Typus

1649 3547 1756 3607 wurde
1779 3545 1948 3605 kritischer.
1960 3545 2027 3605 Der
2045 3545 2219 3605 südöstliche
2243 3546 2384 3606 Mensch,
2401 3545 2452 3605 der
2475 3547 2632 3607 Wiener,
2644 3548 2757 3608 wurde
2780 3548 2875 3608 labil.

352 3546 457 3606 nunft
479 3545 574 3605 gebot
596 3547 674 3607 mir,
691 3548 769 3608 ohne
796 3548 954 3608 Führung
982 3545 1040 3605 von
1067 3546 1119 3606 dem
1162 3548 1378 3608 waghalsigen
1405 3548 1579 3608 Vorhaben

360 3596 560 3656 abzusehen.
582 3596 692 3656 Lange
719 3594 803 3654 stand
830 3598 866 3658 ich
898 3597 961 3657 hier
988 3596 1019 3656 an
1052 3595 1109 3655 der
1136 3598 1294 3658 Schwelle
1321 3596 1378 3656 von
1410 3596 1489 3656 Sein
1526 3596 1584 3656 und

1648 3596 1752 3656 Müde
1780 3594 1829 3654 vor
1852 3593 1934 3653 alter
1963 3596 2095 3656 Kultur,
2112 3595 2189 3655 sieht
2212 3594 2239 3654 er
2268 3596 2311 3656 die
2334 3596 2444 3656 Dinge
2466 3598 2593 3658 immer
2616 3599 2698 3659 älter
2727 3599 2875 3659 werden,

1649 3644 1680 3704 es
1708 3644 1837 3704 bröckeln
1864 3642 1912 3702 die
1940 3643 2074 3703 Mauern
2107 3644 2161 3704 der
2183 3644 2398 3704 europäischen
2431 3647 2685 3707 Prachtpaläste
2707 3645 2766 3705 des
2788 3644 2873 3704 Gei¬

362 3645 442 3705 nicht
470 3643 571 3703 Sein.
588 3646 669 3706 Hier
691 3645 825 3705 grüßten
858 3646 992 3706 Bäume
1014 3646 1041 3706 im
1085 3644 1240 3704 herbstlich
1268 3646 1386 3706 bunten
1419 3646 1591 3706 Gewand,

353 3692 428 3752 dort
456 3693 558 3753 waren
597 3689 650 3749 Eis
684 3692 742 3752 und
776 3693 927 3753 Schnee,
950 3694 998 3754 die
1025 3694 1052 3754 in
1085 3692 1171 3752 ihrem
1221 3694 1350 3754 Bereich
1384 3694 1443 3754 kein
1476 3694 1583 3754 Leben

1653 3695 1737 3755 stes-
1749 3694 1822 3754 man
1845 3692 1918 3752 hört
1935 3689 1980 3749 den
2009 3692 2098 3752 Sand
2122 3692 2223 3752 rieseln
2246 3693 2268 3753 im
2309 3694 2562 3754 Stundenglas.
2585 3694 2653 3754 Die
2670 3694 2782 3754 Dinge
2800 3694 2861 3754 sind

356 3742 498 3802 dulden.
514 3742 724 3802 Unterdessen
757 3742 819 3802 war
846 3742 893 3802 die
915 3744 1036 3804 Sonne
1063 3742 1210 3802 vollends
1232 3742 1310 3802 über
1332 3742 1379 3802 die
1400 3742 1510 3802 Berge
1537 3742 1589 3802 ge¬

1649 3743 1733 3803 nicht
1757 3744 1846 3804 mehr
1875 3744 2021 3804 wichtig;
2044 3744 2107 3804 nur
2130 3743 2203 3803 noch
2231 3742 2287 3802 das
2316 3742 2417 3802 Spiel
2446 3742 2508 3802 mit
2531 3743 2587 3803 den
2627 3745 2785 3805 Dingen,
2808 3745 2864 3805 den

355 3795 467 3855 stiegen
504 3793 565 3853 und
598 3792 798 3852 überflutete
829 3792 891 3852 mit
912 3792 999 3852 ihrem
1046 3793 1191 3853 warmen
1222 3793 1382 3853 goldenen
1418 3790 1505 3850 Licht
1532 3793 1588 3853 das

1649 3792 1831 3852 Zweifeln,
1854 3793 1909 3853 den
1942 3792 2125 3852 Gefühlen.
2148 3793 2241 3853 Hugo
2275 3793 2324 3853 von
2359 3793 2651 3853 Hoffmannsthal
2674 3793 2752 3853 war
2774 3793 2873 3853 unter

1644 3841 1697 3901 den
1731 3842 1872 3902 Dienern
1905 3841 1958 3901 der
1981 3842 2127 3902 vorletzte
2149 3841 2203 3901 der
2225 3841 2486 3901 schwärmenden
2519 3841 2654 3901 Dichter
2677 3843 2736 3903 des
2764 3841 2877 3901 Zwei¬

356 3845 456 3905 ganze
493 3842 556 3902 Tal
583 3843 609 3903 in
647 3842 751 3902 seinem
799 3841 1132 3901 Sonntagsfrieden.
1159 3841 1227 3901 Zur
1254 3841 1496 3901 Erleichterung
1533 3841 1585 3901 des

362 3891 534 3951 Rucksackes
562 3891 621 3951 und
643 3891 696 3951 zur
719 3891 962 3951 Befriedigung
990 3890 1038 3950 des
1066 3891 1206 3951 Magens
1228 3889 1282 3949 ließ
1310 3889 1347 3949 ich
1369 3888 1445 3948 mich
1467 3891 1499 3951 zu
1526 3889 1596 3949 kur¬

1653 3889 1726 3949 fels,
1749 3890 1805 3950 der
1828 3891 1907 3951 alles
1936 3891 2076 3951 Gewisse
2105 3891 2127 3951 in
2161 3891 2269 3951 Traum
2315 3890 2370 3950 und
2405 3891 2506 3951 Spiel
2529 3892 2670 3952 auflöst.
2693 3891 2873 3951 Schnitzler

1649 3939 1681 3999 ist
1704 3939 1759 3999 der
1782 3942 1897 4002 Letzte.
1920 3939 1985 3999 Der
2008 3939 2124 3999 Knabe
2152 3939 2240 3999 Loris
2268 3937 2278 3997 —
2329 3939 2389 3999 wie
2411 3939 2466 3999 der
2495 3941 2632 4001 jüngere
2661 3941 2875 4001 Hofmanns¬

351 3945 403 4005 zer
435 3941 514 4001 Rast
541 3942 673 4002 nieder.
695 3940 736 4000 In
774 3939 1016 3999 sömmerlicher
1043 3939 1180 3999 Wärme
1213 3939 1349 3999 brannte
1382 3939 1429 3999 die
1461 3939 1587 3999 Sonne

353 3990 417 4050 auf
444 3991 567 4051 meinen
606 3990 724 4050 Rücken
757 3990 821 4050 und
854 3990 902 4050 als
929 3990 1155 4050 angenehmer
1189 3989 1355 4049 Ausgleich
1382 3990 1500 4050 schickte
1533 3989 1586 4049 der

1651 3990 1722 4050 thal
1741 3990 1794 4050 sich
1819 3990 1964 4050 antikisch
1994 3990 2114 4050 nannte
2139 3990 2156 4050 —
2211 3990 2313 4050 schrieb
2344 3990 2368 4050 im
2416 3991 2579 4051 Vorwort
2604 3993 2639 4053 zu
2670 3990 2868 4050 Schnitzlers

1646 4039 1818 4099 „Anatol"

354 4044 515 4104 Gletscher
545 4043 631 4103 einen
660 4042 775 4102 herben
805 4041 966 4101 würzigen
996 4041 1093 4101 Wind
1123 4038 1278 4098 herüber.
