3344 4384
1399 357 1531 417 box
1610 362 1852 422 43/20

314 360 892 420 Schnitzler's
962 360 1186 420 Death

1297 2501 1379 2561 jämt
1412 2501 1632 2561 äterkommer
1660 2501 1673 2561 i
1697 2501 1779 2561 hans
1812 2501 1940 2561 dramer
1991 2501 2046 2561 och

1301 2549 1478 2609 romaner.

1341 2599 1404 2659 Det
1432 2599 1487 2659 var
1515 2599 1661 2659 framför
1689 2602 1749 2662 allt
1772 2601 1822 2661 som
1869 2599 2047 2659 dramatisk

1298 2650 1489 2710 författare
1543 2650 1724 2710 Schnitzler
1773 2651 1887 2711 gjorde
1941 2650 2060 2710 lycka,

1297 2702 1360 2762 och
1392 2702 1474 2762 hans
1506 2701 1689 2761 skådespel
1735 2704 1816 2764 hade
1849 2701 1921 2761 stor
1949 2701 2053 2761 fram¬

1302 2752 1406 2812 gång.
1452 2752 1551 2812 Bland
1584 2752 1742 2812 mängden
1774 2752 1810 2812 av
1842 2750 1937 2810 dessa
1992 2752 2046 2812 äro

1303 2806 1340 2866 de
1363 2803 1513 2863 följande
1537 2800 1573 2860 de
1597 2803 1681 2863 mest
1705 2804 1835 2864 kända:
1869 2800 2032 2860 ”Liebelei

1306 2855 1357 2915 (pä
1389 2853 1528 2913 svenska
1591 2853 1793 2913 ”Älskog”),
1845 2849 2032 2909 "Freiwild”

1305 2902 1388 2962 "Das
1423 2904 1693 2964 Vermächtnis”,
1738 2902 1822 2962 "Der
1852 2904 1949 2964 grüne
1984 2902 2052 2962 Ka-

1299 2952 1424 3012 kadu",
1470 2952 1732 3012 "Parazelsus",
1783 2953 1868 3013 "Der
1899 2952 2044 3012 Schleier

1306 3004 1355 3064 der
1381 3003 1573 3063 Beatrice”,
1614 3003 1705 3063 "Der
1751 3003 1892 3063 einsame
1944 3006 2059 3066 Weg”,

1305 3054 1381 3114 "Das
1416 3055 1507 3115 weite
1536 3053 1642 3113 Land”
1676 3053 1734 3113 och
1764 3053 1850 3113 ”Der
1880 3053 1952 3113 Weg
2000 3053 2048 3113 ins

1297 3104 1428 3164 Freie”.
1475 3104 1579 3164 Bland
1607 3104 1693 3164 hans
1721 3104 1857 3164 senaste
1913 3104 2044 3164 arbeten

1297 3155 1402 3215 kunna
1435 3155 1573 3215 nämnas
1601 3155 1841 3215 berättelserna
1903 3155 2048 3215 "Doktor

1297 3204 1465 3264 Graesler”
1501 3206 1558 3266 och
1590 3206 1807 3266 "Casanovas
1838 3203 2046 3263 Heimfahrt'

1292 3252 1380 3312 samt
1438 3253 1615 3313 lustspelet
1668 3253 1743 3313 "Die
1801 3253 2053 3313 Schwestern”.

150 3298 332 3358 Schnitzler
361 3298 460 3358 skulle
488 3299 504 3359 i
527 3298 648 3358 samma
682 3298 809 3358 andliga
876 3298 1092 3358 brytningar.
1143 3296 1258 3356 Liksom

1296 3302 1447 3362 Särskild
1477 3304 1771 3364 uppmärksamhet
1797 3304 1913 3364 väckte
1943 3304 2051 3364 dram-

124 3349 182 3409 ivit
206 3351 240 3411 70
269 3352 302 3412 år
328 3349 487 3409 gammal.

526 3351 578 3411 den
612 3349 698 3409 miljö
727 3349 789 3409 han
818 3349 966 3409 skildrar
990 3349 1100 3409 oftast
1129 3348 1167 3408 är
1215 3347 1268 3407 den
1302 3352 1402 3412 serien
1441 3352 1622 3412 ”Reigen”,
1675 3355 1818 3415 omkring
1857 3355 1957 3415 vilken
1996 3355 2048 3415 det

520 3403 615 3463 glada
675 3397 866 3457 storstaden
926 3398 1034 3458 Wien,
1085 3399 1117 3459 sä
1154 3398 1208 3458 äro
1240 3397 1271 3457 de

1297 3404 1350 3464 för
1373 3406 1475 3466 några
1506 3406 1537 3466 år
1564 3405 1661 3465 sedan
1693 3406 1831 3466 uppstod
1862 3406 1893 3466 en
1924 3406 1978 3466 hel
2000 3406 2053 3466 del

112 3448 122 3508 h
157 3448 200 3508 av
230 3448 283 3508 den
318 3448 494 3508 tysksprä-
519 3451 735 3511 människor,
770 3451 833 3511 han
863 3450 916 3510 ger
941 3449 980 3509 liv
1010 3451 1059 3511 ät,
1099 3450 1181 3510 tama
1231 3446 1279 3506 fi-
1304 3454 1461 3514 skandal.

172 3498 253 3558 mest
287 3496 392 3556 kända
430 3498 487 3558 och
521 3499 617 3559 gurer
646 3498 660 3558 i
689 3498 900 3558 förhällande
963 3498 1019 3558 till
1049 3498 1087 3558 de
1121 3496 1264 3556 litteräre

1329 3504 1513 3564 Schnitzler
1570 3502 1627 3562 var
1684 3504 1759 3564 född
1798 3504 1873 3564 1862
1907 3504 1916 3564 i
1945 3504 2048 3564 Wien.

117 3549 148 3609 le
207 3549 502 3609 nutidsgestalter.
525 3549 697 3609 gestalter,
720 3550 774 3610 som
820 3550 978 3610 upplevat
1006 3549 1128 3609 krigets
1160 3549 1255 3609 skärs

1299 3555 1365 3615 Han
1392 3554 1521 3614 ägnade
1543 3553 1587 3613 sig
1618 3554 1707 3614 först
1730 3554 1760 3614 ät
1787 3555 1960 3615 medicinen
1987 3554 2044 3614 och

122 3600 197 3660 ären
251 3599 307 3659 har
336 3598 388 3658 det
413 3597 488 3657 dock
523 3600 594 3660 eld.
623 3600 684 3660 Det
704 3600 847 3660 erotiska
876 3600 1052 3660 problemet
1077 3599 1109 3659 är
1134 3598 1186 3658 det
1205 3600 1257 3660 som
1301 3603 1549 3663 promoverades
1602 3604 1658 3664 till
1702 3606 1792 3666 med.
1812 3604 1926 3664 doktor
1955 3606 2055 3666 1885.

119 3653 161 3713 om
200 3651 281 3711 hans
305 3651 419 3711 namn,
438 3650 490 3710 och
524 3650 648 3710 frümst
696 3651 820 3711 fängat
868 3649 1068 3709 Schnitzlers
1121 3648 1277 3708 intresse,
1302 3652 1401 3712 Snart
1431 3654 1493 3714 slog
1527 3654 1583 3714 han
1617 3654 1659 3714 sig
1693 3654 1860 3714 emellertid
1894 3656 1960 3716 helt
2003 3657 2041 3717 pa

130 3699 310 3759 förnekas,
356 3701 405 3761 att
433 3701 491 3761 han
524 3701 577 3761 och
614 3700 650 3760 de
677 3698 817 3758 erotiska
850 3698 1098 3758 upplevelserna
1130 3699 1184 3759 och
1234 3700 1270 3760 de
1302 3701 1446 3761 litterärt
1479 3701 1605 3761 arbete,
1650 3704 1704 3764 och
1741 3703 1817 3763 1893
1850 3703 2043 3763 debuterade

118 3749 383 3809 författaretyp,
426 3749 481 3809 som
529 3752 710 3812 tränginål,
752 3750 808 3810 som
850 3752 896 3812 bli
920 3750 1041 3810 följden
1074 3749 1111 3809 av
1144 3750 1176 3810 de
1209 3749 1255 3809 ero

1297 3755 1350 3815 han
1382 3755 1449 3815 med
1480 3755 1511 3815 en
1543 3752 1627 3812 serie
1654 3755 1828 3815 enaktare,
1847 3755 2029 3815 ”Anatol”.

119 3805 358 3865 terkrigsärens
407 3804 612 3864 väld-tiska
641 3800 899 3860 förvillelserna,
943 3803 981 3863 är
1006 3803 1063 3863 det
1087 3803 1187 3863 tema,
1207 3803 1259 3863 som

1935 896 2621 956 Nakorngdend
2680 876 2897 936 lgrd

2305 1057 2526 1117 22/10
2569 1056 2587 1116 1
2712 1019 2974 1079 orre

2173 1139 2230 1199 fue
2265 1142 2414 1202 napener.

2187 1353 2482 1413 Arthur
2520 1362 2922 1422 Schnitzler

2462 1471 2643 1531 aod.

2606 1543 2704 1603 F32

2261 1569 2450 1629 n
2499 1573 2527 1633 D

2233 1610 2358 1670 Wien,
2387 1611 2540 1671 onsdag.
2591 1611 2695 1671 (TT)
2745 1620 2926 1680 Författa-

2176 1659 2237 1719 ren
2272 1662 2402 1722 Arthur
2431 1663 2629 1723 Schnitzler
2658 1665 2754 1725 avled
2783 1668 2816 1728 fà
2845 1668 2929 1728 ons¬

2183 1710 2415 1770 dagsaftonen
2449 1713 2487 1773 av
2520 1715 2730 1775 slaganfall.
2753 1715 2830 1775 Han
2863 1715 2924 1775 var

2184 1757 2221 1817 69
2253 1759 2291 1819 àr
2323 1760 2504 1820 gammal.

2238 1883 2402 1943 Schitzler
2436 1883 2500 1943 var
2534 1886 2617 1946 född
2651 1886 2666 1946 i
2700 1889 2822 1949 Wien,
2848 1889 2921 1949 stu¬

2177 1931 2309 1991 derade
2346 1931 2494 1991 medicin
2537 1933 2594 1993 och
2637 1936 2922 1996 promoverades

2184 1978 2266 2038 1885
2297 1980 2356 2040 till
2380 1981 2480 2041 med.
2505 1981 2653 2041 doktor.
2677 1987 2753 2047 men
2784 1987 2919 2047 ägnade

2175 2027 2226 2087 sig
2266 2029 2373 2089 snart
2414 2029 2640 2089 uteslutande
2681 2034 2720 2094 ât
2749 2035 2924 2095 litteratu¬

2176 2074 2258 2134 ren.
2300 2077 2376 2137 Han
2407 2080 2625 2140 debuterade
2655 2083 2737 2143 1893
2767 2083 2843 2143 med
2879 2085 2914 2145 en

2179 2125 2267 2185 serie
2291 2125 2479 2185 enaktare,
2498 2128 2604 2188 bland
2640 2132 2751 2192 andra
2782 2134 2928 2194 Anatol,

2178 2173 2233 2233 som
2283 2175 2393 2235 genom
2444 2177 2493 2237 sin
2526 2178 2703 2238 stämning
2743 2180 2781 2240 av
2809 2181 2925 2241 frivo¬

2178 2223 2251 2283 litet
2302 2223 2364 2283 och
2421 2225 2568 2285 vemod,
2614 2229 2665 2289 sin
2711 2230 2823 2290 gratie
2852 2229 2914 2289 och

2173 2271 2272 2331 smak
2306 2273 2316 2333 i
2339 2272 2405 2332 allt
2428 2274 2621 2334 väsentligt
2649 2277 2921 2337 kännetecknar

2172 2320 2223 2380 sin
2260 2322 2471 2382 författares
2502 2325 2729 2385 egenskaper
2760 2326 2822 2386 och
2858 2328 2920 2388 av¬

2170 2370 2305 2430 sikter.
2346 2370 2419 2430 För
2448 2371 2578 2431 teatern
2612 2375 2680 2435 har
2709 2375 2771 2435 han
2811 2375 2912 2435 sedan

2174 2417 2341 2477 författat
2388 2417 2421 2477 en
2480 2420 2537 2480 rad
2585 2423 2780 2483 skådespel
2804 2426 2907 2486 bland

2173 2467 2261 2527 vilka
2300 2468 2444 2528 märkas
2478 2469 2633 2529 Alskog,
2661 2473 2805 2533 varmed
2839 2474 2910 2534 han

2168 2516 2242 2576 slog
2284 2517 2404 2577 igenom
2463 2516 2520 2576 och
2567 2519 2641 2579 blev
2682 2521 2774 2581 känd
2815 2522 2918 2582 längt

2174 2564 2254 2624 utom
2313 2564 2375 2624 sitt
2405 2564 2514 2624 lands
2549 2567 2716 2627 gränser,
2746 2570 2918 2630 Paracel¬

2168 2611 2246 2671 sus.
2282 2613 2326 2673 På
2367 2614 2474 2674 gröna
2515 2617 2743 2677 papegojan,
2772 2619 2907 2679 Damen

2170 2662 2244 2722 med
2280 2659 2430 2719 dolken,
2448 2662 2663 2722 Litteratur.
2681 2667 2923 2727 Intermezzo,

2191 2710 2427 2770 jarionetter,
2468 2713 2699 2773 Släktingar.
2729 2716 2797 2776 Det
2833 2716 2907 2776 vida

2174 2758 2312 2818 andet,
2335 2758 2526 2818 Professor
2555 2763 2763 2823 Bernhardi
2787 2767 2844 2827 m.
2867 2767 2919 2827 fl.,

2165 2806 2330 2866 samtliga
2386 2806 2453 2866 här
2503 2811 2669 2871 nämnda
2726 2814 2908 2874 uppförda

2168 2853 2249 2913 även
2287 2855 2298 2915 i
2320 2856 2482 2916 Sverige.
2532 2859 2716 2919 Därjämte
2750 2859 2809 2919 har
2842 2862 2906 2922 han

2170 2901 2305 2961 skrivit
2342 2903 2389 2963 ett
2419 2904 2519 2964 stort
2550 2907 2650 2967 antal
2686 2910 2804 2970 längre
2846 2911 2904 2971 och

2167 2950 2316 3010 kortare
2351 2951 2529 3011 noveller.

2211 3000 2412 3060 Schnitzler
2457 3000 2516 3060 var
2566 3006 2723 3066 wienare
2778 3009 2920 3069 alltige¬

2166 3047 2232 3107 nom
2282 3047 2343 3107 och
2376 3050 2387 3110 i
2410 3050 2498 3110 hans
2527 3053 2787 3113 författarskap
2821 3056 2914 3116 âter¬

2167 3098 2223 3158 ges
2260 3095 2348 3155 både
2384 3096 2446 3156 den
2483 3099 2638 3159 wienska
2680 3104 2902 3164 stämningen

2164 3143 2227 3203 och
2270 3143 2327 3203 för
2359 3144 2480 3204 staden
2523 3147 2580 3207 och
2623 3149 2701 3209 dess
2734 3152 2907 3212 invânare

2165 3191 2464 3251 karakteristiska
2495 3197 2629 3257 kretsar
2655 3198 2717 3258 och
2748 3201 2913 3261 kynnen.

2165 3239 2276 3299 Kring
2313 3242 2381 3302 sina
2420 3243 2609 3303 personer,
2636 3247 2747 3307 vilkas
2779 3250 2911 3310 replik-

2160 3286 2287 3346 skiften
2319 3289 2377 3349 äro
2404 3294 2727 3354 beundransvärda
2755 3297 2765 3357 i
2781 3298 2913 3358 bland-

2164 3337 2290 3397 ningen
2333 3337 2369 3397 av
2407 3340 2465 3400 vek
2502 3343 2591 3403 lvrik
2629 3343 2686 3403 och
2729 3346 2908 3406 hänsyns-

2165 3385 2218 3445 lös
2245 3385 2409 3445 realism,
2436 3389 2500 3449 göt
2527 3390 2563 3450 S.
2591 3391 2622 3451 en
2660 3394 2841 3454 atmosfär
2868 3397 2904 3457 av

2161 3433 2236 3493 fint
2269 3435 2446 3495 dämpade
2485 3439 2625 3499 färger.
2680 3442 2814 3502 Läkare
2852 3445 2911 3505 till

2164 3480 2211 3540 sin
2249 3483 2477 3543 utbildning,
2505 3487 2713 3547 begagnade
2750 3492 2813 3552 han
2857 3493 2904 3553 sig

2162 3531 2272 3591 gärna
2303 3532 2342 3592 av
2373 3536 2569 3596 suggestion
2610 3537 2670 3597 och
2705 3539 2821 3599 dylika
2856 3541 2906 3601 fe¬

2160 3579 2290 3639 nomen
2331 3580 2391 3640 som
2448 3582 2579 3642 motiv,
2604 3585 2715 3645 liksom
2776 3588 2857 3648 man
2898 3591 2912 3651 i

2159 3626 2252 3686 hans
2282 3629 2642 3689 karaktärsteckning
2678 3635 2751 3695 ofta
2786 3636 2903 3696 finner

2159 3676 2222 3736 den
2253 3676 2390 3736 erfarne
2421 3681 2588 3741 läkarens
2613 3684 2810 3744 försonliga
2835 3684 2908 3744 lev-

2155 3722 2391 3782 nadsvishet.
