3344 4352
167 293 289 353 12.

372 297 836 357 Schnitzler

915 297 942 357 s
1001 298 1241 358 Death

699 636 813 696 Lnzer
830 616 1051 676 Wochentlatt

843 787 906 847 3.
925 786 1045 846 OKT.
1064 786 1138 846 193
1157 793 1405 853 Lye.

391 814 452 874 Der
486 820 613 880 Dichter
643 825 770 885 Arthur
804 834 977 894 Schnitzler
1005 840 1195 900 gestorben.
1218 848 1262 908 In
1301 849 1390 909 Wien

243 852 275 912 ist
304 855 336 915 am
386 860 441 920 21.
464 862 497 922 d.
520 865 574 925 der
602 869 724 929 Dichter
752 881 1161 941 Arthur-Schnitzler
1194 888 1216 948 im
1261 890 1321 950 70.

236 899 415 959 bensjahre
442 907 643 967 verstorben.
664 916 839 976 Schnitzler
866 920 939 980 war
966 923 1007 983 ein
1040 928 1193 988 jüdischer
1220 934 1309 994 Arzt,

239 944 414 1004 Schrifttum
466 951 610 1011 bewegte
641 954 687 1014 sich
724 958 754 1018 in
791 962 929 1022 bewußt
956 967 1100 1027 besetzten
1136 974 1296 1034 Bahnen.

234 986 449 1046 Erinnerung
483 992 520 1052 ist
547 994 601 1054 der
628 998 752 1058 Kampf
779 1003 816 1063 um
866 1007 924 1067 sein
957 1011 1178 1071 Theaterstück
1211 1019 1394 1079 „Reigen“,

236 1028 320 1088 einer
352 1033 452 1093 Folge
479 1035 537 1095 von
574 1040 737 1100 sinnlichen
770 1046 922 1106 Szenen,
944 1050 1033 1110 deren
1071 1058 1281 1118 Aufführung
1314 1062 1392 1122 stür¬

232 1073 358 1133 mischem
411 1079 630 1139 Widerspruch
666 1085 723 1145 der
753 1090 966 1150 anständigen
1007 1099 1239 1159 Bevölkerung
1274 1107 1389 1167 begeg¬

229 1114 307 1174 nete
332 1119 386 1179 und
418 1123 450 1183 zu
482 1127 671 1187 zahlreichen
704 1133 1019 1193 Theaterskandalen
1051 1141 1154 1201 Anlak
1194 1142 1248 1202 aah

684 1409 746 1469 73
801 1399 927 1459 0KT.
949 1384 1043 1444 1937

275 1486 346 1546 Der
375 1497 528 1557 Wiener
549 1509 693 1569 Dichter
713 1516 784 1576 Dr.
804 1527 949 1587 Arthur
969 1542 1160 1602 Schnitzler
1188 1549 1232 1609 ist
1261 1560 1396 1620 wenige

228 1538 378 1598 Monate
414 1546 475 1606 vor
496 1553 612 1613 seinem
654 1561 715 1621 70.
736 1573 956 1633 Geburtstag
991 1586 1087 1646 einem
1136 1604 1382 1664 Gehirnschlag

212 1585 377 1645 erlegen.
411 1601 624 1661 Schnitzlers
658 1617 817 1677 Schaffen
851 1627 897 1687 ist
924 1634 990 1694 uns
1018 1645 1204 1705 Deutschen
1238 1658 1390 1718 wesens¬

216 1635 350 1695 fremd.

382 2115 1101 2175 OBSERVER

467 2171 494 2231 I.
508 2176 626 2236 österr.
636 2183 786 2243 behördl.
796 2193 1101 2253 konzessioniertes

423 2216 654 2276 Unternehmen
686 2224 731 2284 für
759 2236 1145 2296 Zeitungs-Ausschnitte

473 2277 626 2337 WIEN,
648 2284 696 2344 I.,
725 2293 1011 2353 WOLLZEILE
1061 2301 1102 2361 11

571 2335 784 2395 TELEPHON
821 2344 996 2404 R-23-0-43

359 2470 585 2530 Ausschnitt
607 2477 700 2537 aus:

907 2487 1247 2547 ee.

719 2525 871 2585 Steyrer
911 2559 1103 2619 Tagblatt.

354 2691 469 2751 vom:

833 2688 922 2748 23.
951 2697 1067 2757 OKT.
1096 2696 1193 2756 1937

198 2818 299 2878 Artur
328 2819 504 2879 Schnitzler
527 2818 714 2878 gestorben.

259 2881 306 2941 In
340 2879 428 2939 Wien
470 2879 510 2939 ist
531 2879 645 2939 gestern
681 2879 768 2939 einer
803 2879 856 2939 der
884 2879 1135 2939 bedeutendsten
1177 2882 1325 2942 österrei¬

192 2927 324 2987 chischen
354 2928 509 2988 Dichter,
527 2928 635 2988 Artur
659 2928 918 2988 Schnitzler
948 2929 1131 2989 gestorben.
1155 2930 1195 2990 Im
1242 2928 1322 2988 Mai

195 2976 284 3036 wäre
308 2976 335 3036 er
359 2976 392 3036 70
427 2976 528 3036 Jahre
551 2977 602 3037 alt
619 2976 811 3036 geworden.
835 2976 914 3036 Sein
943 2977 1038 3037 Leben
1073 2977 1135 3037 und
1164 2976 1315 3036 Schaffen

198 3025 261 3085 war
296 3025 544 3085 ungewöhnlich
579 3026 787 3086 erfolgreich.
805 3025 850 3085 Er
880 3027 919 3087 ist
943 3026 995 3086 zur
1024 3025 1098 3085 Zeit
1128 3025 1179 3085 des
1209 3025 1324 3085 Natu¬

195 3076 362 3136 ralismus
386 3076 617 3136 aufgetaucht.
629 3076 699 3136 Und
728 3076 780 3136 hat
803 3075 902 3135 dieser
925 3073 1087 3133 Richtung
1117 3073 1168 3133 der
1187 3073 1313 3133 schönen

197 3124 369 3184 Literatur
397 3124 440 3184 ein
478 3124 581 3184 neues
609 3124 711 3184 Feld,
733 3124 787 3184 das
820 3124 916 3184 große
950 3122 1041 3182 Reich
1074 3121 1128 3181 des
1156 3121 1242 3181 Eros
1275 3119 1323 3179 er¬

195 3171 362 3231 schlossen.
380 3173 559 3233 Schnitzler
583 3171 646 3231 war
676 3171 698 3231 in
728 3171 831 3231 seinen
867 3171 1069 3231 Dichtungen
1104 3170 1150 3230 ein
1180 3167 1324 3227 Seelen¬

189 3220 265 3280 arzt
294 3221 354 3281 wie
382 3221 508 3281 wenige
537 3220 602 3280 und
630 3221 707 3281 dazu
741 3220 812 3280 noch
840 3221 889 3281 ein
923 3221 1039 3281 großer
1072 3219 1320 3279 Gesellschafts¬

197 3270 344 3330 kritiker.
361 3270 530 3330 Natürlich
559 3269 660 3329 waren
689 3269 733 3329 die
763 3270 943 3330 Klerikalen
972 3268 1033 3328 und
1062 3267 1247 3327 Frömmler
1276 3269 1298 3329 im

195 3319 279 3379 Land
314 3318 415 3378 diesem
461 3318 595 3378 Mann,
619 3318 669 3378 der
698 3319 748 3379 die
777 3318 867 3378 Liebe
896 3318 929 3378 zu
964 3318 1053 3378 einer
1082 3315 1240 3375 Gottheit
1263 3316 1319 3376 er¬

198 3366 276 3426 hob,
288 3366 519 3426 spinnefeind;
537 3366 570 3426 sie
593 3365 728 3425 konnten
757 3366 807 3426 die
825 3365 1050 3425 Verbreitung
1079 3365 1180 3425 seiner
1203 3360 1316 3420 Werke

195 3414 277 3474 nicht
310 3416 481 3476 hemmen;
504 3415 558 3475 das
593 3415 703 3475 Genie
731 3416 830 3476 bricht
858 3416 907 3476 sich
941 3413 1057 3473 immer
1090 3414 1173 3474 seine
1206 3411 1322 3471 Bahn.

197 3464 369 3524 Schnitzler
397 3464 434 3524 ist
456 3464 510 3524 von
543 3464 629 3524 einem
673 3466 764 3526 jähen
797 3464 883 3524 Tode
911 3464 1008 3524 ereilt
1030 3464 1180 3524 worden.
1203 3464 1315 3524 Daher

194 3512 280 3572 blieb
307 3512 339 3572 er
367 3514 426 3574 uns
454 3515 523 3575 auch
557 3515 599 3575 ein
632 3512 805 3572 poetisches
833 3512 1022 3572 Testament
1044 3512 1201 3572 schuldig.
1223 3510 1315 3570 Alles

197 3564 222 3624 in
259 3562 335 3622 allem
382 3561 599 3621 genommen.
625 3559 702 3619 Sein
739 3559 836 3619 Leben
878 3559 944 3619 war
976 3559 1048 3619 reich
1079 3559 1115 3619 ar
1152 3559 1306 3619 Schaffen

191 3612 252 3672 und
289 3612 423 3672 Erfolg.
450 3608 496 3668 Er
527 3610 594 3670 war
621 3610 708 3670 einer
734 3609 791 3669 der
818 3607 921 3667 besten
958 3607 1055 3667 unter
1082 3601 1138 3661 den
1175 3595 1299 3655 Hulty¬

211 3697 338 3757 rägern
371 3697 482 3757 Wiens
507 3697 570 3757 und
596 3700 834 3760 Oesterreichs.
851 3700 922 3760 Von
947 3699 1051 3759 seinen
1084 3696 1211 3756 Werken
1244 3696 1331 3756 nen¬

209 3744 248 3804 nen
283 3744 345 3804 wir
369 3747 568 3807 „Anatol",
585 3750 790 3810 „Liebelei",
813 3747 1019 3807 „Freiwild“
1048 3744 1110 3804 (ein
1139 3744 1321 3804 Antiduell

200 3792 350 3852 orama),
381 3795 440 3855 den
491 3795 546 3855 von
592 3798 646 3858 den
697 3796 883 3856 Klerikalen
929 3795 1064 3855 wütend
1115 3792 1320 3852 bekämpften

204 3844 396 3904 „Reigen",
436 3843 492 3903 die
538 3846 679 3906 Novelle
730 3846 928 3906 „Leutnant
952 3843 1092 3903 Gustl“,
1133 3842 1330 3902 „Professor

203 3892 447 3952 Berndhard“,
468 3891 527 3951 den
570 3894 728 3954 „Grünen
771 3894 951 3954 Kakadu",
973 3891 1026 3951 den
1069 3891 1201 3951 Roman
1244 3887 1334 3947 „Der

197 3935 272 3995 Weg
300 3941 354 4001 ins
387 3938 527 3998 Freie“,
544 3941 744 4001 Casanovas
772 3941 988 4001 Heimfahrt“
1021 3938 1085 3998 und
1113 3938 1172 3998 den
1205 3935 1324 3995 großen

198 3984 330 4044 Roman
363 3987 567 4047 „Therese“.
585 3989 783 4049 Schnitzlers
817 3989 1071 4049 Bühnenwerke
1099 3987 1159 4047 sind
1193 3986 1325 4046 vielfach

198 4034 225 4094 im
271 4037 504 4097 Burgtheater
533 4038 731 4098 aufgeführt
760 4037 919 4097 worden.

1471 300 1594 360 box
1664 305 1849 365 42/9

2248 355 2850 415 ARTNERTAGBLATT

2115 485 2222 545 vom:

2725 537 2832 597 1937

2458 538 2521 598 23
2567 541 2665 601 OKT

2192 592 2314 652 Artur
2349 595 2548 655 Schnitzler
2577 592 2781 652 gestorben.

2099 643 2145 703 In
2181 643 2273 703 seiner
2304 643 2385 703 Villa
2415 643 2443 703 in
2473 646 2677 706 Döbling-ist
2696 646 2731 706 am
2772 647 2824 707 21,
2842 645 2911 705 Ok¬

2065 685 2155 745 tober
2185 687 2210 747 im
2256 685 2311 745 69.
2341 688 2553 748 Lebensjahre
2584 685 2633 745 der
2669 688 2789 748 Diehter
2825 688 2905 748 Dol¬

2062 730 2114 790 tor
2147 730 2251 790 Artur
2284 730 2537 790 Schnitzler
2564 730 2696 790 plötzlich
2734 733 2913 793 gestorben.

2064 772 2132 832 Der
2159 773 2222 833 Tod
2255 774 2355 834 Artur
2387 774 2572 834 Schnitzlers
2604 773 2651 833 kam
2694 773 2784 833 selbst
2811 775 2906 835 seiner

2071 816 2200 876 nächsten
2238 819 2422 879 Umgebung
2455 819 2693 879 überraschend.

2004 1291 2726 1351 OBSERVER

2089 1339 2120 1399 I.
2133 1345 2253 1405 Österr.
2260 1358 2411 1418 behördl.
2418 1376 2715 1436 konzessioniertes

2043 1382 2275 1442 Unternehmen
2307 1398 2354 1458 für
2378 1419 2766 1479 Zeitungs-Ausschnitte

2090 1441 2237 1501 WIEN,
2265 1456 2316 1516 I.,
2343 1473 2622 1533 WOLLZEILE
2668 1490 2684 1550 1

2182 1507 2395 1567 TELEPHON
2434 1528 2609 1588 R-23-0.43

1964 1632 2187 1692 Ausschnitt
2214 1647 2302 1707 aus:

2260 1732 2404 1792 Linzer
2432 1750 2650 1810 Volksblatt

1954 1852 2063 1912 vom:

2341 1899 2579 1959 23.0K1.
2601 1900 2700 1960 1.51

1921 2002 1979 2062 Der
2010 2007 2134 2067 Dichter
2172 2010 2297 2070 Arkhur
2328 2016 2497 2076 Schnitzler
2528 2022 2712 2082 gestorben.
2735 2026 2778 2086 In
2816 2028 2911 2088 Wien

1759 2040 1799 2100 ist
1823 2043 1857 2103 am
1904 2045 1961 2105 21.
1979 2046 2013 2106 d.
2037 2050 2094 2110 der
2118 2055 2244 2115 Dichter
2274 2058 2401 2118 Arthur
2431 2065 2679 2125 Schnitzler
2708 2069 2736 2129 im
2783 2070 2835 2130 70.
2859 2072 2921 2132 Le¬

1761 2086 1934 2146 bensjahre
1967 2092 2167 2152 verstorben.
2189 2099 2363 2159 Schnitzler
2390 2103 2458 2163 war
2491 2104 2527 2164 ein
2560 2108 2713 2168 jüdischer
2740 2115 2834 2175 Arzt,
2856 2115 2913 2175 sein

1760 2130 1939 2190 Schrifttum
1987 2134 2134 2194 bewegte
2166 2138 2213 2198 sich
2250 2140 2276 2200 in
2314 2144 2451 2204 bewußt
2478 2149 2620 2209 besetzten
2657 2153 2815 2213 Bahnen.

1758 2173 1973 2233 Erinnerung
2006 2177 2044 2237 ist
2067 2178 2122 2238 der
2150 2182 2277 2242 Kampf
2306 2185 2343 2245 um
2394 2189 2449 2249 sein
2483 2192 2703 2252 Theaterstück
2732 2198 2925 2258 „Reigen",

1751 2212 1835 2272 einer
1863 2216 1963 2276 Folge
1995 2219 2048 2279 von
2086 2222 2255 2282 sinnlichen
2288 2228 2436 2288 Szenen,
2458 2232 2548 2292 deren
2586 2239 2798 2299 Aufführung
2831 2243 2915 2303 stür¬

1761 2258 1881 2318 mischem
1932 2264 2158 2324 Widerspruch
2191 2270 2246 2330 der
2280 2272 2489 2332 anständigen
2534 2280 2760 2340 Bevölkerung
2794 2290 2915 2350 begeg¬

1766 2300 1839 2360 net
1869 2303 1921 2363 und
1959 2304 1987 2364 un
2018 2309 2195 2369 zanlrecen
2227 2318 2523 2378 Penterilandolen
2561 2319 2634 2379 Anlo

1925 2491 2146 2551 Ausschnitt
2175 2494 2259 2554 aus:

1892 2665 2145 2725 espona
2353 2665 2366 2725 w
2567 2665 2619 2725 pa

1876 2762 1942 2822 Exi
1961 2762 2014 2822 ait
2045 2762 2080 2822 du
2118 2762 2291 2822 Journal:

2741 2765 2872 2825 BADEN

1879 2876 1923 2936 Ad
1958 2872 2058 2932 ven:

2131 2961 2243 3021 2S
2282 2941 2554 3001 UUTUGKE
2592 2927 2658 2987 A

1892 2977 2022 3037 Du:

1914 3119 2066 3179 WWien,
2092 3122 2142 3182 21.
2177 3124 2235 3184 Der
2262 3129 2753 3189 österreichische=Dramatiker

1831 3162 1875 3222 und
1906 3162 2040 3222 Erzähler
2071 3165 2198 3225 Artur
2236 3172 2445 3232 Schnitzlør
2477 3175 2513 3235 ist
2537 3175 2566 3235 im
2604 3176 2753 3236 siebzigsten

1816 3207 1986 3267 Altersjahr
2015 3210 2171 3270 gestorben.

1894 3293 1985 3353 Artur
2009 3297 2158 3357 Schnitzler
2183 3299 2216 3359 ist
2236 3300 2265 3360 am
2308 3300 2356 3360 15.
2376 3302 2443 3362 Mai
2463 3303 2534 3363 1862
2559 3303 2582 3363 in
2612 3306 2684 3366 Wien
2718 3307 2761 3367 ge¬

1813 3337 1917 3397 boren.
1944 3338 1985 3398 Er
2008 3341 2121 3401 stammt
2150 3341 2199 3401 aus
2227 3343 2299 3403 einer
2327 3345 2499 3405 Arztfamilie
2527 3347 2576 3407 und
2604 3347 2658 3407 war
2686 3349 2762 3409 selbst

1820 3381 1894 3441 Arzt.
1932 3383 1983 3443 Ein
2022 3384 2082 3444 Zug
2121 3386 2318 3446 medizinischer
2356 3390 2519 3450 Menschen=
2553 3390 2604 3450 und
2638 3392 2759 3452 Seelen¬

1819 3425 1900 3485 kunde
1933 3428 1996 3488 geht
2023 3428 2100 3488 durch
2138 3429 2187 3489 sein
2224 3431 2323 3491 ganzes
2356 3431 2437 3491 Werk
2470 3434 2519 3494 und
2556 3434 2587 3494 ist
2615 3435 2673 3495 auch
2710 3434 2755 3494 der

1812 3470 1963 3530 besonderen
1995 3473 2091 3533 Erotik
2114 3473 2196 3533 seiner
2224 3475 2316 3535 Kunst
2335 3476 2403 3536 nicht
2427 3479 2632 3539 abzusprechen.
2665 3480 2742 3540 Stoff

1813 3512 1859 3572 lich
1897 3515 1943 3575 hat
1972 3515 2018 3575 der
2046 3518 2171 3578 ärztliche
2205 3518 2297 3578 Beruf
2326 3520 2488 3580 Schnitzlers
2521 3522 2600 3582 seinen
2637 3523 2739 3583 Nieder

1817 3556 1896 3616 schlag
1924 3559 1947 3619 in
1985 3559 2026 3619 der
2055 3559 2190 3619 Komödie
2218 3562 2377 3622 „Professor
2405 3565 2577 3625 Bernhardi“
2610 3568 2759 3628 gefunden.

1820 3601 1876 3661 Viel
1900 3601 1998 3661 stärker
2022 3604 2064 3664 als
2093 3602 2135 3662 der
2164 3604 2253 3664 Beruf
2277 3604 2324 3664 hat
2348 3604 2385 3664 sich
2414 3606 2437 3666 in
2466 3608 2512 3668 dem
2551 3609 2644 3669 reichen
2678 3610 2757 3670 Werk

1812 3644 1976 3704 Schnitzlers
2007 3643 2019 3703 —
2072 3645 2102 3705 er
2128 3646 2189 3706 war
2220 3649 2449 3709 außerordentlich
2480 3653 2619 3713 produktiv
2650 3652 2662 3712 —
2715 3655 2753 3715 die

1818 3688 1985 3748 wienerische
2012 3691 2179 3751 Wesensart
2205 3694 2390 3754 ausgeprägt:
2413 3694 2500 3754 leicht,
2523 3699 2641 3759 elegant,
2664 3697 2747 3757 etwas

1821 3732 2074 3792 Lebensmüdigkeit
2107 3732 2156 3792 und
2193 3735 2405 3795 Pessimismus.
2442 3739 2614 3799 Wienerische
2651 3741 2732 3801 Eigen

1813 3774 1854 3834 art
1882 3775 1995 3835 spiegelt
2019 3777 2086 3837 seine
2119 3776 2174 3836 viel
2202 3780 2343 3840 gespielten
2380 3784 2581 3844 „dramatischen
2618 3784 2745 3844 Szenen"

1818 3817 1972 3877 „Anatol",
1995 3819 2044 3879 sein
2081 3819 2163 3879 erstes
2190 3822 2380 3882 dramatisches
2412 3827 2508 3887 Werk.
2540 3828 2616 3888 Nicht
2649 3828 2752 3888 minder

1815 3861 1932 3921 bekannt
1960 3861 1991 3921 ist
2024 3864 2192 3924 „Liebelei“,
2220 3867 2269 3927 und
2301 3868 2359 3928 eine
2388 3871 2432 3931 der
2465 3873 2746 3933 Theatersensationen

1814 3906 1850 3966 der
1878 3906 2096 3966 Nachkriegszeit
2120 3906 2178 3966 war
2202 3909 2279 3969 „Der
2307 3912 2443 3972 Reigen",
2462 3915 2507 3975 der
2531 3915 2694 3975 namentlich
2722 3915 2745 3975 in

1825 3950 1992 4010 Deutschland
2026 3950 2145 4010 Proteste
2174 3950 2226 4010 und
2255 3956 2489 4016 Theaterprozesse
2518 3959 2757 4019 heraufbeschwor.

1815 3992 1877 4052 Von
1911 3992 1953 4052 den
1988 3993 2160 4053 erzählenden
2199 3996 2304 4056 Werken
2343 4000 2505 4060 Schnitzlers
2539 4003 2586 4063 soll
2611 4004 2668 4064 hier
2702 4003 2754 4063 nur

1817 4037 1875 4097 noch
1905 4037 1949 4097 die
1979 4037 2092 4097 Novelle
2122 4040 2273 4100 „Fräulein
2303 4042 2381 4102 Else"
2417 4045 2539 4105 genannt
2564 4046 2686 4106 werden,
2711 4046 2750 4106 die

1816 4080 1865 4140 aus
1895 4082 1939 4142 den
1974 4085 2058 4145 letzten
2093 4085 2201 4145 Jahren
2231 4086 2354 4146 stammt.
