3344 4320
160 93 258 153 vds
282 94 342 154 dar

165 136 186 196 er
216 139 267 199 fast
290 137 358 197 vor¬

152 180 185 240 sch
214 180 352 240 abwärts

159 222 354 282 gotrodnetes

150 264 168 324 se
196 267 259 327 man
292 267 356 327 drei

168 524 340 584 B.2.

186 638 353 698 Lokalaus-

147 682 196 742 dem
238 682 267 742 er
297 683 350 743 an¬

180 725 234 785 aus
281 725 332 785 dem

159 764 212 824 Die
237 768 353 828 Inten¬

155 812 253 872 hnt,
287 813 343 873 und

150 854 251 914 iterhin
293 855 343 915 den

161 899 191 959 as
227 900 350 960 Gegen¬

230 1153 266 1213 oll
294 1151 341 1211 die

225 1195 342 1255 nachts¬

265 1238 338 1298 sein,

110 3808 163 3868 ins
191 3809 308 3869 (Autor

115 3853 142 3913 na
165 3859 291 3919 Dagny

418 143 573 203 Minuten,
591 146 668 206 dann
700 148 747 208 gab
778 148 807 208 er
830 149 881 209 das
907 154 1020 214 Zeichen
1051 154 1102 214 zum
1142 157 1262 217 nächsten

415 186 480 246 Akt.
523 187 588 247 Und
624 186 675 246 der
706 190 810 250 Abend
846 195 936 255 schloß
971 195 1045 255 dann
1089 198 1141 258 mit
1172 201 1253 261 einem

417 231 521 291 großen
549 231 654 291 Erfolg
682 234 731 294 für
754 234 804 294 den
832 237 946 297 Dichter
979 240 1033 300 und
1060 242 1133 302 seine
1157 244 1270 304 Helfer.

417 273 506 333 Unter
555 276 604 336 den
640 278 831 338 begeisterten
867 282 1044 342 Zuschauern
1080 285 1182 345 befand
1218 287 1262 347 sich

417 315 492 375 Erich
524 319 737 379 Schmidt,
773 323 821 383 der
853 327 1062 387 unvergessene
1093 330 1271 390 Germanist

413 360 461 420 der
489 363 626 423 Berliner
654 366 854 426 Universität.

472 403 534 463 Das
569 404 635 464 war
670 407 762 467 meine
796 409 867 469 erste
897 413 1178 473 Zusammenarbeit
1212 413 1266 473 mit

409 446 526 506 Arthur
581 448 758 508 Schnitzler,
814 452 863 512 dem
936 455 1045 515 großen
1109 455 1250 515 deutschen

411 490 592 550 Dramatiker
623 489 675 549 der
702 494 952 554 naturalistischen
988 497 1113 557 Epoche,
1135 497 1182 557 der
1213 498 1255 558 die

418 533 565 593 Elemente
600 535 691 595 seines
730 536 834 596 Werks
869 539 925 599 aus
965 539 1012 599 dem
1064 542 1259 602 analytischen

413 573 494 633 Geist
540 575 590 635 der
641 579 883 639 psychologischen
938 580 1143 640 Beobachtung
1198 583 1252 643 und

411 616 541 676 behutsam
583 619 764 679 grübelnder
790 622 970 682 Erkenntnis
996 623 1096 683 ebenso
1122 624 1260 684 gewann,

411 658 465 718 wie
486 661 536 721 aus
566 661 612 721 den
633 664 876 724 Verflechtungen
906 665 973 725 oder
990 667 1254 727 Verhedderungen

412 700 460 760 von
496 703 583 763 Mann
620 704 672 764 und
703 704 800 764 Weib,
823 706 871 766 von
903 709 1053 769 Jüngling
1084 710 1136 770 und
1168 712 1256 772 Mäd¬

408 742 485 802 chen,
507 745 554 805 von
589 748 753 808 Männchen
789 750 844 810 und
875 750 1039 810 Weibchen.

466 786 515 846 Als
543 786 580 846 ich
617 788 667 848 vor
700 789 772 849 zwei
806 792 915 852 Jahren
952 795 1126 855 Schnitzlers
1164 795 1264 855 „Pro¬

413 831 489 891 fessor
521 831 734 891 Bernhardi“,
757 834 893 894 diesmal
921 836 979 896 mit
1007 837 1088 897 Fritz
1116 837 1260 897 Kortner,

403 873 550 933 wiederum
589 875 693 935 spielte
723 876 775 936 und
810 877 883 937 viele
914 879 974 939 ihre
1001 879 1165 939 Sehnsucht
1191 882 1255 942 nach

404 916 453 976 dem
499 918 666 978 „Zeitstück“
699 920 721 980 in
758 921 849 981 diesem
890 921 976 981 Werk
1004 921 1085 981 eines
1118 924 1249 984 Aelteren

402 960 505 1020 erfüllt
534 960 637 1020 sahen,
662 963 765 1023 fehlten
803 964 869 1024 auch
903 963 949 1023 die
978 963 1142 1023 Einwände
1176 968 1260 1028 derer

408 1000 494 1060 nicht,
517 1003 562 1063 die
594 1001 630 1061 da
662 1005 812 1065 meinten,
836 1005 889 1065 das
922 1005 962 1065 sei
990 1006 1067 1066 nicht
1095 1006 1144 1066 das
1181 1010 1258 1070 Zeit¬

407 1045 488 1105 stück;
511 1046 579 1106 dazu
616 1048 653 1108 sei
680 1049 712 1109 es
739 1049 771 1109 zu
804 1049 1045 1109 unverbindlich.
1087 1049 1164 1109 Aber
1192 1054 1264 1114 das,

403 1084 460 1144 was
500 1088 553 1148 von
594 1088 700 1148 solchen
740 1091 891 1151 Stimmen
932 1090 976 1150 als
1016 1091 1251 1151 Einschränlung

399 1130 524 1190 gemeint
560 1132 644 1192 war,
676 1133 765 1193 rührt
801 1134 970 1194 irgendwie
998 1134 1033 1194 an
1078 1136 1252 1196 Schnitzlers

397 1175 579 1235 eigentliches
612 1175 730 1235 Wesen,
753 1175 821 1235 ragt
849 1177 871 1237 in
904 1178 958 1238 das
986 1178 1113 1238 Zentrum
1159 1180 1250 1240 seiner

399 1216 503 1276 Kunst.
540 1214 603 1274 Das
631 1218 880 1278 Unverbindliche
904 1219 953 1279 gab
986 1221 1076 1281 seinem
1113 1220 1245 1280 Schaffen

398 1256 455 1316 erst
475 1257 517 1317 die
537 1255 647 1315 Weite,
662 1258 710 1318 den
739 1260 825 1320 Raum
864 1261 888 1321 in
917 1261 964 1321 dem
999 1261 1027 1321 er
1047 1263 1090 1323 sich
1114 1264 1243 1324 bewegen

393 1302 512 1362 konnte,
531 1301 591 1361 war
614 1300 664 1360 der
688 1303 793 1363 Atem,
812 1303 890 1363 durch
923 1305 969 1365 den
1002 1304 1029 1364 er
1052 1305 1144 1365 lebte.

458 1343 520 1403 Auf
549 1345 596 1405 die
630 1345 764 1405 privaten
808 1348 956 1408 Konflikte
990 1348 1037 1408 der
1076 1351 1248 1411 Schnitzler¬

401 1387 466 1447 schen
499 1390 654 1450 Menschen
687 1388 757 1448 fällt
781 1389 832 1449 der
861 1391 997 1451 Schatten
1035 1391 1081 1451 der
1115 1393 1255 1453 europäi¬

405 1429 472 1489 schen
501 1431 601 1491 Krise,
621 1433 668 1493 die
693 1431 716 1491 im
760 1434 1071 1494 Vorkriegsösterreich
1105 1435 1176 1495 nicht
1201 1436 1248 1496 als

407 1472 482 1532 Krise
513 1476 663 1536 erscheint,
690 1475 761 1535 weil
788 1475 849 1535 man
885 1478 942 1538 mit
969 1478 1017 1538 der
1049 1479 1150 1539 müden
1185 1478 1251 1538 Me¬

397 1518 538 1578 lancholie
566 1518 651 1578 süßer
679 1519 999 1579 Todesbereitschaften
1033 1524 1149 1584 spielte.
1183 1521 1248 1581 Nur

402 1561 462 1621 war
488 1563 548 1623 man
582 1561 638 1621 aus
669 1561 715 1621 dem
759 1565 883 1625 Theater
909 1564 956 1624 ins
986 1566 1076 1626 Leben
1107 1569 1252 1629 getreten,

393 1604 469 1664 ohne
493 1603 543 1663 den
571 1606 744 1666 Uebergang
777 1607 804 1667 zu
836 1607 1000 1667 bemerken.

455 1647 609 1707 Schnitzler
639 1649 723 1709 hatte
753 1651 802 1711 das
837 1651 931 1711 tiefste
961 1652 1065 1712 Wissen
1100 1653 1135 1713 um
1175 1654 1248 1714 diese

398 1694 769 1754 Untergangsstimmung,
807 1694 876 1754 aber
918 1694 973 1754 das
1021 1699 1243 1759 Heimatgefühl

391 1732 451 1792 war
477 1736 503 1796 in
538 1736 572 1796 sie
602 1736 749 1796 verliebt;
776 1738 832 1798 nur
863 1739 944 1799 wenn
979 1739 1004 1799 er
1035 1742 1147 1802 einmal
1174 1742 1225 1802 zum

402 1778 469 1838 Zorn
498 1781 541 1841 sich
570 1779 733 1839 aufraffte,
753 1781 829 1841 schuf
853 1781 882 1841 er
906 1781 944 1841 ein
978 1784 1078 1844 Werk,
1098 1784 1150 1844 wie
1175 1784 1237 1844 eben

392 1821 476 1881 diesen
510 1823 679 1883 „Professor
703 1825 915 1885 Bernhardi",
929 1826 999 1886 das,
1019 1826 1099 1886 wenn
1128 1828 1155 1888 es
1179 1827 1245 1887 bis¬

391 1864 439 1924 her
469 1867 521 1927 kein
556 1867 695 1927 Zeitstück
720 1867 845 1927 gewesen
880 1867 932 1927 sein
967 1870 1063 1930 sollte,
1083 1870 1164 1930 heute
1194 1872 1242 1932 als

393 1906 425 1966 ein
464 1910 653 1970 Paradigma
687 1912 738 1972 des
767 1912 923 1972 Zeitstücks
957 1915 1098 1975 gewertet
1127 1915 1235 1975 werden

396 1949 483 2009 muß.

452 1994 572 2054 Meiner
618 1996 789 2056 Beziehung
835 1998 890 2058 zur
936 2002 1117 2062 Regiekunst
1168 2002 1238 2062 steht

393 2037 564 2097 Schnitzlers
615 2040 778 2100 Dramatik
824 2043 977 2103 besonders
1032 2046 1118 2106 nahe.
1173 2046 1231 2106 Und

388 2080 463 2140 wenn
495 2082 530 2142 ich
561 2082 614 2142 mir
642 2082 690 2142 den
722 2083 868 2143 Vorwurf
891 2085 966 2145 nicht
988 2088 1121 2148 ersparen
1153 2091 1241 2151 kann,

394 2121 443 2181 sein
471 2124 553 2184 Werk
576 2127 717 2187 während
744 2127 794 2187 der
818 2128 908 2188 letzten
940 2130 1031 2190 Jahre
1058 2133 1149 2193 etwas
1177 2132 1240 2192 ver¬

394 2169 561 2229 nachlässigt
586 2169 614 2229 zu
643 2170 729 2230 haben
763 2169 772 2229 —
820 2170 844 2230 im
882 2172 987 2232 ganzen
1016 2175 1088 2235 habe
1112 2175 1145 2235 ich
1174 2176 1217 2236 ihm

390 2209 451 2269 doch
482 2212 583 2272 immer
615 2214 720 2274 wieder
751 2216 848 2276 meine
875 2217 958 2277 Liebe
990 2219 1042 2279 und
1073 2220 1143 2280 mein
1175 2219 1236 2279 In¬

389 2254 489 2314 teresse
513 2255 720 2315 zugewendet.

443 2297 540 2357 Dafür
589 2300 724 2360 sprachen
783 2300 830 2360 die
875 2303 1112 2363 Aufführungen
1166 2306 1218 2366 vom

391 2342 573 2402 „Jungen
611 2342 869 2402 Medardus“
921 2348 1122 2408 unmittelbar
1169 2348 1234 2408 nach

387 2386 645 2446 Kriegsausbruch
698 2386 726 2446 im
783 2389 1018 2449 Lessingtheater
1065 2391 1121 2451 mit
1164 2393 1234 2453 Lina

391 2426 505 2486 Lossen,
530 2426 596 2486 Ilka
635 2427 798 2487 Grüning,
823 2431 976 2491 Kayßler,
1010 2434 1101 2494 Loos,
1140 2436 1240 2496 Goetz,

388 2470 543 2530 Adalbert,
570 2472 691 2532 Landa,
717 2474 846 2534 Salfner
881 2476 933 2536 und
968 2476 1080 2536 andern
1120 2479 1141 2539 in
1180 2479 1227 2539 den

388 2512 603 2572 Hauptrollen;
664 2515 715 2575 von
784 2517 835 2577 der
892 2521 1111 2581 „Komödie
1164 2521 1232 2581 der

385 2555 540 2615 Worie“
563 2556 620 2616 mit
638 2558 748 2618 Albert
771 2558 824 2618 und
851 2561 912 2621 Else
939 2563 1152 2623 Bassermann;
1174 2566 1223 2626 von

392 2600 512 2660 „Fink
551 2601 628 2661 und
667 2602 989 2662 Fliederbusch“
1033 2608 1139 2668 wieder
1183 2611 1235 2671 mit

381 2643 545 2703 Basserman
605 2644 665 2704 und
698 2645 757 2705 mit
785 2645 885 2705 Goetz,
908 2649 1028 2709 Landa,
1051 2652 1225 2712 Ferdinand

389 2685 489 2745 Bonn,
523 2688 590 2748 Ilka
624 2688 787 2748 Grüning,
826 2690 917 2750 Lind,
951 2694 1123 2754 Wallauer;
1167 2696 1224 2756 von

388 2730 745 2790 „Zwischenspiel"
781 2733 836 2793 mit
872 2735 967 2795 Harry
1003 2738 1123 2798 Walden
1169 2739 1224 2799 und

384 2770 448 2830 Lina
483 2772 601 2832 Lossen;
626 2772 680 2832 von
715 2776 942 2836 „Comtesse
972 2783 1140 2843 Mizzi",
1160 2784 1214 2844 vom

386 2817 572 2877 „Grünen
610 2818 802 2878 Kakadu"
840 2820 896 2880 und
934 2822 1009 2882 nicht
1038 2823 1140 2883 zuletzt
1174 2826 1224 2886 von

394 2858 630 2918 Liebelei"
665 2860 724 2920 mit
759 2861 852 2921 Käthe
887 2864 990 2924 Dorsch
1030 2866 1084 2926 und
1124 2868 1222 2928 Anton

377 2901 512 2961 Edthofer
542 2903 566 2963 im
605 2903 760 2963 Deutschen
794 2907 1095 2967 Künstler=Theater.

433 2948 484 3008 Ein
517 2948 681 3008 Spätwerk
705 2948 751 3008 des
784 2951 938 3011 Dichters:
962 2954 1051 3014 „Die
1080 2957 1224 3017 Komö¬

378 2991 437 3051 die
477 2990 546 3050 der
576 2995 889 3055 Verführung"
924 2999 998 3059 habe
1028 2999 1082 3059 ich,
1107 3002 1225 3062 obwohl

373 3036 427 3096 zur
455 3035 651 3095 Aufführung
683 3039 916 3099 angenommen,
943 3042 1016 3102 nicht
1044 3045 1230 3105 aufgeführt,

378 3075 446 3135 weil
465 3081 537 3141 ...
555 3082 614 3142 nun
646 3080 714 3140 weil
737 3082 896 3142 Schnitzler
924 3083 978 3143 und
1006 3086 1041 3146 ich
1069 3088 1123 3148 uns
1151 3091 1223 3151 über

379 3119 421 3179 die
446 3121 598 3181 Besetzung
628 3124 675 3184 des
709 3126 809 3186 Stücks
843 3128 919 3188 nicht
943 3130 1053 3190 einigen
1087 3134 1225 3194 konnten.

375 3164 437 3224 Das
471 3166 519 3226 lag
553 3168 701 3228 vielleicht
730 3171 807 3231 nicht
836 3172 937 3232 zuletzt
966 3175 999 3235 an
1038 3175 1086 3235 der
1116 3179 1225 3239 Eigen¬

381 3211 530 3271 willigkeit
555 3214 752 3274 Schnitzlers,
777 3215 819 3275 die
849 3215 911 3275 ihre
941 3217 1060 3277 Ursache
1090 3223 1167 3283 hatte
1196 3224 1220 3284 in

375 3255 450 3315 einer
485 3255 587 3315 immer
618 3258 724 3318 stärker
760 3258 1034 3318 hervorgetretenen
1075 3264 1220 3324 Verbitte¬

373 3295 444 3355 rung
480 3297 528 3357 des
564 3298 697 3358 Dichters
734 3303 818 3363 gegen
858 3305 902 3365 die
938 3306 1045 3366 Herren
1085 3309 1223 3369 Theater¬

374 3342 529 3402 direktoren
565 3342 620 3402 —,
647 3348 824 3408 wenigstens
859 3348 945 3408 gegen
997 3351 1044 3411 die
1080 3357 1217 3417 Berliner

371 3387 684 3447 Theaterdirektoren,
712 3392 773 3452 die,
802 3392 852 3452 das
886 3393 928 3453 sei
956 3394 1031 3454 nicht
1059 3399 1223 3459 bestritten,

369 3429 420 3489 seit
449 3432 604 3492 geraumer
632 3434 702 3494 Zeit
726 3435 820 3495 seinem
867 3438 951 3498 Werk
980 3444 1139 3504 gegenüber
1172 3447 1214 3507 sich

372 3473 444 3533 allzu
473 3473 564 3533 passiv
597 3476 748 3536 verholten
781 3479 891 3539 haben.

435 3516 589 3576 Schnitzler
615 3518 675 3578 war
706 3521 744 3581 ein
779 3524 1028 3584 ausgezeichneter
1054 3528 1217 3588 Kenner

373 3557 443 3617 des
479 3560 717 3620 Theaters,
744 3563 858 3623 sowohl
890 3567 986 3627 seiner
1018 3572 1211 3632 immanenten

372 3602 582 3662 künstlerischen
615 3605 742 3665 Gesetze,
765 3607 820 3667 wie
844 3611 934 3671 seiner
962 3614 1131 3674 praktischen
1164 3617 1223 3677 Be¬

381 3647 529 3707 dürfnisse,
549 3647 602 3707 und
626 3647 654 3707 er
679 3650 779 3710 lannte
804 3653 852 3713 das
876 3656 986 3716 Metier
1006 3659 1054 3719 in-
1069 3661 1126 3721 und
1150 3661 1222 3721 aus¬

375 3688 510 3748 wendig.

431 3733 473 3793 So
510 3733 626 3793 schlecht
663 3733 689 3793 er
727 3735 753 3795 im
806 3739 964 3799 Gegansatz
1001 3743 1032 3803 zu
1081 3745 1217 3805 Gerhart

374 3775 565 3835 Hauptmann
601 3779 674 3839 seine
704 3780 807 3840 Gelcke
832 3784 935 3844 vorlas
965 3787 1024 3847 (bei
1049 3787 1103 3847 der
1128 3790 1211 3850 ersten

378 3820 539 3880 Vorlosung
570 3823 621 3883 von
652 3823 824 3883 „Profaisor
850 3826 1017 3886 Berhardt“
1043 3832 1149 3892 machte
1175 3834 1220 3894 sich

375 3861 455 3921 untar
486 3865 536 3925 den
572 3868 811 3928 Schauspialerr,
837 3870 1013 3930 bedenkliche
1044 3874 1216 3934 Müdigkeit

374 3906 569 3966 bemerkbar),
596 3909 621 3969 so
658 3912 823 3972 vorzüglich
860 3913 994 3973 verstand
1031 3917 1061 3977 er
1098 3919 1128 3979 es
1160 3921 1216 3981 auf

1329 315 1459 375 Proben,
1484 313 1691 373 Schauspieler
1721 314 1774 374 und
1808 318 1899 378 Regie
1929 324 2107 384 maßgebend
2137 330 2165 390 zu

1326 357 1532 417 heeinflussen.
1574 354 1635 414 Das
1664 355 1757 415 zeigte
1781 358 1827 418 sich
1856 362 1888 422 am
1927 367 2109 427 deutlichsten
2143 369 2165 429 in

1324 398 1547 458 Liebesszenen,
1561 395 1643 455 deren
1671 398 1803 458 Register
1826 402 1866 462 ihm
1904 407 1953 467 vom
1986 410 2163 470 Einfachsten

1325 443 1376 503 und
1410 441 1555 501 Zartesten
1589 437 1635 497 bis
1669 440 1701 500 zu
1744 443 1922 503 verspielter
1961 449 2073 509 Ironie
2111 452 2167 512 und

1319 487 1435 547 krausem
1489 485 1654 545 Uebermut
1691 485 1856 545 gehorchten
1928 491 1990 551 Dem
2049 495 2173 555 Rotstift

1317 530 1484 590 gegenüher
1514 527 1571 587 war
1600 525 1633 585 er
1663 526 1725 586 sahr
1754 534 1994 594 zurückhaltend,
2019 539 2162 599 Todfeind

1322 571 1529 631 geschluderten
1567 569 1622 629 und
1655 572 1761 632 müden
1794 577 2047 637 Aufführungen.

1378 613 1436 673 Das
1474 610 1564 670 Spiel
1592 610 1633 670 ist
1661 612 1738 672 aus!
1785 618 1866 678 Oder
1899 620 1935 680 ist
1963 622 1990 682 es
2027 624 2085 684 nur
2123 625 2163 685 ein

1321 658 1568 718 Zwischenspiel?

1380 700 1430 760 Der
1462 697 1521 757 alte
1549 697 1654 757 Kastan
1691 700 1746 760 hat
1774 703 1906 763 testiert,
1930 707 1975 767 „es
2008 709 2090 769 hätte
2122 710 2163 770 sich

1315 743 1387 803 nicht
1420 742 1570 802 gelohnt!“
1626 740 1702 800 Aber
1735 745 1876 805 dieses
1913 748 1999 808 Leben
2037 751 2091 811 hat
2119 754 2164 814 sich

1316 786 1448 846 gelohnt.
1496 783 1577 843 Denn
1621 782 1663 842 ein
1703 786 1900 846 Lebenswerk
1943 789 1994 849 von
2046 793 2166 853 bedeut¬

1320 828 1405 888 samem
1456 826 1587 886 Ausmaß
1624 828 1719 888 bleibt
1751 831 1864 891 zurück,
1892 833 1933 893 ein
1983 832 2069 892 Werk
2110 837 2160 897 von

1312 872 1393 932 hoher
1435 870 1572 930 geistiger
1618 871 1673 931 und
1724 874 1865 934 seelischer
1907 876 2066 936 Deutung,
2104 881 2158 941 von

1317 915 1402 975 selner
1435 915 1599 975 Schönheit
1631 915 1681 975 der
1714 918 1846 978 Sprache
1878 922 1932 982 und
1969 923 2032 983 voll
2061 924 2165 984 unzer¬

1313 957 1459 1017 störbarer
1488 957 1579 1017 Kraft
1602 957 1652 1017 der
1680 962 1873 1022 Gesinnung.

1374 1001 1428 1061 Den
1469 1000 1625 1060 Ehrungen
1667 1003 1721 1063 zum
1773 1007 1937 1067 siebzigsten
1974 1011 2166 1071 Geburtstag

1312 1043 1365 1103 hat
1389 1043 1509 1103 Arthur
1538 1045 1696 1105 Schnitzler
1726 1046 1773 1106 sich
1807 1050 1874 1110 früh
1908 1052 2062 1112 entzogen.
2105 1055 2162 1115 Die

1310 1088 1451 1148 deutschen
1486 1086 1610 1146 Bühnen
1650 1088 1718 1148 aber
1749 1093 1864 1153 werden
1899 1097 1924 1157 zu
1964 1097 2058 1157 seinem
2101 1098 2161 1158 Ge¬

1306 1130 1402 1190 denken
1439 1130 1485 1190 ihn
1522 1133 1627 1193 spielen
1669 1133 1724 1193 und
1756 1136 1866 1196 immer
1899 1138 2004 1198 wieder
2041 1143 2165 1203 spielen,

1307 1175 1401 1235 damit
1426 1174 1471 1234 die
1496 1174 1580 1234 Welt
1606 1177 1645 1237 die
1675 1180 1794 1240 Klänge
1819 1182 1903 1242 eines
1929 1184 2067 1244 Dichters
2098 1186 2161 1246 ver¬

1315 1219 1428 1279 nehme,
1449 1222 1485 1282 um
1521 1220 1572 1280 den
1604 1222 1639 1282 sie
1661 1224 1763 1284 ärmer
1790 1225 1939 1285 geworden
1970 1228 2021 1288 ist.

1385 1378 1599 1438 Schnitz
1636 1378 1691 1438 er
1739 1381 1839 1441 und
1898 1382 2056 1442 Wien

1539 1445 1595 1505 Von
1631 1447 1753 1507 Franz
1780 1449 1923 1509 Werfel

1365 1498 1403 1558 Es
1437 1500 1508 1560 geht
1537 1502 1589 1562 mit
1619 1505 1666 1565 ihm
1714 1506 1752 1566 ein
1786 1509 1896 1569 großer
1930 1509 2082 1569 Künstler,
2107 1512 2145 1572 ein

1311 1541 1405 1601 reiner
1433 1543 1533 1603 Geist,
1556 1546 1615 1606 eine
1643 1549 1765 1609 sittliche
1792 1552 1883 1612 Kraft
1911 1554 1997 1614 hoher
2025 1554 2156 1614 Verant¬

1310 1587 1444 1647 wortung
1487 1588 1514 1648 in
1557 1588 1603 1648 die
1641 1593 1868 1653 Weltgeschichte
1906 1595 1966 1655 ein.
2013 1596 2148 1656 Zugleich

1310 1626 1368 1686 aber
1396 1629 1607 1689 verschwindet
1626 1632 1681 1692 mit
1704 1634 1795 1694 seinem
1837 1637 1947 1697 schönen
1979 1639 2033 1699 und
2062 1640 2153 1700 lieben

1308 1670 1414 1730 Antlitz
1451 1673 1503 1733 der
1544 1673 1619 1733 letzte
1660 1677 1766 1737 Schein
1811 1679 1931 1739 unserer
1976 1682 2149 1742 verlorenen

1309 1715 1436 1775 Heimat,
1460 1715 1510 1775 der
1542 1718 1680 1778 Abglanz
1712 1721 1762 1781 des
1794 1722 1872 1782 alten
1909 1724 2101 1784 Oesterreich,
2125 1727 2147 1787 in

1305 1757 1386 1817 tiefer
1419 1759 1524 1819 Nacht.
1570 1759 1625 1819 Ein
1662 1763 1744 1823 Reich
1781 1763 1831 1823 der
1863 1766 1982 1826 Freude
2014 1769 2073 1829 und
2106 1772 2155 1832 der

1304 1802 1505 1862 Traurigkeit,
1527 1802 1576 1862 des
1603 1805 1750 1865 Genusses
1786 1807 1839 1867 und
1875 1808 1919 1868 der
1951 1811 2084 1871 Jugend,
2107 1812 2147 1872 ein

1300 1841 1377 1901 Reich
1414 1843 1468 1903 der
1501 1846 1720 1906 Verfeinerung
1761 1849 1815 1909 und
1853 1850 1902 1910 des
1935 1852 2062 1912 Wissens
2099 1855 2131 1915 um

1305 1885 1354 1945 das
1387 1886 1482 1946 Ende.
1528 1888 1604 1948 Eine
1637 1891 1764 1951 wirklich
1800 1894 1945 1954 herznahe
1978 1896 2059 1956 Welt
2091 1899 2150 1959 voll

1305 1930 1525 1990 Landschaften,
1554 1933 1708 1993 Klängen,
1733 1935 1873 1995 Worten,
1897 1939 2061 1999 Gesichten,
2085 1942 2150 2002 hold

1303 1972 1357 2032 und
1389 1974 1672 2034 unwiederholbar,
1696 1978 1773 2038 folgt
1796 1979 1878 2039 ihrem
1920 1981 2056 2041 Meister.
2093 1984 2148 2044 Ein

1300 2014 1407 2074 großes
1436 2017 1581 2077 Zeitalter
1614 2017 1703 2077 dieser
1736 2018 1829 2078 Stadt
1858 2021 1928 2081 sinkt
1957 2024 2008 2084 mit
2036 2025 2153 2085 Arthur

1302 2058 1460 2118 Schnitzler
1488 2059 1529 2119 ins
1558 2061 1655 2121 Grab,
1679 2062 1711 2122 um
1749 2064 1772 2124 in
1805 2064 1897 2124 seinem
1935 2070 2140 2130 unsterblichen

1305 2100 1397 2160 Werke
1426 2103 1527 2163 weiter
1551 2106 1583 2166 zu
1612 2106 1714 2166 leben!

1500 2271 1633 2331 Sein
1679 2276 1923 2336 Nachlaß

1522 2336 1581 2396 Von
1616 2339 1714 2399 Paul
1739 2345 1896 2405 Wiegler

1333 2408 1445 2468 Arthur
1470 2409 1648 2469 Schnitzlers
1677 2409 1761 2469 Haus
1790 2414 1865 2474 liegt
1893 2416 1917 2476 in
1950 2417 2001 2477 der
2031 2419 2143 2479 Stern¬

1293 2452 1488 2512 wartestraße
1528 2452 1555 2512 im
1609 2454 1733 2514 Wiener
1777 2458 1920 2518 Cottage,
1960 2461 2035 2521 nahe
2080 2461 2128 2521 dom

1299 2494 1596 2554 Türkenschanzpark,
1618 2497 1666 2557 von
1698 2497 1751 2557 dem
1791 2501 1852 2561 man
1884 2502 1910 2562 in
1942 2506 2141 2566 Sonnenlicht

1289 2536 1355 2596 oder
1382 2541 1608 2601 Nebelschleiern
1639 2541 1683 2601 die
1714 2543 1829 2603 Wiener
1856 2548 2029 2608 Landschaft
2051 2550 2139 2610 über¬

1287 2583 1378 2643 blickt,
1396 2584 1451 2644 und
1482 2584 1503 2644 in
1534 2584 1577 2644 dem
1621 2586 1672 2646 das
1699 2590 1959 2650 Kainz=Denkmal
1981 2593 2063 2653 steht,
2085 2595 2132 2655 das

1295 2629 1453 2689 Standbild
1490 2629 1535 2689 des
1568 2629 1741 2689 Künstlers,
1764 2632 1809 2692 der
1837 2636 2014 2696 Schnitzlers
2047 2637 2141 2697 Henri

1295 2670 1312 2730 im
1363 2673 1504 2733 „Grünen
1541 2673 1682 2733 Kakadu"
1719 2676 1773 2736 und
1815 2678 1865 2738 sein
1906 2682 2061 2742 Amadeus
2098 2682 2120 2742 im

1296 2716 1539 2776 „Zwischenspiel“
1573 2718 1652 2778 war.
1709 2721 1807 2781 Kainz
1840 2723 1887 2783 als
1915 2723 2037 2783 Hamlet
2080 2727 2135 2787 mit

1285 2760 1330 2820 dem
1372 2761 1582 2821 Totenschädel
1610 2760 1637 2820 in
1674 2762 1724 2822 der
1757 2766 1857 2826 Hand.
1903 2769 1985 2829 Dort
2017 2772 2126 2832 hinaus

1283 2805 1396 2865 richtete
1420 2805 1537 2865 Arthur
1566 2808 1721 2868 Schnitzler
1750 2808 1797 2868 bis
1830 2810 1853 2870 in
1887 2813 1934 2873 die
1958 2814 2131 2874 Herbsttage

1285 2848 1321 2908 oft
1349 2846 1422 2906 seine
1450 2849 1693 2909 Spaziergänge.
1740 2851 1781 2911 Er
1809 2855 1927 2915 wohnte
1960 2858 2024 2918 auch
2061 2860 2134 2920 nahe

1282 2888 1326 2948 dem
1371 2894 1738 2954 Cottage=Sanatorium,
1763 2900 1837 2960 nahe
1867 2903 2021 2963 ärztlichen
2061 2905 2129 2965 Kol¬

1284 2935 1389 2995 legen.

1342 2976 1401 3036 Das
1429 2978 1506 3038 Haus
1534 2978 1611 3038 hatte
1634 2979 1661 3039 er
1689 2981 1739 3041 von
1767 2984 1812 3044 dem
1854 2987 2132 3047 Burgschauspieler

1290 3020 1430 3080 Römpler
1467 3023 1598 3083 gekauft,
1626 3022 1675 3082 dem
1726 3026 1834 3086 Gatten
1875 3029 1925 3089 der
1962 3032 2134 3092 Bleibtreu.

1288 3064 1355 3124 Fast
1383 3061 1468 3121 allein
1506 3064 1582 3124 lebte
1615 3064 1641 3124 er
1674 3066 1700 3126 in
1738 3067 1828 3127 diesen
1869 3071 2019 3131 Räumen.
2078 3078 2114 3138 Im

1285 3103 1384 3163 oberen
1412 3104 1498 3164 Stock
1516 3106 1598 3166 hatte
1621 3106 1648 3166 er
1671 3108 1725 3168 sein
1757 3115 2020 3175 Arbeitszimmer,
2039 3118 2125 3178 dessen

1285 3148 1471 3208 Fensterseite
1499 3148 1525 3208 er
1553 3150 1593 3210 sich
1626 3154 1780 3214 ausbanen
1812 3156 1866 3216 ließ
1898 3157 1952 3217 und
1985 3159 2034 3219 von
2066 3160 2111 3220 dem

1283 3187 1309 3247 er
1341 3191 1362 3251 in
1399 3193 1496 3253 grüne
1524 3192 1634 3252 Gärten
1670 3196 1795 3256 schaute.
1844 3199 1924 3259 Dort
1952 3202 2049 3262 waren
2085 3204 2129 3264 bis

1285 3235 1333 3295 zur
1367 3235 1448 3295 Decke
1478 3235 1554 3295 seine
1584 3236 1694 3296 Bücher
1729 3240 1863 3300 gehäuft.
1912 3244 1994 3304 Dort
2023 3247 2128 3307 hingen

1281 3276 1401 3336 zahllose
1428 3278 1615 3338 Fotograkien
1642 3276 1695 3336 zum
1731 3282 1909 3342 Gedächtnis
1932 3282 1967 3342 on
1994 3279 2131 3339 Freund¬

1285 3321 1396 3381 schaften
1434 3319 1489 3379 und
1527 3321 1783 3381 Theatererfolge.
1840 3327 1918 3387 Dort
1947 3328 2026 3388 stand
2068 3332 2119 3392 sein

1285 3363 1444 3423 Stehpult,
1479 3363 1513 3423 an
1552 3366 1604 3426 dem
1652 3366 1682 3426 er
1717 3368 1781 3428 auch
1821 3372 2014 3432 nachmittags
2054 3375 2126 3435 öfter

1277 3406 1432 3466 arbeitete.
1483 3405 1523 3465 Er
1556 3407 1633 3467 legte
1661 3409 1706 3469 sich
1743 3413 1816 3473 nicht
1849 3417 1962 3477 nieder,
1991 3417 2041 3477 der
2069 3416 2127 3476 Er¬

1275 3450 1402 3510 müdung
1434 3452 1484 3512 zum
1525 3450 1620 3510 Trotz.

1342 3491 1399 3551 Und
1424 3492 1447 3552 so
1472 3492 1543 3552 schuf
1563 3494 1605 3554 er,
1625 3496 1706 3556 meist
1726 3496 1788 3556 nach
1812 3500 1903 3560 Ideen
1932 3500 1980 3560 von
2009 3503 2128 3563 früher,

1280 3533 1320 3593 die
1356 3536 1409 3596 nun
1454 3535 1480 3595 in
1520 3534 1702 3594 unerhörter
1738 3545 1947 3605 Lebendigkeit
1974 3547 2022 3607 sich
2063 3548 2107 3608 ihm

1280 3578 1425 3638 nochmals
1453 3578 1607 3638 beseelten,
1625 3581 1697 3641 seine
1725 3584 1906 3644 Novellistik,
1930 3587 1974 3647 von
2007 3591 2124 3651 „Fräu¬

1281 3621 1335 3681 lein
1365 3618 1447 3678 Else“
1478 3619 1527 3679 bis
1557 3625 1605 3685 zur
1635 3626 1758 3686 „Flucht
1788 3627 1812 3687 in
1847 3629 1890 3689 die
1921 3633 2126 3693 Finsternis“,

1276 3662 1342 3722 diese
1387 3664 1440 3724 aus
1489 3663 1586 3723 Traum
1644 3667 1701 3727 und
1751 3670 1950 3730 Wirklichkait
1990 3676 2118 3736 gewebte

1284 3708 1387 3768 Prosa,
1407 3707 1451 3767 die
1476 3707 1500 3767 in
1530 3709 1609 3769 ihrer
1629 3712 1870 3772 psychologischen
1900 3716 1978 3776 Tiefe
2003 3718 2057 3778 und
2087 3718 2111 3778 in

1277 3751 1354 3811 ihrer
1383 3751 1561 3811 souneränen
1600 3753 1676 3813 Form
1721 3758 1961 3818 unvergleichlich
1996 3760 2033 3820 ist
2058 3762 2115 3822 und

1281 3795 1381 3855 immer
1405 3795 1511 3855 wieder
1535 3796 1617 3856 durch
1641 3798 1722 3858 ihren
1751 3800 1962 3860 schöpfarischen
1991 3805 2115 3865 Antrieh

1275 3835 1319 3895 als
1349 3837 1532 3897 Produktion
1567 3838 1645 3898 eines
1676 3841 1789 3901 sechsten
1824 3847 2115 3907 Hebensjahrzehnts

1275 3879 1458 3939 überraschen
1493 3880 1582 3940 wird.

1325 3924 1482 3984 Schnitzler
1526 3926 1574 3986 hat
1614 3926 1640 3986 im
1695 3927 1781 3987 Alter
1820 3932 1982 3992 außerhalb
2021 3933 2113 3993 seines

2937 142 3049 202 er

2227 169 2274 229 Als
2305 175 2396 235 dieses
2422 180 2491 240 Bild
2526 180 2591 240 nach
2622 183 2713 243 vielen
2744 183 2856 243 Jahren
2891 186 2912 246 im
2956 186 3073 246 Wiener

2225 216 2295 276 Café
2321 219 2451 279 Zentral
2476 222 2656 282 auftauchte,
2682 225 2828 285 arstanden
2862 228 2954 288 sofort
2979 231 3071 291 einige

2234 263 2419 323 Psychologen
2446 266 2480 326 am
2519 270 2740 330 Marmortisch,
2762 272 2805 332 die
2818 271 2870 331 aus
2892 273 2934 333 dem
2970 275 3068 335 Samt¬

2224 303 2312 363 anzug
2346 305 2396 365 den
2430 308 2536 368 ganzen
2574 312 2687 372 Dichter
2718 312 2743 372 zu
2781 313 2907 373 erklären
2946 318 3080 378 wußten.

2221 344 2310 404 Samt
2335 345 2343 405 —
2388 347 2441 407 das
2470 350 2568 410 trugen
2601 352 2658 412 nur
2683 354 2744 414 sehr
2769 356 2842 416 feine
2871 359 3010 419 Knaben,
3027 360 3071 420 die

2226 386 2297 446 seder
2322 389 2489 449 herzhaften
2524 394 2670 454 Rauferei
2695 396 2892 456 fernblieben,
2913 398 3005 458 Samt
3035 398 3043 458 —

2221 428 2268 488 das
2303 431 2367 491 war
2398 432 2449 492 das
2480 437 2626 497 gepflegte
2657 439 2738 499 Haus
2769 438 2820 498 des
2851 443 3066 503 Universitäts¬

2227 471 2381 531 professors
2420 478 2596 538 Schnitzler,
2631 479 2677 539 dem
2730 481 2845 541 Arthur
2876 485 3073 545 entstammte.

2230 513 2281 573 Der
2303 516 2496 576 Seidensamt
2514 523 2630 583 gehörte
2657 526 2682 586 zu
2712 524 2755 584 dam
2798 527 2923 587 Dichter,
2940 530 2987 590 der
3014 530 3060 590 von

2234 557 2343 617 Jugend
2372 561 2426 621 auf
2450 563 2486 623 ein
2519 566 2684 626 eleganter,
2702 569 2886 629 kultivierter
2914 575 3070 635 Zuschauer

2224 599 2350 659 gewesen
2383 601 2434 661 ist.

2286 641 2345 701 Auf
2377 644 2427 704 dem
2478 646 2560 706 Wege
2597 650 2647 710 zur
2684 652 2789 712 großen
2831 654 2903 714 Arzt
2918 658 3073 718 Karriera,

2226 682 2266 742 die
2293 685 2341 745 der
2374 685 2462 745 Vater
2490 688 2538 748 ihm
2579 691 2762 751 vorbereitet
2785 697 2879 757 hatte,
2902 700 3000 760 verlor
3027 702 3071 762 sich

2227 727 2383 787 Schnitzler
2415 727 2441 787 in
2477 731 2526 791 der
2558 736 2813 796 Schriftstellerei.
2858 742 2974 802 Arthur
3006 745 3072 805 trug

2222 769 2335 829 damals
2365 774 2445 834 keine
2475 777 2685 837 Samtanzüge
2715 783 2812 843 mehr,
2833 784 2901 844 aber
2931 785 2960 845 er
2985 786 3065 846 hatte

2227 811 2284 871 eine
2324 815 2395 875 rasch
2431 819 2586 879 berühmte
2622 825 2865 885 Schnitzlerlocke,
2897 828 2950 888 und
2990 831 3065 891 seine

2231 855 2284 915 sehr
2317 858 2425 918 weiße,
2458 864 2557 924 weiche
2589 866 2671 926 Hand
2708 867 2821 927 wühlte
2853 871 2994 931 zuweilen
3035 873 3057 933 in

2229 894 2270 954 dem
2318 901 2481 961 französisch
2515 906 2664 966 gestutzten
2702 910 2865 970 Spitzbart.
2913 915 3067 975 Schnitzler

2234 942 2269 1002 sah
2297 945 2410 1005 damals
2438 945 2478 1005 ein
2510 947 2619 1007 bißchan
2651 951 2696 1011 dem
2733 954 2901 1014 romantisch
2924 957 3064 1017 frisierten

2229 987 2331 1047 Poeten
2374 989 2523 1049 Alphonse
2557 992 2678 1052 Daudet
2712 995 2847 1055 ähnlich,
2876 997 2926 1057 wie
2965 1001 3053 1061 diesem

2225 1028 2340 1088 kleidete
2377 1032 2420 1092 ihn
2470 1034 2536 1094 eine
2581 1037 2692 1097 sanfte,
2732 1040 2959 1100 unverlierbare
3004 1042 3070 1102 Me¬

2225 1073 2383 1133 lancholie.
2437 1078 2543 1138 Dieser
2592 1080 2683 1140 junge
2731 1082 2910 1142 Schnitzler,
2935 1085 2982 1145 der
3017 1087 3069 1147 nur

2222 1118 2366 1178 nebenbei
2390 1121 2515 1181 schrieb,
2539 1122 2646 1182 machte
2675 1127 2964 1187 außerordentlichen
2997 1130 3071 1190 Ein¬

2221 1162 2303 1222 druck
2324 1165 2375 1225 auf
2396 1165 2483 1225 junge
2510 1166 2643 1226 Frauen.
2680 1166 2741 1226 Von
2773 1169 2819 1229 der
2841 1172 2943 1232 großen
2969 1175 3067 1235 Burg¬

2223 1207 2496 1267 theatertragödin,
2521 1209 2564 1269 die
2598 1212 2684 1272 heute
2714 1211 2776 1271 noch
2810 1214 2857 1274 als
2892 1217 3059 1277 Parodistin

2220 1249 2299 1309 ihrer
2336 1251 2492 1311 heroischen
2533 1253 2633 1313 Größe
2669 1253 2770 1313 wirkt,
2801 1255 2846 1315 bis
2882 1259 2932 1319 zum
2978 1261 3063 1321 füßen

2222 1291 2330 1351 Mädel
2356 1292 2407 1352 aus
2444 1297 2608 1357 Währing,
2635 1299 2686 1359 alle
2713 1300 2898 1360 schwärmten
2934 1303 2980 1363 für
3012 1303 3057 1363 den

2218 1339 2714 1399 liebenswürdig-schwermütigen
2756 1346 2890 1406 Dichter,
2932 1348 2978 1408 der
3025 1348 3055 1408 im

2222 1380 2329 1440 Separé
2362 1385 2521 1445 begeistert
2550 1387 2675 1447 Klavier
2704 1387 2821 1447 spielte.

2279 1421 2367 1481 Adolf
2400 1424 2451 1484 von
2494 1428 2694 1488 Sonnenthal
2727 1428 2792 1488 war
2826 1431 2876 1491 es,
2905 1432 2956 1492 der
2994 1434 3040 1494 dem

2217 1467 2322 1527 Dichter
2347 1467 2395 1527 der
2419 1468 2577 1528 „Liebelei“
2602 1470 2645 1530 die
2669 1471 2741 1531 Tore
2766 1471 2813 1531 des
2833 1476 3054 1536 Burgtheaters

2212 1509 2332 1569 öffnete.
2357 1512 2426 1572 Auch
2457 1513 2481 1573 in
2516 1513 2606 1573 diesen
2636 1515 2870 1575 Glücksjahren,
2891 1518 2920 1578 da
2950 1521 2980 1581 er
3010 1520 3064 1580 mit

2220 1554 2313 1614 Liebe,
2328 1557 2500 1617 Tantiemen
2534 1557 2584 1617 und
2613 1560 2809 1620 europäischem
2852 1562 2936 1622 Ruhm
2974 1564 3057 1624 über¬

2222 1598 2337 1658 schüttet
2357 1601 2473 1661 wurde,
2492 1602 2525 1662 ist
2550 1602 2607 1662 eine
2632 1605 2839 1665 eingefleischte
2869 1607 3061 1667 Melancholie

2211 1640 2281 1700 nicht
2305 1643 2380 1703 ganz
2409 1643 2460 1703 von
2499 1646 2659 1706 Schnitzler
2687 1648 2842 1708 gewichen.
2866 1646 2937 1706 Sein
2970 1651 3054 1711 erster

2219 1685 2386 1745 Bucherfolg
2411 1688 2472 1748 war
2497 1690 2559 1750 eine
2579 1691 2712 1751 Novelle,
2728 1691 2770 1751 die
2795 1691 2957 1751 „Sterben“
2982 1696 3063 1756 hieß.

2214 1727 2277 1787 Das
2309 1733 2531 1793 Todesproblem
2576 1733 2630 1793 hat
2658 1734 2707 1794 den
2744 1734 2816 1794 Arzt
2849 1736 2903 1796 und
2939 1739 3052 1799 Dichter

2212 1773 2366 1833 Schnitzler
2390 1775 2431 1835 nie
2455 1778 2614 1838 verlassen;
2633 1778 2722 1838 dieses
2746 1779 2913 1839 verwöhnte
2937 1781 3054 1841 Glücks¬

2213 1814 2270 1874 kind
2299 1816 2370 1876 blieb
2399 1820 2504 1880 immer
2528 1822 2614 1882 etwas
2643 1822 2834 1882 grüblerisch,
2854 1826 3059 1886 monologisch,

2213 1858 2251 1918 sich
2275 1861 2361 1921 seibst
2381 1861 2438 1921 und
2463 1864 2553 1924 seinen
2582 1866 2716 1926 Nächsten
2741 1867 2961 1927 analysierend.
2981 1870 3052 1930 Eine

2214 1903 2302 1963 schöne
2322 1905 2420 1965 Frau,
2440 1906 2489 1966 der
2509 1909 2666 1969 Schnißler
2691 1910 2764 1970 viele
2784 1910 2877 1970 Jahre
2897 1915 3054 1975 gehuldigt

2212 1946 2266 2006 und
2296 1948 2334 2008 die
2360 1950 2404 2010 sich
2434 1952 2492 2012 doch
2522 1952 2576 2012 von
2606 1954 2650 2014 ihm
2690 1954 2842 2014 gewendet
2862 1958 2955 2018 hatte,
2976 1960 3049 2020 sagte

2213 1993 2318 2053 einmal
2343 1996 2579 2056 entschuldigend
2610 1999 2635 2059 zu
2671 1999 2756 2059 seinen
2792 2002 2968 2062 Freunden:
2993 2005 3048 2065 „Er

2207 2037 2239 2097 ist
2264 2035 2300 2095 ein
2334 2038 2583 2098 Seelenbohrer."

2267 2076 2357 2136 Seine
2387 2083 2628 2143 psychologischen
2669 2085 2885 2145 Bohrversuche
2911 2090 3041 2150 brachten

2207 2121 2361 2181 Schnitzler
2390 2124 2507 2184 einmal
2535 2127 2623 2187 sogar
2652 2127 2680 2187 in
2713 2130 2956 2190 revolutionären
2994 2132 3054 2192 Ge¬

2203 2164 2280 2224 ruch.
2309 2166 2352 2226 Er
2377 2167 2458 2227 hatte
2483 2166 2530 2226 den
2565 2170 2709 2230 Monolog
2739 2173 2820 2233 eines
2850 2175 3057 2235 durchschnitt¬

2207 2208 2283 2268 lichen
2327 2211 2567 2271 österreichischen
2601 2217 2745 2277 Offiziers
2784 2220 2976 2280 geschrieben,
3005 2220 3053 2280 die

2204 2252 2319 2312 Novelle
2353 2254 2512 2314 Leutnant
2532 2256 2638 2316 Gustl“
2667 2258 2715 2318 und
2744 2260 2825 2320 sollte
2845 2261 2927 2321 durch
2951 2264 3042 2324 diesen

2205 2297 2492 2357 Seelenquerschnitt
2532 2299 2587 2359 das
2622 2302 2750 2362 Ansehen
2800 2304 2849 2364 der
2884 2304 2924 2364 K.
2954 2308 2988 2368 u.
3013 2309 3052 2369 K.

2202 2339 2302 2399 Armee
2337 2342 2529 2402 herabgesetzt
2564 2345 2674 2405 haben.
2708 2346 2770 2406 Zur
2805 2348 2910 2408 Strafe
2945 2352 3045 2412 wurde

2202 2384 2356 2444 Schnitzler
2399 2386 2497 2446 seiner
2544 2390 2938 2450 Reserve=Offizierswürde
2986 2395 3050 2455 ant¬

2200 2426 2310 2486 kleidet.
2340 2426 2378 2486 Er
2398 2430 2537 2490 änderte,
2556 2434 2850 2494 selbstverständlich,
2865 2437 2936 2497 nicht
2961 2440 3037 2500 einen

2208 2467 2339 2527 3-Punkt
2368 2470 2399 2530 an
2440 2472 2531 2532 seinem
2577 2473 2681 2533 Werk,
2705 2476 2759 2536 wie
2791 2476 2818 2536 er
2855 2479 2923 2539 denn
2960 2481 3050 2541 über¬

2202 2512 2292 2572 haupt
2316 2509 2378 2569 eher
2407 2516 2584 2576 eigensinnig
2613 2520 2660 2580 als
2684 2521 2871 2581 nachgiebig,
2886 2526 3038 2586 jedenfalle

2201 2554 2224 2614 in
2252 2555 2332 2615 jeder
2356 2557 2477 2617 Minute
2501 2562 2547 2622 sich
2576 2562 2664 2622 selber
2688 2566 2744 2626 treu
2778 2566 2894 2626 gewesen
2928 2570 2974 2630 ist.

2254 2602 2283 2662 In
2317 2602 2409 2662 seinen
2443 2602 2535 2662 letzten
2570 2609 2812 2669 Lebensjahren,
2832 2611 2953 2671 nachdem
2997 2615 3040 2675 ihn

2197 2640 2255 2700 viel
2283 2646 2424 2706 Kummer
2451 2646 2592 2706 getroffen
2624 2650 2633 2710 —
2684 2652 2756 2712 seine
2784 2652 2861 2712 Frau
2893 2655 2970 2715 hatte
2998 2658 3038 2718 sich

2201 2688 2247 2748 von
2276 2688 2317 2748 ihm
2355 2688 2504 2748 getrennt,
2524 2693 2593 2753 seine
2612 2694 2728 2754 Tochter
2743 2697 2794 2757 hat
2813 2697 2836 2757 in
2860 2701 3036 2761 Selbstmord

2196 2730 2314 2790 geendet
2341 2732 2350 2792 —
2396 2733 2491 2793 suchte
2514 2736 2545 2796 er
2573 2736 2627 2796 auf
2650 2739 2790 2799 einsamen
2827 2745 3040 2805 Wienerwald¬

2205 2775 2423 2835 Wanderungen
2460 2779 2532 2839 neue
2560 2781 2651 2841 Kraft
2674 2784 2701 2844 zu
2734 2786 2838 2846 holen.
2875 2789 2970 2849 Seine
2998 2790 3043 2850 be¬

2197 2817 2310 2877 rühmte
2347 2820 2539 2880 Dichterlocke
2575 2823 2639 2883 war
2680 2826 2748 2886 weiß
2790 2829 2940 2889 geworden
2981 2832 3035 2892 und

2193 2861 2244 2921 sein
2287 2864 2468 2924 strahlendes
2501 2866 2580 2926 Auge
2618 2869 2720 2929 müde.
2763 2871 2804 2931 Er
2842 2872 2902 2932 war
2940 2876 3038 2936 zuletzt

2194 2906 2292 2966 immer
2323 2909 2401 2969 mehr
2421 2909 2470 2969 der
2495 2911 2628 2971 Schatten
2658 2913 2746 2973 seiner
2772 2915 2870 2975 selbst,
2885 2917 2929 2977 die
2950 2921 3038 2981 große

2190 2951 2316 3011 Trauer,
2336 2954 2379 3014 die
2403 2954 2452 3014 ihn
2486 2955 2548 3015 auch
2579 2956 2602 3016 in
2637 2957 2830 3017 Glückstagen
2865 2962 2937 3022 nicht
2967 2966 3039 3026 ganz

2196 2996 2352 3056 verlassen,
2373 2999 2515 3059 umhüllte
2546 3002 2591 3062 den
2627 3005 2906 3065 Siebzigjährigen.

2316 3129 2591 3189 Aussprüche
2635 3139 2909 3199 Schnitzlers,

2379 3196 2439 3256 die
2480 3199 2601 3259 Zitat
2636 3202 2845 3262 wurden:

2244 3256 2304 3316 Wir
2330 3263 2445 3323 spiele.,
2466 3267 2587 3327 immer,
2608 3268 2668 3328 nor
2689 3270 2719 3330 es
2745 3273 2835 3333 weiß,
2856 3276 2891 3336 ist
2912 3278 2992 3338 klug.

2246 3360 2339 3420 Lieben
2378 3365 2476 3425 heißt,
2501 3369 2552 3429 für
2581 3372 2698 3432 jemand
2732 3375 2859 3435 anderen
2893 3380 2949 3440 auf
2977 3382 3024 3442 der

2189 3407 2272 3467 Welt
2299 3409 2376 3469 sein.

2245 3488 2380 3548 Glücklich
2406 3492 2516 3552 machen
2547 3494 2577 3554 ist
2598 3496 2703 3556 besser,
2724 3499 2764 3559 als
2790 3501 2930 3561 schuldlos
2956 3504 3026 3564 sein.

2237 3578 2325 3638 Mehr
2352 3584 2503 3644 Haltung,
2524 3589 2649 3649 weniger
2676 3590 2769 3650 Geist!

2234 3667 2289 3727 Die
2315 3672 2401 3732 Seels
2421 3674 2451 3734 ist
2477 3676 2518 3736 ein
2543 3679 2645 3739 weites
2671 3681 2761 3741 Land.

2235 3760 2295 3820 Das
2323 3763 2423 3823 Altern
2457 3766 2489 3826 ist
2512 3768 2573 3828 eine
2596 3772 2722 3832 einsame
2745 3778 2983 3838 Beschäftigung.

2234 3845 2390 3905 Nachwelt
2408 3850 2495 3910 gibt's
2523 3853 2583 3913 auch
2610 3855 2662 3915 nur
2689 3856 2740 3916 für
2759 3856 2801 3916 die
2820 3859 2994 3919 Lebendigen

2234 3936 2287 3996 Die
2312 3939 2400 3999 Toten
2431 3942 2602 4002 schweigen.
