3248 4384
241 213 297 273 und
329 213 411 273 selbst
443 213 739 273 „Steckenpferden“
770 217 827 277 auf
854 219 931 279 feine
958 219 1024 279 Art
1046 219 1258 279 schmeicheln;
1285 220 1321 280 sie
1352 220 1425 280 wird
1462 221 1596 281 schlossen
1633 223 1794 283 werden",
1821 224 1908 284 einer
1940 223 2049 283 kleinen
2086 222 2251 282 Revision.

2789 249 2877 309 e
2983 248 3060 308 e
3166 246 3203 306 da

2675 294 2786 354 jungen
2820 291 2973 351 Menschen
3003 291 3060 351 von
3090 294 3215 354 damals

2669 339 2716 399 Um
2760 339 2832 399 diese
2861 338 2967 398 innere
2991 339 3203 399 Entwicklung

2673 393 2705 453 zu
2733 387 2808 447 tun,
2827 385 2883 445 nur
2907 387 2945 447 um
2983 386 3034 446 sie.
3053 387 3137 447 Und,
3157 387 3189 447 um

294 401 1402 461 Unveröffentlichte
1477 403 2603 463 Schnitzler=Briefe

2670 431 2725 491 der
2761 431 3019 491 Mannwerdung
3055 431 3146 491 seiner
3182 432 3242 492 beil

2666 479 2755 539 Rott
2787 479 2844 539 und
2876 479 2980 539 Anton
3023 479 3185 539 Liesegang

2665 527 2911 587 reproduzieren
2946 528 2975 588 zu
3009 526 3144 586 können,
3189 528 3222 588 op

2670 576 2866 636 Handlung,
2892 575 2998 635 opfert
3029 573 3059 633 er
3095 573 3226 633 Zusamr

267 569 522 629 über
609 573 780 633 die
867 573 2629 633 „Teutnant=BusirMffare.

2666 622 2820 682 Wirkung
2853 619 2900 679 des
2933 619 3066 679 Buches.
3088 619 3178 679 Denn
3205 620 3220 680 e

2670 672 2711 732 an
2748 673 2794 733 sich
2825 668 2908 728 zwar
2940 665 3043 725 ebenso
3075 667 3225 727 originell

783 699 947 759 Eine
994 703 1324 763 Sensation
1389 700 1489 760 vor
1536 703 1775 763 dreißig
1831 707 2105 767 Jahren.

2671 719 2731 779 vom
2777 715 3114 775 Frühlingserwachen
3148 715 3170 775 im
3215 717 3225 777 V

2667 763 3092 823 religionsphilosophischen
3132 762 3238 822 Gespri

1408 773 1479 833 Von

2670 811 2826 871 Debatten
2857 811 2993 871 zwischen
3024 808 3068 868 dem
3109 808 3230 868 Gymne

1143 851 1358 911 Theodor
1399 850 1445 910 v.
1473 852 1755 912 Sosnosky.

2671 858 2894 918 unterbrochen
2931 857 2962 917 zu
2994 857 3098 917 sehen.
3140 855 3212 915 Wer

2674 906 2818 966 Thomas
2850 903 2906 963 von
2943 903 3040 963 Aquin
3077 905 3149 965 lesen
3186 903 3216 963 un

353 928 425 988 Der
451 928 585 988 heutigen
621 930 812 990 Generation
844 930 941 990 dürfte
968 930 993 990 es
1024 930 1091 990 kaum
1133 929 1267 989 bekannt
1288 927 1365 987 sein,
1386 927 1432 987 daß

1467 928 1571 988 wehr,
1589 929 1660 989 der.
1666 930 1699 990 er
1728 932 1788 992 nun
1822 933 1943 993 einmal
1966 933 2048 993 war,
2071 933 2120 993 dem
2165 937 2259 997 Rufe,
2282 939 2331 999 sich
2359 939 2392 999 zu
2421 939 2653 999 rechtfertigen,

2675 955 2755 1015 nicht
2783 954 2847 1014 nach
2881 951 2956 1011 Max
2984 951 3086 1011 Brod,
3109 951 3232 1011 sonderr

249 975 314 1035 eine
340 976 466 1036 Novelle
492 977 593 1037 Artur
613 978 800 1038 Schnitzlers
831 977 902 1037 einst
928 978 998 1038 kaum
1040 976 1100 1036 viel
1126 977 1262 1037 weniger
1288 975 1434 1035 Aufsehen

1470 976 1552 1036 hätte
1573 978 1748 1038 unbedingt
1769 983 1867 1043 Folge
1893 982 1990 1042 leisten
2022 981 2145 1041 müssen.
2161 983 2207 1043 Er
2228 984 2310 1044 hätte
2337 987 2413 1047 dann
2445 987 2651 1047 Gelegenheit

2777 999 2898 1059 Schade
2930 998 2988 1058 also
3026 999 3057 1059 um
3110 999 3152 1059 die
3184 1001 3226 1061 Er

252 1023 354 1083 erregt
381 1023 437 1083 und
468 1023 571 1083 Staub
602 1026 823 1086 aufgewirbelt
849 1026 915 1086 hat,
937 1026 982 1086 als
1014 1026 1091 1086 viele
1117 1026 1220 1086 Jahre
1246 1026 1343 1086 später
1375 1025 1426 1085 sein
1467 1023 1601 1083 gehabt,
1622 1024 1678 1084 vor
1704 1026 1755 1086 dem
1797 1029 1962 1089 Ehrenrat
1988 1029 2080 1089 seinen
2111 1032 2322 1092 Standpunkt
2343 1035 2373 1095 zu
2405 1035 2579 1095 vertreten,
2606 1037 2646 1097 die

2672 1049 2802 1109 Blöcken
2837 1047 3054 1107 theoretischer
3083 1047 3230 1107 Diskussi¬

257 1072 435 1132 „Reigen“.
451 1072 524 1132 Man
551 1073 603 1133 hat
625 1073 761 1133 darüber
783 1073 830 1133 die
851 1073 1003 1133 heftigsten
1030 1072 1209 1132 Leitartikel
1230 1069 1282 1129 vom
1320 1069 1440 1129 Stapel
1467 1070 1630 1130 schwachen
1662 1075 1851 1135 Argumente
1878 1076 1972 1136 seiner
1993 1076 2114 1136 Gegner
2135 1079 2166 1139 ad
2193 1081 2345 1141 absurdum
2388 1084 2414 1144 zu
2441 1082 2566 1142 führen,
2588 1084 2640 1144 und

2677 1096 2791 1156 immer
2821 1094 2935 1154 wieder
2971 1094 3134 1154 versickert.
3160 1094 3223 1154 Den

250 1122 401 1182 gelassen,
423 1119 471 1179 für
504 1118 557 1178 und
590 1120 687 1180 wider
715 1120 768 1180 das
801 1120 903 1180 Buch;
925 1121 995 1181 man
1028 1120 1081 1180 hat
1109 1120 1162 1180 den
1195 1119 1351 1179 Verfasser
1379 1116 1432 1176 vor
1466 1116 1503 1176 es
1530 1120 1622 1180 ihnen
1655 1124 1816 1184 jedenfalls
1849 1126 1951 1186 schwer
2000 1128 2151 1188 gemacht,
2189 1132 2280 1192 gegen
2335 1131 2383 1191 ihn
2437 1134 2653 1194 vorzugehen.

2678 1142 2816 1202 schildert
2849 1142 2934 1202 Brod
2972 1139 3030 1199 mit
3057 1141 3110 1201 der
3137 1142 3233 1202 ganze

251 1167 336 1227 einen
368 1166 585 1226 militärischen
623 1169 788 1229 Ehrenrat
815 1169 921 1229 zitiert
969 1169 1032 1229 und
1081 1166 1134 1226 ihm
1198 1168 1362 1228 schließlich
1400 1163 1442 1223 die

1467 1168 1630 1228 Dadurch,
1653 1172 1703 1232 daß
1727 1172 1754 1232 er
1772 1172 1833 1232 dies
1856 1175 2025 1235 unterließ,
2048 1177 2103 1237 also
2121 1179 2205 1239 gegen
2234 1178 2306 1238 seine
2324 1178 2520 1238 militärische
2538 1178 2650 1238 Pflicht
2679 1190 2853 1250 Könnens.
2899 1188 2943 1248 Da
2983 1187 3039 1247 sind
3073 1187 3123 1247 die
3152 1187 3214 1247 beid

251 1217 639 1277 Reserveoffizierscharge
671 1217 857 1277 aberkannt.
878 1217 919 1277 Es
945 1216 1012 1276 war
1038 1214 1085 1274 die
1111 1214 1240 1274 Novelle
1267 1211 1421 1271 „Leutnan

1466 1217 1613 1277 verstieß,
1635 1225 1687 1285 goß
1725 1223 1756 1283 er
1783 1223 1845 1283 nur
1873 1225 1988 1285 Wasser
2020 1223 2072 1283 auf
2094 1224 2157 1284 ihre
2184 1227 2337 1287 Mühlen.
2364 1228 2437 1288 Man
2474 1227 2553 1287 wird
2585 1226 2648 1286 ein¬

2681 1238 2819 1298 Stephan
2857 1235 2963 1295 erhält
2996 1235 3091 1295 seinen
3129 1235 3224 1295 letzten

247 1262 395 1322 Gustel“,
407 1264 454 1324 die
476 1262 566 1322 diesen
593 1265 688 1325 Sturm
731 1265 815 1325 gegen
842 1265 1007 1325 Schnitzler
1029 1261 1320 1321 heraufbeschworen
1353 1259 1448 1319 hatte.

1465 1265 1605 1325 penden,
1626 1268 1657 1328 er
1689 1268 1729 1328 sei
1751 1268 1818 1328 eben
1855 1272 1886 1332 zu
1917 1274 1990 1334 stolz
2016 1274 2161 1334 gewesen,
2188 1277 2234 1337 sich
2266 1277 2296 1337 zu
2333 1274 2541 1334 verteidigen.
2567 1274 2645 1334 Aber

2678 1282 2858 1342 Katecheten
2890 1282 3039 1342 Werder,
3061 1282 3122 1342 mit
3148 1282 3199 1342 dem

251 1310 325 1370 Wer
352 1309 441 1369 dieses
473 1309 552 1369 Buch
585 1311 669 1371 heute
696 1312 754 1372 zur
781 1311 870 1371 Hand
902 1311 1018 1371 nimmt
1046 1309 1119 1369 und,
1141 1309 1214 1369 etwa
1247 1306 1336 1366 durch
1363 1306 1442 1366 diese

1466 1312 1498 1372 es
1527 1315 1592 1375 gibt
1621 1315 1725 1375 Fälle,
1770 1318 1797 1378 in
1831 1320 1919 1380 denen
1959 1321 2024 1381 man
2058 1321 2113 1381 dies
2147 1323 2229 1383 nicht
2252 1324 2312 1384 sein
2346 1322 2434 1382 darf:
2479 1324 2534 1384 qui
2557 1322 2639 1382 tacet

2675 1331 2859 1391 Beziehung
2892 1330 3027 1390 zwischen
3066 1330 3179 1390 Lehrer

251 1359 351 1419 Zeilen
383 1357 568 1417 aufmerksam
606 1357 759 1417 gemacht,
776 1358 859 1418 darin
892 1357 955 1417 nach
982 1357 1029 1417 dem
1067 1357 1167 1417 Anlaß
1194 1354 1284 1414 dieses
1311 1354 1442 1414 Sturms

1469 1361 1642 1421 consentire
1672 1366 1869 1426 videtur...

2682 1376 2846 1436 Stephans
2874 1375 2958 1435 Liebe
2982 1378 3009 1438 zu
3038 1376 3117 1436 Frau
3146 1378 3224 1438 Liese

251 1405 351 1465 suchen
386 1405 481 1465 sollte,
507 1403 557 1463 der
588 1405 693 1465 würde
723 1402 753 1462 es
789 1405 964 1465 vermutlich
1000 1402 1171 1462 vergebens
1201 1403 1276 1463 tun,
1297 1402 1372 1462 denn
1408 1400 1437 1460 er

1577 1409 1642 1469 Der
1673 1411 1768 1471 „Fall
1787 1414 1980 1474 Schnitzler“
2011 1417 2197 1477 beschäftigte
2228 1417 2300 1477 mich
2325 1417 2451 1477 damals
2481 1414 2499 1474 —
2554 1417 2584 1477 es
2615 1417 2656 1477 ist
2687 1424 2747 1484 und
2784 1423 2921 1483 versucht
2946 1423 3006 1483 nun
3043 1423 3103 1483 mit
3134 1423 3181 1483 dem

244 1450 348 1510 dürfte
368 1450 466 1510 nichts
493 1450 577 1510 darin
610 1451 734 1511 finden,
754 1450 819 1510 was
852 1450 956 1510 solches
990 1450 1133 1510 Aufsehen
1167 1450 1343 1510 begreiflich
1370 1450 1428 1510 und
1468 1455 1591 1515 dreißig
1618 1456 1742 1516 Jahren
1775 1456 1820 1516 her
1854 1457 1867 1517 —
1913 1458 1939 1518 so
1966 1459 2109 1519 intensv,
2129 1461 2181 1521 daß
2214 1462 2252 1522 ich
2279 1462 2337 1522 das
2364 1462 2540 1522 Bedürfnis
2567 1460 2651 1520 emp¬

2681 1468 2872 1528 Dogmatik,
2897 1469 2945 1529 der
2983 1468 3205 1528 Kirgenväter

251 1494 294 1554 ein
327 1497 466 1557 derärtig
494 1497 704 1557 dratonisches
737 1496 839 1556 Urteil
866 1497 1028 1557 berechtigt
1056 1497 1217 1557 erscheinen
1255 1497 1346 1557 ließe.
1368 1496 1432 1556 Der

1474 1503 1567 1563 fand,
1587 1502 1655 1562 ihn,
1674 1501 1818 1561 unbeirrt
1844 1505 1924 1565 durch
1950 1507 1999 1567 die
2019 1509 2094 1569 zwei
2114 1509 2288 1569 feindlichen
2320 1509 2439 1569 Lager,
2452 1509 2645 1569 ausführlich

2682 1512 2812 1572 Freund
2838 1513 2893 1573 auf
2919 1512 2968 1572 den
3000 1512 3143 1572 richtigen
3181 1510 3237 1570 Pf.

254 1543 411 1603 Menschen
446 1545 502 1605 von
531 1545 638 1605 heute,
661 1545 757 1605 denen
792 1545 836 1605 die
865 1545 1023 1605 strengen,
1046 1544 1158 1604 starren
1193 1543 1357 1603 Standes=
1385 1542 1441 1602 und

1477 1556 1506 1616 zu
1537 1551 1692 1611 erörtern,
1711 1551 1777 1611 was
1808 1553 1885 1613 dann
1916 1554 1982 1614 auch
2007 1557 2030 1617 in
2061 1557 2145 1617 einer
2169 1558 2278 1618 seither
2303 1557 2404 1617 längst
2429 1557 2645 1617 verschollenen
2688 1562 2730 1622 ist
2755 1562 2905 1622 übrigens
2935 1560 3020 1620 nicht
3050 1559 3104 1619 das
3135 1557 3212 1617 Verd

253 1593 454 1653 Ehrbegriffe
484 1593 541 1653 von
576 1593 650 1653 einst
680 1593 772 1653 völlig
807 1593 904 1653 frend
934 1593 1014 1653 sind,
1044 1593 1112 1653 geht
1142 1593 1193 1653 das
1228 1592 1436 1652 Verständni¬

1473 1599 1604 1659 Wiener
1623 1599 1798 1659 Zeitschrift
1817 1605 1960 1665 geschehen
1992 1606 2033 1666 ist.
2052 1607 2099 1667 Ich
2124 1607 2190 1667 ging
2221 1605 2311 1665 dabei
2330 1605 2384 1665 von
2408 1605 2456 1665 der
2481 1605 2493 1665 —
2535 1606 2649 1666 irriger

2683 1610 2736 1670 des
2760 1610 2949 1670 intriganten
2986 1608 3216 1668 Rechtanwalts

256 1640 307 1700 für
335 1638 386 1698 das
420 1639 544 1699 schwere
572 1640 752 1700 Vergehen,
776 1641 831 1701 das
867 1641 1035 1701 Schnitzler
1064 1640 1148 1700 durch
1183 1639 1233 1699 die
1262 1638 1441 1698 Veröffent¬

1558 1648 1728 1708 Annahme
1782 1650 1858 1710 aus,
1905 1651 1934 1711 er
1964 1653 2005 1713 sei
2029 1655 2246 1715 hauptsächlich
2282 1656 2381 1716 wegen
2417 1656 2517 1716 seines
2547 1656 2652 1716 Nicht¬

2680 1659 2768 1719 Frau
2804 1656 2988 1716 Liesegangs
3024 1653 3082 1713 und
3113 1654 3212 1714 Geldg

253 1689 373 1749 lichung
403 1689 488 1749 dieser
517 1689 623 1749 Arbeit
645 1689 802 1749 begangen
832 1689 924 1749 haben
953 1689 1024 1749 soll,
1039 1689 1188 1749 natürlich
1217 1689 1367 1749 durchaus
1397 1687 1446 1747 ab.
1475 1695 1660 1755 erscheinens
1696 1698 1753 1758 vor
1790 1699 1839 1759 dem
1890 1702 2060 1762 Ehrenrate
2090 1704 2146 1764 des
2175 1704 2454 1764 Offiziersranges
2490 1704 2653 1764 entkleidet
2683 1704 2769 1764 Eine
2798 1704 2890 1764 etwas
2919 1702 3090 1762 schmutzige
3112 1704 3240 1764 Beziehr

356 1742 407 1802 Ob
436 1742 597 1802 Schnitzler
621 1742 678 1802 mit
696 1742 793 1802 seiner
811 1743 995 1803 Erzählung
1020 1742 1082 1802 eine
1106 1742 1278 1802 bestimmte
1296 1742 1440 1802 Tendenz
1470 1745 1619 1805 worden,
1648 1746 1706 1806 und
1741 1745 1821 1805 hielt
1851 1747 1902 1807 ihm
1949 1751 2029 1811 darin
2070 1751 2139 1811 auch
2186 1751 2260 1811 vor,
2295 1753 2353 1813 daß
2400 1753 2428 1813 er
2469 1754 2520 1814 sich
2561 1754 2652 1814 durch

2682 1753 2738 1813 vor
2767 1750 2818 1810 den
2852 1751 2954 1811 Augen
2988 1748 3039 1808 der
3068 1748 3170 1808 beiden
3204 1747 3237 1807 Il

248 1790 281 1850 im
326 1792 414 1852 Auge
442 1790 525 1850 hatte
553 1790 614 1850 und
648 1791 703 1851 den
737 1791 920 1851 grausamen
959 1790 1131 1850 Widersinn
1170 1790 1247 1850 eines
1287 1790 1447 1850 Standes¬

1471 1796 1548 1856 seine
1591 1796 1891 1856 Herausforderung
1941 1800 2019 1860 eines
2062 1799 2302 1859 Schuldurteils
2345 1802 2441 1862 höchst
2478 1802 2646 1862 peinlichen
2689 1799 2766 1859 wird
2804 1799 2894 1859 durch
2931 1796 2978 1856 die
3009 1796 3231 1856 ernüchternde

252 1840 382 1900 begriffs
411 1841 609 1901 anprangern
644 1838 762 1898 wollte,
785 1840 836 1900 der
865 1839 910 1899 den
945 1840 1080 1900 Offizier
1103 1838 1171 1898 auch
1206 1838 1284 1898 dann
1313 1838 1443 1898 schuldig

2679 1847 2869 1907 Nutznießer
2891 1844 2941 1904 der
2964 1844 3143 1904 amourösen
3177 1844 3238 1904 Abe

1475 1844 1678 1904 Situationen
1725 1845 1888 1905 ausgesetzt
1928 1847 2018 1907 habe,
2047 1850 2126 1910 denn
2172 1850 2200 1910 er
2240 1850 2335 1910 müsse
2370 1850 2403 1910 es
2444 1850 2494 1910 sich
2535 1850 2652 1910 künftig

252 1887 351 1947 sprach
385 1886 446 1946 und
480 1887 529 1947 ihm
580 1888 674 1948 seinen
713 1889 1029 1949 Offizierscharakter
1063 1886 1268 1946 aberkannte,
1297 1886 1379 1946 wenn
1419 1888 1446 1948 er

2680 1895 2736 1955 der
2765 1892 2963 1952 Anarchisten
2998 1892 3174 1952 getrieben.
3203 1892 3213 1952 S

1472 1893 1598 1953 gefallen
1628 1893 1742 1953 lassen,
1760 1896 1812 1956 daß
1847 1898 1985 1958 jemand,
2003 1898 2055 1958 der
2079 1898 2124 1958 sich
2154 1896 2188 1956 an
2223 1897 2274 1957 das
2304 1898 2407 1958 Urteil
2431 1898 2534 1958 halte,
2575 1898 2644 1958 iner

253 1933 344 1993 durch
377 1933 442 1993 eine
475 1935 609 1995 tückische
642 1933 701 1993 Vis
734 1935 836 1995 major
870 1936 923 1996 der
956 1936 1118 1996 Umstände
1151 1935 1339 1995 verhindert
1367 1935 1453 1995 war,

2680 1942 2755 2002 über
2784 1939 2830 1999 die
2854 1939 3063 1999 Entdeckung,
3087 1939 3139 1999 daß
3168 1939 3220 1999 sein

1475 1941 1559 2001 Gruß
1600 1942 1791 2002 unerwidert
1826 1943 1910 2003 lasse.
1933 1943 2023 2003 Diese
2051 1945 2164 2005 Arbeit
2193 1945 2378 2005 übersandte
2407 1945 2446 2005 ich
2481 1948 2649 2008 Schuitzlei

249 1984 300 2044 die
324 1984 369 2044 ihm
434 1983 589 2043 angetane
612 1983 820 2043 Beleidigung
855 1984 906 2044 auf
930 1984 981 2044 der
1005 1984 1102 2044 Stelle
1143 1984 1437 2044 vorschriftsmäßig
1472 1988 1529 2048 mit
1559 1990 1639 2050 einem
1686 1992 1980 2052 Begleitschreiben,
2004 1995 2130 2055 nachdem
2171 1995 2211 2055 ich
2240 1995 2320 2055 schon
2356 1996 2465 2056 vorher
2494 1995 2638 2055 gelegent

2683 1994 2717 2054 zu
2752 1987 2876 2047 lieben,
2898 1987 2953 2047 ihm
3002 1987 3090 2047 allein
3127 1987 3160 2047 zu
3195 1990 3229 2050 ge

255 2037 286 2097 zu
325 2032 458 2092 ahnden,
491 2032 561 2092 oder
593 2032 624 2092 ob
664 2032 714 2092 dem
759 2032 918 2092 Verfasser
957 2032 1014 2092 nur
1047 2031 1084 2091 um
1136 2030 1187 2090 das
1226 2032 1436 2092 psychologisch
1475 2035 1525 2095 lich
1564 2038 1647 2098 einer
1673 2038 1806 2098 anderen
1845 2040 1947 2100 Sache
1973 2042 2107 2102 brieflich
2139 2046 2196 2106 auf
2229 2045 2324 2105 seinen
2363 2044 2439 2104 Fall
2465 2045 2567 2105 Bezug
2599 2043 2656 2103 ge¬
2682 2036 2822 2096 Doktors
2848 2034 2950 2094 Urban
2976 2035 3026 2095 ist,
3046 2035 3122 2095 nicht
3149 2036 3173 2096 so
3193 2037 3231 2097 àu

2687 2083 2877 2143 verzweifelt
2907 2083 2935 2143 er
2971 2082 3006 2142 an
3041 2080 3092 2140 der
3128 2081 3226 2141 Welt,

253 2081 379 2141 fraglos
408 2080 609 2140 interessante
633 2081 793 2141 Dilemma
829 2080 920 2140 dieses
955 2080 1059 2140 Falles
1088 2081 1116 2141 zu
1152 2080 1203 2140 tun
1238 2080 1364 2140 gewesen
1399 2084 1450 2144 ist,
1474 2087 1617 2147 nommen
1653 2088 1756 2148 hatte.
1774 2089 1853 2149 Hier
1884 2091 1958 2151 seine
1987 2092 2165 2152 Antworten
2206 2092 2263 2152 auf
2287 2092 2361 2152 diese
2390 2092 2493 2152 beiden
2529 2093 2655 2153 Briefe:

254 2129 327 2189 mag
361 2130 575 2190 dahingestellt
604 2128 746 2188 bleiben.
791 2133 836 2193 In
876 2128 1091 2188 militärischen
1125 2128 1249 2188 Kreisen
1284 2128 1339 2188 hat
1374 2128 1441 2188 man

2688 2131 2771 2191 selbst
2790 2131 2917 2191 zufällig
2942 2131 2989 2191 den
3020 2130 3122 2190 Anlaß
3153 2132 3225 2192 dazu

2258 2157 2391 2217 Wien,
2410 2159 2458 2219 26.
2476 2160 2513 2220 5.
2532 2160 2622 2220 1901.

2684 2178 2840 2238 Bankier,
2859 2178 2956 2238 Herrn
2993 2175 3174 2235 Liesegangs
3205 2175 3216 2235 U

254 2176 419 2236 jedenfalls
447 2178 568 2238 ersteres
597 2176 851 2236 angenommen,
868 2178 900 2238 um
940 2178 967 2238 so
990 2178 1094 2238 mehr,
1112 2175 1155 2235 als
1183 2177 1349 2237 Schnitzler
1372 2175 1449 2235 diese

2688 2226 2814 2286 Antons
2840 2226 2870 2286 so
2903 2223 2959 2283 aus
2992 2220 3041 2280 der
3074 2223 3237 2283 Einflußs,

259 2225 362 2285 Kreise
386 2226 466 2286 schon
501 2226 587 2286 durch
622 2226 680 2286 sein
715 2226 836 2286 Drama
871 2223 1062 2283 „Freiwild“
1097 2224 1212 2284 gereizt
1241 2223 1339 2283 hatte.
1368 2223 1443 2283 Aber

1583 2241 1657 2301 ....
1678 2241 1765 2301 Ihren
1793 2239 2002 2299 Bemerkungen
2030 2243 2076 2303 zum
2118 2241 2266 2301 Leutnant
2287 2241 2368 2301 Gustl
2389 2243 2489 2303 müssen
2517 2244 2571 2304 Sie
2599 2244 2652 2304 mit

2681 2274 2777 2334 durch
2802 2274 2867 2334 auch
2892 2271 2976 2331 Frau
3007 2271 3127 2331 Phyllis
3152 2271 3200 2331 die

252 2275 318 2335 auch
357 2276 517 2336 abgesehen
557 2274 612 2334 von
657 2274 750 2334 diesem
801 2274 1055 2334 Präzedenzfall,
1083 2271 1194 2331 konnte
1228 2272 1266 2332 ich
1305 2272 1354 2332 die
1383 2270 1449 2330 Er¬

1469 2277 1626 2337 gestatten,
1646 2279 1714 2339 zwei
1734 2277 1831 2337 Worte
1857 2280 1886 2340 zu
1911 2280 2058 2340 erwidern.
2078 2280 2126 2340 Ich
2151 2280 2244 2340 finde,
2265 2281 2308 2341 daß
2338 2280 2397 2340 man
2427 2281 2480 2341 mir
2505 2280 2558 2340 mit
2584 2279 2656 2339 dem¬

1477 2316 1562 2376 selben
1598 2316 1699 2376 Recht,
1724 2316 1769 2376 als
1805 2316 1866 2376 man
1907 2316 1961 2376 mir
1992 2319 2209 2379 Feindseligkeit
2235 2319 2316 2379 gegen
2357 2319 2401 2379 den
2437 2320 2659 2380 Offiziersstand

2687 2327 2715 2387 zu
2751 2322 2889 2382 brechen.
2913 2319 3109 2379 Gleichwohl
3139 2319 3213 2379 wird

253 2325 388 2385 regung,
399 2325 442 2385 die
465 2323 540 2383 seine
557 2322 681 2382 Novelle
704 2322 725 2382 in
753 2322 839 2382 diesem
878 2322 986 2382 Milieu
1014 2322 1252 2382 hervorgerufen
1275 2322 1371 2382 hatte,
1388 2320 1447 2380 sehr

1477 2355 1626 2415 vorwirft,
1651 2354 1722 2414 weil
1747 2352 1788 2412 ich
1819 2355 1873 2415 den
1928 2357 2011 2417 Gustl
2054 2358 2246 2418 geschrieben,
2270 2357 2456 2417 Gehässigkeit
2487 2359 2570 2419 gegen
2613 2358 2654 2418 die
2691 2367 2757 2427 Und
2781 2367 2859 2427 Max
2884 2365 2967 2425 Brod
2992 2366 3117 2426 entläßt
3142 2365 3214 2425 seine

252 2373 337 2433 wohl
354 2372 521 2432 begreifen.
538 2372 640 2432 Nicht,
652 2372 694 2432 als
716 2372 748 2432 ob
770 2372 797 2432 er
814 2370 889 2430 etwa
922 2370 970 2430 den
993 2370 1230 2430 Offiziersstand
1263 2370 1348 2430 darin
1382 2366 1446 2426 ver¬

1468 2390 1575 2450 Aerzte
1603 2390 1761 2450 vorwerfen
1799 2393 1910 2453 könnte,
1933 2393 1998 2453 weil
2017 2394 2054 2454 ich
2082 2396 2128 2456 den
2166 2393 2328 2453 Ferdinand
2361 2393 2491 2453 Schmidt
2519 2396 2542 2456 im
2584 2393 2658 2453 Ver¬

2692 2414 2846 2474 Zukunft.
2859 2414 2927 2474 Der
2952 2414 3038 2474 Krieg
3070 2414 3125 2474 hat
3144 2416 3217 2476 bego

253 2420 431 2480 unglimpft
459 2420 535 2480 oder
563 2420 758 2480 angegriffen
802 2419 882 2479 hätte
910 2414 926 2474 —
981 2419 1056 2479 dazu
1095 2417 1159 2477 war
1193 2418 1220 2478 er
1253 2419 1285 2479 zu
1323 2417 1453 2477 taktvoll

1470 2429 1630 2489 mächtnis,
1656 2433 1846 2493 Gehässigkeit
1877 2433 1957 2493 gegen
1987 2432 2032 2492 den
2073 2432 2283 2492 Liberalismus
2319 2434 2354 2494 (im
2400 2435 2514 2495 gleichen
2550 2435 2650 2495 Stück)

2688 2462 2826 2522 erleben,
2851 2462 2904 2522 daß
2935 2461 3013 2521 seine
3044 2462 3170 2522 Mutter
3195 2464 3230 2524 ge

256 2468 316 2528 und
350 2469 377 2529 zu
411 2470 471 2530 klug
505 2469 560 2529 —;
583 2468 654 2528 aber
688 2468 732 2528 bei
760 2468 831 2528 aller
860 2467 1108 2527 Zurückhaltung
1137 2468 1236 2528 sprach
1270 2465 1324 2525 aus
1353 2465 1446 2525 dieser

1469 2469 1665 2529 Gehässigkeit
1695 2471 1778 2531 gegen
1812 2471 2087 2531 Theaterdirektoren
2127 2471 2308 2531 (Freiwild),
2333 2473 2411 2533 gegen
2451 2471 2656 2531 Weinhändler

1483 2506 1623 2566 (Garlan)
1645 2507 1714 2567 usw.
1737 2507 1887 2567 vorwerfen
1920 2508 2027 2568 könnte.
2044 2509 2081 2569 In
2114 2510 2189 2570 jedem
2227 2507 2318 2567 Stand
2346 2511 2411 2571 gibt
2433 2510 2459 2570 es
2487 2510 2546 2570 eine
2568 2510 2654 2570 große
2687 2509 2772 2569 Auch
2805 2508 2945 2568 Stephan
2978 2508 3053 2568 sieht
3080 2508 3107 2568 es
3140 2509 3198 2569 mit

256 2516 438 2576 Erzählung
499 2517 565 2577 eine
599 2516 626 2576 so
660 2516 925 2576 unverkennbare
959 2516 1197 2576 Feindseligkeit
1247 2513 1324 2573 oder
1374 2513 1440 2573 doch

1473 2544 1592 2604 Anzahl
1621 2546 1869 2606 minderwertiger
1898 2547 2070 2607 Individuen
2108 2547 2160 2607 und
2190 2546 2227 2606 ich
2261 2549 2375 2609 erkenne
2409 2547 2500 2607 keinem
2543 2546 2657 2606 Stande

2683 2563 2742 2623 zur
2766 2557 2931 2617 Mörderin
2961 2555 3049 2615 wird.
3073 2558 3161 2618 Dann
3191 2556 3226 2616 sin

256 2566 445 2626 Antipathie
471 2566 561 2626 gegen
595 2564 651 2624 den
685 2566 940 2626 Offiziersstand,
966 2565 1023 2625 daß
1048 2564 1146 2624 jeder,
1172 2564 1221 2624 der
1255 2562 1344 2622 diesem
1387 2565 1444 2625 an¬
1470 2572 1535 2632 das
1561 2583 1643 2643 Recht
1668 2584 1709 2644 zu,
1726 2585 1775 2645 sich
1800 2585 1865 2645 diese
1891 2585 2105 2645 Konstatierung
2130 2585 2154 2645 zu
2188 2585 2344 2645 verbieten.
2361 2585 2418 2645 Und
2452 2585 2534 2645 dabei
2551 2585 2641 2645 möcht

2686 2602 2792 2662 nieder
2816 2602 2875 2662 und
2899 2602 3035 2662 verhüllt
3059 2603 3106 2663 die
3124 2605 3218 2665 Bühn

251 2617 383 2677 gehörte
411 2614 483 2674 oder
517 2613 563 2673 ihm
610 2611 822 2671 entstammte,
863 2614 908 2674 sie
929 2613 1088 2673 sozusagen
1122 2608 1280 2668 instinktiv
1328 2608 1433 2668 fühlen
1474 2613 1519 2673 ich
1540 2620 1586 2680 für
1613 2623 1719 2683 meinen
1746 2623 1818 2683 Fall
1839 2623 1905 2683 noch
1925 2623 2091 2683 erwähnen,
2111 2623 2157 2683 daß
2184 2623 2257 2683 mein
2284 2623 2370 2683 Gustl
2390 2623 2429 2683 ein
2457 2624 2529 2684 ganz
2556 2625 2642 2685 netter

259 2663 382 2723 mußte.
406 2661 476 2721 Mir
500 2659 594 2719 selber
624 2659 659 2719 ist
683 2659 711 2719 es
748 2659 829 2719 nicht
853 2660 965 2720 anders
995 2660 1176 2720 gegangen,
1201 2657 1253 2717 und
1289 2656 1359 2716 mich
1395 2656 1447 2716 hat
1483 2657 1535 2717 nur
1566 2661 1647 2721 durch
1683 2662 1972 2722 Standesvorurteile
2002 2661 2166 2721 verwirrter
2196 2659 2301 2719 Bursch
2332 2660 2378 2720 ist,
2420 2661 2466 2721 der
2520 2661 2578 2721 mit
2602 2661 2649 2721 den
2691 2657 2749 2717 daß
2779 2652 2831 2712 der
2861 2650 3114 2710 Plato=Mensch,
3138 2650 3178 2710 die
3208 2650 3219 2710 I

1476 2700 1589 2760 Jahren
1622 2698 1707 2758 gewiß
1741 2698 1778 2758 ein
1811 2698 1945 2758 tüchtiger
1979 2698 2027 2758 und
2054 2698 2237 2758 anständiger
2265 2698 2383 2758 Offizier
2416 2698 2524 2758 werden
2557 2698 2664 2758 dürfte.
2691 2698 2858 2758 erscheinen
2891 2699 2988 2759 kann,
3005 2699 3198 2759 Jahrzehnte

259 2710 310 2770 die
334 2709 460 2769 Lektüre
489 2708 541 2768 der
564 2707 715 2767 Novelle,
733 2709 761 2769 so
790 2708 853 2768 hoch
883 2707 922 2767 ich
952 2706 986 2766 sie
1015 2705 1062 2765 als
1091 2704 1281 2764 literarische
1305 2704 1443 2764 Leistung

1477 2737 1556 2797 Aber
1581 2737 1593 2797 —
1643 2737 1741 2797 hievon
1772 2737 1937 2797 abgesehen,
1956 2737 2048 2797 müßte
2074 2737 2110 2797 ich
2141 2737 2196 2797 mir
2222 2737 2264 2797 als
2295 2737 2405 2797 Dichter
2430 2739 2584 2799 jedenfalls
2609 2738 2658 2798 das
2695 2748 2775 2808 nicht
2806 2746 2965 2806 entfühnt,
2985 2746 3101 2806 gebüßt
3126 2746 3175 2806 ist.
3200 2746 3211 2806 S

252 2759 324 2819 auch
358 2758 491 2818 schätzte,
514 2758 569 2818 tief
597 2755 775 2815 verstimmt
809 2754 864 2814 und
898 2752 1059 2812 erbittert.
1082 2757 1137 2817 Ich
1171 2752 1282 2812 konnte
1316 2751 1360 2811 die
1388 2748 1449 2808 Er¬

1474 2772 1562 2832 Recht
1587 2776 1778 2836 vindizieren,
1803 2776 1881 2836 einen
1911 2778 2023 2838 Offizier
2053 2776 2131 2836 selbst
2156 2776 2180 2836 zu
2216 2773 2357 2833 erfinden,
2382 2775 2426 2835 der
2451 2776 2661 2836 gewohnheits¬

2691 2796 2733 2856 ist
2763 2794 2991 2854 abgeschlossen.
3043 2792 3121 2852 Aber
3157 2794 3229 2854 ern

258 2809 400 2869 regung,
420 2807 465 2867 die
485 2806 524 2866 sie
550 2806 576 2866 in
602 2803 876 2863 Offizierskreisen
903 2802 1143 2862 hervorgerufen
1177 2800 1280 2860 hatte,
1300 2800 1358 2860 also
1385 2801 1450 2861 sehr
1484 2809 1580 2869 mäßig
1607 2814 1698 2874 seinen
1737 2813 1802 2873 (hier
1835 2813 1926 2873 folgen
1959 2812 2024 2872 zwei
2051 2811 2121 2871 ganz
2155 2810 2330 2870 unleserliche
2364 2811 2487 2871 Worte),
2513 2811 2591 2871 wenn
2624 2813 2662 2873 ich

2690 2841 2800 2901 führen
2833 2841 2929 2901 wird.

1475 2848 1554 2908 einen
1590 2850 1691 2910 solchen
1721 2850 1842 2910 Offizier
1873 2851 1917 2911 für
1948 2851 2033 2911 meine
2059 2850 2175 2910 Novelle
2205 2850 2336 2910 brauche.
2357 2850 2472 2910 Ihnen,
2497 2850 2568 2910 mein
2604 2848 2668 2908 ver¬

258 2854 348 2914 wohl
371 2853 545 2913 begreifen,
574 2853 652 2913 nicht
681 2850 754 2910 aber
783 2850 850 2910 auch
885 2850 1070 2910 gutheißen,
1094 2847 1144 2907 daß
1184 2847 1251 2907 man
1286 2847 1364 2907 diese
1404 2844 1443 2904 ar

1478 2888 1574 2948 ehrter
1608 2887 1683 2947 Herr
1716 2889 1765 2949 von
1803 2889 1971 2949 Sosnosky,
1998 2889 2041 2949 dem
2091 2887 2128 2947 ich
2161 2889 2231 2949 schon
2270 2886 2318 2946 für

2357 2889 2387 2949 so
2439 2887 2515 2947 viele
2566 2889 2663 2949 wahre

260 2904 311 2964 sich
341 2901 525 2961 berechtigte
577 2900 802 2960 Empfindung
837 2899 894 2959 auf
924 2897 975 2957 das
1010 2895 1183 2955 dienstliche
1212 2892 1327 2952 Gebiet
1357 2892 1448 2952 über¬

2812 2925 2887 2985 ne.
2903 2925 3016 2985 Dalienr
3039 2923 3198 2983 Beenane

1480 2925 1771 2985 Liebenswürdigkeit
1800 2925 1852 2985 und
1882 2927 1929 2987 für
1954 2926 1977 2986 so
2006 2925 2058 2985 viel
2083 2926 2274 2986 Verständnis
2308 2926 2331 2986 zu
2366 2926 2465 2986 danken
2500 2925 2580 2985 habe,
2605 2926 2652 2986 dar

260 2949 328 3009 trug
369 2949 426 3009 und
462 2949 513 3009 den
548 2949 882 3009 Landwehroberarzt
912 2946 974 3006 Dr.
998 2944 1165 3004 Schnitzler
1217 2943 1274 3003 für
1304 2941 1361 3001 das
1396 2943 1447 3003 zur

1479 2967 1511 3027 ich
1545 2964 1623 3024 heute
1652 2964 1707 3024 auch
1740 2964 1809 3024 diese
1838 2964 1925 3024 meine
1954 2964 2083 3024 Stellung
2112 2965 2139 3025 zu
2172 2964 2218 3024 der
2247 2964 2297 3024 von
2326 2966 2423 3026 Ihnen
2456 2964 2655 3024 angedeuteten

2691 2974 2753 3034 herr
2782 2973 2816 3033 v.
2831 2973 2928 3033 Stein,
2950 2973 2992 3033 der
3013 2973 3201 3033 Reformator

248 2996 465 3056 Rechenschaft
494 2998 566 3058 zog,
594 2994 655 3054 was
695 2994 744 3054 der
778 2991 900 3051 Dichter
934 2991 1101 3051 Schnitzler
1135 2991 1319 3051 geschrieben
1353 2989 1453 3049 hatte.

1481 2998 1575 3058 Frage
1606 3000 1787 3060 ausdrücken,
1812 3003 1888 3063 ohne
1918 3003 1958 3063 die
1989 3003 2194 3063 Befürchtung,
2220 3003 2441 3063 mißverstanden
2482 3005 2507 3065 zu
2542 3003 2647 3063 werden

2688 3024 2712 3084 in
2743 3023 2860 3083 Nassau.
2891 3018 2909 3078 —
2972 3021 3058 3081 1800:
3096 3022 3175 3082 Graf
3194 3021 3231 3081 He

262 3043 325 3103 Die
357 3041 542 3101 gefährliche
568 3038 874 3098 Zweischneidigkeit
901 3038 964 3098 und
997 3036 1143 3096 Unnatur
1176 3035 1226 3095 der
1252 3036 1444 3096 Institution
1483 3038 1552 3098 Mit
1572 3041 1616 3101 den
1649 3038 1872 3098 verbindlichsten
1899 3038 2013 3098 Grüßen

2320 3041 2373 3101 Ihr
2398 3041 2455 3101 sehr
2480 3041 2633 3101 ergebener

2695 3068 2933 3128 (Mecklenburg).
2953 3068 2965 3128 —
3018 3065 3107 3125 1817:
3134 3065 3191 3125 Der

2315 3077 2428 3137 Arthur
2459 3080 2628 3140 Schnitzler.

261 3089 316 3149 der
348 3089 624 3149 Reserveoffiziere
675 3089 731 3149 kam
776 3089 813 3149 da
845 3086 964 3146 wieder
996 3086 1115 3146 einmal
1166 3086 1234 3146 kraß
1272 3084 1322 3144 zum
1373 3082 1441 3142 Vor

2694 3119 2882 3179 Hauptwerk:
2910 3117 3004 3177 „Reise
3039 3116 3058 3176 in
3100 3116 3139 3176 die
3167 3114 3241 3174 mitt

268 3140 390 3200 schein.

1761 3164 1857 3224 „Sehr
1885 3162 2008 3222 geehrter
2035 3161 2105 3221 Herr
2133 3161 2184 3221 von
2210 3161 2359 3221 Sosnosky

2685 3166 2828 3226 gestorben
2863 3164 2885 3224 in
2915 3164 3045 3224 Koburg.
3063 3161 3074 3221 —
3121 3161 3206 3221 1818:

370 3186 450 3246 Man
488 3185 693 3245 mobilisierte
732 3182 790 3242 also
828 3182 915 3242 einen
953 3180 1115 3240 Ehrenrat
1153 3179 1240 3239 gegen
1286 3177 1447 3237 Schnitzler

2685 3212 2807 3272 geboren
2840 3212 2860 3272 in
2892 3209 3031 3269 Kleeburg
3063 3211 3084 3271 im
3127 3209 3233 3269 Untere

1589 3218 1631 3278 ich
1663 3218 1752 3278 danke
1779 3218 1879 3278 Ihnen
1916 3218 2106 3278 verbindlichst
2133 3216 2179 3276 für
2227 3215 2269 3275 die
2301 3217 2517 3277 Uebersendung
2565 3218 2659 3278 Ihres

258 3236 320 3296 und
360 3235 456 3295 klagte
513 3231 558 3291 ihn
598 3233 683 3293 nicht
740 3230 796 3290 nur
836 3230 887 3290 der
922 3228 1103 3288 Verletzung
1143 3225 1193 3285 der
1228 3224 1448 3284 militärischen

1486 3256 1607 3316 Artikels
1641 3255 1712 3315 über
1745 3255 1789 3315 den
1828 3256 1971 3316 Leutnant
2000 3253 2093 3313 Gustl.
2138 3253 2203 3313 Das
2254 3253 2425 3313 literarische
2458 3253 2546 3313 Leben
2585 3253 2662 3313 wäre
2690 3259 2844 3319 Philologe
2878 3256 2966 3316 Oskar
3000 3256 3104 3316 Jäger,
3149 3258 3225 3318 Verf

262 3283 493 3343 Standesehre,
524 3280 673 3340 begangen
712 3277 801 3337 durch
832 3275 884 3335 sein
923 3276 1019 3336 Buch,
1043 3275 1102 3335 an,
1125 3274 1244 3334 sondern
1283 3271 1357 3331 auch
1380 3269 1454 3329 des¬

1484 3295 1614 3355 wahrlich
1643 3293 1702 3353 eine
1726 3295 1903 3355 angenehme
1926 3292 1977 3352 und
2001 3292 2131 3352 reinliche
2160 3289 2261 3349 Sache,
2280 3291 2355 3351 wenn
2392 3289 2452 3349 man
2485 3291 2536 3351 nur
2565 3291 2615 3351 mit
2639 3289 2662 3349 so

1481 3331 1657 3391 vornehmen
1695 3334 1827 3394 Gegnern
1864 3334 1886 3394 zu
1923 3331 1989 3391 thun
2019 3331 2092 3391 hätte
2123 3330 2181 3390 wie
2204 3330 2262 3390 Sie
2292 3329 2365 3389 einer
2396 3329 2469 3389 sind.
2492 3328 2579 3388 Ueber
2617 3325 2661 3385 die
2684 3308 2808 3368 geboren
2839 3305 2867 3365 in
2898 3304 3066 3364 Stuttgart.
3090 3306 3103 3366 —
3149 3300 3236 3360 1837:

256 3335 347 3395 halb,
375 3330 451 3390 weil
485 3328 511 3388 er
544 3328 603 3388 auf
637 3327 702 3387 eine
741 3327 767 3387 in
806 3325 1040 3385 beleidigendem
1090 3322 1154 3382 Ton
1199 3322 1334 3382 gehalten

3140 3353 3221 3413 18

1478 3371 1602 3431 Novelle
1631 3371 1709 3431 selbst
1738 3370 1833 3430 wollen
1873 3370 1923 3430 wir
1958 3369 2025 3429 nicht
2059 3367 2132 3427 mehr
2167 3367 2267 3427 reden.
2308 3367 2380 3427 Hier
2426 3369 2465 3429 ist
2494 3367 2555 3427 eine
2584 3365 2662 3425 Ver¬
2691 3356 2809 3416 geboren
2860 3354 2888 3414 in
2939 3354 3063 3414 Bücken.

263 3382 422 3442 sprechung
457 3379 545 3439 seines
578 3376 700 3436 Buches
734 3376 766 3436 (in
805 3376 855 3436 der
883 3373 1143 3433 „Reichswehr")
1166 3373 1248 3433 nicht
1271 3370 1359 3430 durch
1393 3368 1453 3428 eine

2688 3403 2929 3463 Wereschtschagin
2954 3402 3068 3462 geboren
3092 3403 3116 3463 in
3141 3403 3219 3463 Tsche

1486 3409 1651 3469 ständigung
1679 3409 1833 3469 unmöglich
1861 3408 1871 3468 —
1916 3406 1982 3466 denn
2010 3406 2059 3466 Sie
2082 3407 2137 3467 sind
2159 3406 2214 3466 Sie
2237 3406 2286 3466 und
2314 3405 2346 3465 ich
2375 3404 2412 3464 bin
2441 3406 2495 3466 ich.
2512 3404 2655 3464 Hingegen

263 3430 526 3490 Duellforderung
565 3427 705 3487 reagiert
733 3425 835 3485 hatte.
857 3424 926 3484 Für
954 3423 1008 3483 den
1046 3421 1132 3481 ersten
1170 3419 1278 3479 Punkt
1305 3420 1359 3480 der

1481 3451 1549 3511 muß
1584 3449 1637 3509 ich,
1662 3448 1720 3508 was
1755 3448 1808 3508 Sie
1838 3447 1970 3507 vielleicht
2000 3445 2176 3505 überraschen
2210 3445 2298 3505 wird,
2323 3446 2371 3506 den
2406 3442 2567 3502 Ehrenrat,
2612 3443 2660 3503 der

2686 3451 2774 3511 1849:
2802 3451 2863 3511 Der
2892 3451 3086 3511 Schriftsteller
3115 3450 3231 3510 Heinri¬

258 3478 345 3538 klage
379 3477 434 3537 bot
463 3474 512 3534 die
540 3474 672 3534 Novelle
706 3474 789 3534 keine
817 3471 961 3531 juridisch
995 3469 1149 3529 greifbare
1183 3468 1360 3528 Handhabe

1477 3486 1546 3546 mich
1577 3486 1698 3546 schuldig
1728 3484 1909 3544 gesprochen,
1945 3484 1969 3544 in
2005 3483 2101 3543 Schutz
2126 3483 2261 3543 nehmen.
2303 3481 2342 3541 In
2378 3480 2423 3540 dem
2463 3480 2559 3540 Urteil
2590 3480 2664 3540 heißt

2686 3498 2780 3558 1854:
2797 3498 2858 3558 Der
2881 3498 3014 3558 englische
3042 3498 3219 3558 Schriftstelle

1473 3525 1512 3585 es
1537 3524 1590 3584 klar
1620 3522 1669 3582 und
1699 3524 1831 3584 deutlich,
1851 3524 1895 3584 daß
1920 3523 1953 3583 ich
1978 3520 2017 3580 die
2042 3520 2238 3580 Standesehre
2263 3519 2386 3579 verletzt,
2406 3519 2484 3579 indem
2519 3516 2552 3576 ich
2582 3516 2645 3576 durc

261 3528 366 3588 zweite
398 3526 509 3586 Punkt
541 3522 615 3582 aber
647 3521 817 3581 bekundete
855 3522 918 3582 eine
976 3519 1087 3579 völlige
1146 3517 1341 3577 Unkenntnis

2686 3548 2780 3608 1874:
2797 3546 2852 3606 Der
2875 3546 3047 3606 Komponist
3064 3546 3120 3606 und
3143 3546 3225 3606 Dicht

1475 3564 1573 3624 meine
1601 3562 1712 3622 Novelle
1741 3562 1786 3622 das
1810 3561 1931 3621 Ansehen
1964 3558 2010 3618 und
2038 3558 2079 3618 die
2103 3558 2172 3618 Ehre
2201 3558 2242 3618 der
2266 3556 2656 3616 österreichisch=ungarischen

263 3576 467 3636 literarischen
506 3573 715 3633 Verhältnisse
749 3570 803 3630 von
837 3570 925 3630 seiten
959 3567 1013 3627 des
1041 3567 1256 3627 Ehrenrates,
1279 3567 1355 3627 denn
1389 3564 1433 3624 wo

2687 3597 2833 3657 „Barbier
2851 3594 2901 3654 von
2925 3597 3077 3657 Bagdad",
3095 3594 3213 3654 gestorbe

1480 3599 1584 3659 Armee
1614 3600 1766 3660 geschädigt
1791 3600 1843 3660 und
1873 3598 2049 3658 herabgesetzt
2074 3597 2155 3657 habe.
2175 3594 2279 3654 Hätten
2308 3594 2351 3654 die
2376 3594 2480 3654 Herren
2515 3592 2648 3652 gefunden

264 3627 317 3687 hin
347 3627 435 3687 sollte
460 3624 488 3684 es
519 3623 648 3683 führen,
673 3621 754 3681 wenn
791 3618 838 3678 ein
874 3617 1086 3677 Schriftsteller
1116 3615 1199 3675 jeden
1235 3615 1382 3675 Kritiker,
1407 3616 1459 3676 der

1481 3639 1534 3699 daß
1559 3639 1593 3699 ich
1623 3639 1662 3699 die
1687 3639 1882 3699 Standesehre
1907 3636 2020 3696 dadurch
2045 3633 2157 3693 verletzt
2177 3633 2260 3693 habe,
2281 3633 2324 3693 daß
2354 3630 2388 3690 ich
2418 3631 2486 3691 nicht
2511 3630 2657 3690 persönlich

2689 3645 2736 3705 der
2766 3642 2985 3702 Haupturheber
3022 3642 3069 3702 des
3099 3642 3235 3702 Deutschk

266 3677 312 3737 ihn
346 3673 537 3733 angegriffen
571 3672 670 3732 hatte,
697 3669 750 3729 vor
777 3669 823 3729 die
850 3668 962 3728 Klinge
1009 3666 1134 3726 fordern
1168 3664 1287 3724 müßte!
1314 3664 1373 3724 Bei
1400 3667 1452 3727 der
1486 3672 1539 3732 vor
1573 3677 1651 3737 ihnen
1692 3677 1844 3737 erschienen
1884 3675 1950 3735 bin,
1970 3674 1996 3734 so
2030 3672 2129 3732 hätten
2163 3672 2202 3732 sie
2236 3672 2281 3732 das
2322 3669 2580 3729 selbstverständlich
2614 3666 2659 3726 er¬

1483 3713 1600 3773 wähnt,
1619 3713 1671 3773 und
1701 3713 1730 3773 es
1760 3713 1818 3773 geht
1849 3712 1913 3772 kaum
1949 3711 2001 3771 an,
2020 3711 2101 3771 ihnen
2137 3708 2320 3768 zuzumuten,
2338 3707 2385 3767 daß
2415 3707 2450 3767 sie
2474 3704 2556 3764 durch
2586 3704 2656 3764 mein
2692 3692 2780 3752 1889:
2816 3692 2880 3752 Der
2923 3692 3099 3752 französische
3141 3689 3216 3749 Dram

266 3725 342 3785 schon
381 3720 502 3780 damals
536 3719 624 3779 argen
663 3716 850 3776 Verrohung
884 3714 933 3774 der
961 3713 1060 3773 Kritik
1088 3712 1170 3772 hätte
1199 3712 1281 3772 dann
1314 3711 1452 3771 mancher

263 3770 370 3830 Autor
399 3770 449 3830 das
477 3766 680 3826 zweifelhafte
703 3763 888 3823 Vergnügen
922 3764 1046 3824 gehabt,
1063 3764 1108 3824 sich
1136 3763 1198 3823 mit
1215 3763 1299 3823 einem
1339 3758 1446 3818 halben
1486 3752 1671 3812 persönliches
1700 3751 1857 3811 Erscheinen
1891 3749 2026 3809 bestimmt
2055 3748 2161 3808 worden
2195 3747 2307 3807 wären,
2331 3746 2369 3806 ein
2398 3743 2516 3803 anderes
2550 3743 2662 3803 Urtheil
2691 3743 2814 3803 Croissy.
2838 3741 2854 3801 —
2905 3739 2995 3799 1892:
3018 3738 3079 3798 Der
3108 3738 3226 3798 Rechtsl

1479 3793 1514 3853 zu
1550 3791 1631 3851 fällen
1667 3791 1708 3851 als
1738 3790 1773 3850 sie
1803 3790 1868 3850 nach
1898 3787 1944 3847 dem
1986 3785 2109 3845 Studium
2157 3785 2263 3845 meiner
2293 3782 2410 3842 Novelle
2440 3782 2463 3842 zu
2499 3782 2581 3842 fällen
2617 3782 2658 3842 für
2694 3790 2770 3850 eines
2800 3788 2965 3848 Lehrbuches
2995 3786 3035 3846 des
3059 3788 3218 3848 Pandekten

264 3821 400 3881 Dutzend
430 3819 602 3879 gehässiger
633 3815 768 3875 Kritiker
799 3812 1083 3872 herumzuschlagen

1480 3828 1579 3888 richtig
1609 3828 1728 3888 hielten,
1753 3828 1781 3888 da
1810 3828 1833 3888 ja
1868 3827 1934 3887 diese
1958 3824 2073 3884 Novelle
2102 3823 2154 3883 nun
2188 3821 2298 3881 einmal
2323 3821 2485 3881 geschrieben
2524 3818 2571 3878 und
2605 3815 2662 3875 ver¬

2687 3839 2748 3899 Der
2777 3836 2930 3896 japanische
2959 3836 3152 3896 Staatsmann
3187 3836 3226 3896 Fü

371 3868 543 3928 Schnitzler
570 3865 682 3925 leistete
703 3863 755 3923 der
783 3861 1014 3921 Aufforderung
1041 3860 1093 3920 des
1114 3860 1325 3920 Ehrenrates,
1346 3860 1392 3920 sich
1419 3861 1445 3921 zu
1485 3867 1645 3927 öffentlicht
1672 3866 1724 3926 und
1752 3866 1844 3926 damit
1871 3864 1910 3924 die
1937 3861 1983 3921 von
2017 3862 2062 3922 der
2090 3861 2215 3921 Anklage
2242 3860 2467 3920 angenommene
2494 3857 2659 3917 Verletzung

266 3917 501 3977 rechtfertigen,
525 3913 601 3973 keine
631 3912 724 3972 Folge
754 3911 812 3971 und
842 3910 942 3970 wurde
972 3910 1136 3970 daraufhin
1166 3909 1260 3969 seiner
1284 3907 1454 3967 Offiziers=
1484 3905 1537 3965 der
1567 3905 1760 3965 Standesehre
1790 3902 1931 3962 begangen
1967 3900 2036 3960 war.
2061 3898 2125 3958 Daß
2155 3897 2195 3957 ich
2225 3896 2290 3956 mich
2320 3896 2520 3956 entschuldigen
2556 3895 2667 3955 würde,
2691 3886 2837 3946 Koreaner
2861 3884 3014 3944 ermordet.
3026 3884 3043 3944 —
3085 3885 3172 3945 1918:
3197 3888 3231 3948 Ri

2690 3934 2805 3994 erobern
2834 3934 2956 3994 Aleppo.
2970 3930 2983 3990 —
3025 3930 3113 3990 1928:
3134 3931 3189 3991 Der
3210 3931 3222 3991 N

1481 3941 1580 4001 meine
1609 3943 1723 4003 Novelle
1757 3940 1919 4000 geschrieben
1958 3936 1981 3996 zu
2015 3936 2120 3996 haben,
2145 3934 2240 3994 dürfte
2269 3934 2345 3994 wohl
2374 3933 2421 3993 von
2460 3931 2550 3991 keiner
2584 3930 2660 3990 Seite

269 3970 382 4030 charge
408 3964 554 4024 verlustig
586 3961 718 4021 erklärt.

1486 3981 1690 4041 vorausgesetzt
1718 3979 1845 4039 werden,
1874 3976 1923 4036 und
1956 3973 2033 4033 hätte
2061 3975 2094 4035 ich
2128 3973 2194 4033 mich
2227 3972 2294 4032 dazu
2327 3970 2509 4030 verstanden,
2532 3968 2554 4028 so
2587 3968 2665 4028 wäre
2698 3979 2720 4039 in
2753 3982 2847 4042 Wien.

1484 4017 1596 4077 meiner
1626 4015 1822 4075 Empfindung
1857 4015 1915 4075 nach
1950 4011 2023 4071 darin
2057 4009 2072 4069 —
2121 4011 2165 4071 die
2195 4012 2302 4072 einzige
2332 4009 2463 4069 wirkliche
2494 4007 2659 4067 Verletzung

378 4024 449 4084 Das
489 4021 553 4081 war
587 4021 710 4081 sachlich
744 4020 867 4080 fraglos
907 4015 953 4075 ein
993 4012 1188 4072 Fehlurteil,
1215 4012 1273 4072 das
1313 4012 1456 4072 überdies

2801 4039 3106 4099 (Bundespräsident
3131 4038 3224 4098 Mikla

1483 4057 1646 4117 derjenigen
1679 4054 1874 4114 Standesehre
1902 4051 2027 4111 gelegen,
2051 4051 2088 4111 die
2117 4048 2153 4108 ich
2182 4048 2344 4108 überhaupt
2368 4045 2525 4105 anerkenne
2549 4043 2562 4103 —
2609 4043 2660 4103 das

276 4075 325 4135 den
363 4073 475 4133 fatalen
507 4070 739 4130 Beigeschmack
764 4066 1046 4126 leidenschaftlicher
1078 4060 1459 4120 Voreingenommenheit

1486 4098 1514 4158 zu
1543 4096 1615 4156 sagen
1650 4094 1700 4154 und
1730 4094 1751 4154 zu
1780 4093 1864 4153 thun,
1882 4089 1937 4149 was
1966 4088 2023 4148 man
2052 4089 2096 4149 für
2119 4088 2214 4148 richtig
2244 4087 2316 4147 hält.
2334 4084 2401 4144 Was
2424 4084 2463 4144 die
2487 4084 2582 4144 zweite
2605 4081 2667 4141 An=
2690 4086 2853 4146 Bittner.)
2871 4087 2995 4147 Gestern
3024 4087 3192 4147 vormittag
3216 4082 3226 4142 h

274 4127 360 4187 gegen
397 4120 449 4180 den
478 4118 712 4178 Beschuldigten
749 4117 835 4177 trug.

1484 4132 1665 4192 schuldigung
1695 4131 1866 4191 anbelangt,
1891 4128 1925 4188 ich
1955 4125 2027 4185 hätte
2053 4127 2135 4187 gegen
2170 4124 2209 4184 die
2239 4123 2419 4183 persönlichen
2454 4122 2586 4182 Angriffe
2616 4118 2659 4178 der

2690 4134 2974 4194 schwererkrankten
3008 4134 3225 4194 Komponisten

383 4168 465 4228 Aber
489 4167 554 4227 auch
584 4165 754 4225 Schnitzler
779 4162 831 4222 hat
855 4161 979 4221 gefehlt.
1003 4158 1044 4218 Er
1068 4158 1150 4218 hätte
1174 4158 1292 4218 darauf
1316 4158 1439 4218 Rücksich

1484 4170 1699 4230 „Reichswehr“
1734 4167 1806 4227 keine
1831 4167 1958 4227 Schritte
1983 4164 2217 4224 unternommen,
2242 4162 2266 4222 so
2296 4161 2378 4221 theile
2403 4161 2437 4221 ich
2472 4159 2564 4219 Ihnen
2604 4159 2652 4219 mit

810 4202 1010 4262 nichtaktiver
1037 4207 1192 4267 Oberarzt
1219 4209 1244 4269 in
1278 4208 1329 4268 der
1356 4206 1459 4266 Land=
1486 4210 1537 4270 daß
1570 4210 1603 4270 ich
1630 4209 1681 4269 von
1708 4206 1792 4266 diesem
1831 4206 1902 4266 Teil
1923 4206 1967 4266 der
1994 4206 2117 4266 Anklage
2144 4205 2195 4265 erst
2215 4204 2227 4264 —
2280 4203 2331 4263 aus
2358 4203 2403 4263 dem
2444 4197 2592 4257 Wortlaut
2613 4196 2658 4256 des
2691 4185 2807 4245 Besuch
2840 4185 2872 4245 im
2918 4184 3119 4244 Sanatorium
3172 4183 3223 4243 der
