3392 4320
1392 291 1517 351 box
1597 294 1777 354 43/3

292 307 878 367 SchnitzlerS

541 724 855 784 Ausschnitt
891 729 960 789 aus

534 833 986 893 nadn
1055 834 1233 894 aan
1281 841 1498 901 t

994 915 1241 975 WurxhA

534 1011 626 1071 Nr.
812 1019 923 1079 Vom.

311 1539 344 1599 d
435 1533 1340 1593 Reporterstift
1395 1530 1679 1590 rund
1770 1530 1909 1590 um
2036 1524 2213 1584 die
2286 1524 2657 1584 Welt.

1505 1634 1686 1694 strittenstes
1719 1632 1830 1692 Werk,
1859 1634 1904 1694 die
1942 1631 2044 1691 beiden
2087 1628 2230 1688 Novellen
2273 1631 2449 1691 „Leutnant
2482 1631 2607 1691 Guftl“,
2631 1632 2682 1692 und

308 1652 379 1712 Lij
444 1649 683 1709 Dicster
716 1649 795 1709 ist
828 1648 947 1708 tot!

1521 1676 1688 1736 „Fräulein
1720 1671 1825 1731 Else“,
1843 1671 2033 1731 meisterhaft
2061 1671 2087 1731 in
2125 1671 2174 1731 der
2202 1671 2296 1731 Kraft
2324 1670 2373 1730 der
2405 1673 2700 1733 Seelenschilderung

339 1705 434 1765 Ein
473 1702 583 1762 großer
613 1703 736 1763 Dichter
766 1701 799 1761 ist
829 1703 881 1763 von
919 1702 976 1762 uns
1006 1702 1183 1762 gegangen.
1203 1697 1303 1757 Artur
1332 1697 1485 1757 Schnitz

1524 1720 1581 1780 und
1608 1715 1665 1775 mit
1688 1713 1812 1773 höchster
1839 1713 2047 1773 Sprachkunst
2070 1713 2216 1773 geformt,
2239 1712 2287 1772 der
2310 1712 2429 1772 Roman
2461 1712 2541 1772 „Der
2568 1712 2634 1772 Weg
2665 1712 2709 1772 ins

303 1742 366 1802 ler
389 1742 438 1802 ist,
457 1742 570 1802 wenige
598 1742 729 1802 Monate
753 1740 807 1800 vor
830 1742 1021 1802 Vollendung
1048 1742 1143 1802 seines
1171 1736 1334 1796 siebzigsten
1367 1736 1498 1796 Lebens¬

1527 1752 1648 1812 Freie“,
1667 1755 1718 1815 das
1742 1752 1905 1812 historische
1929 1752 2040 1812 Drama
2078 1752 2153 1812 „Der
2177 1752 2265 1812 sunge
2289 1750 2480 1810 Medardus“
2508 1751 2564 1811 und
2592 1751 2634 1811 die
2658 1752 2713 1812 mit

306 1784 423 1844 jahres,
446 1784 527 1844 eines
560 1783 678 1843 sanften
710 1781 810 1841 Todes
837 1784 1010 1844 gestorben.
1051 1783 1114 1843 Der
1142 1781 1260 1841 Dichter
1288 1778 1351 1838 war
1379 1776 1492 1836 bereits

1526 1796 1643 1856 kühner
1673 1793 1850 1853 Gesinnung
1885 1792 2007 1852 erfüllte
2037 1793 2189 1853 Komödie
2219 1790 2390 1850 „Professor
2425 1790 2636 1850 Bernhardi",
2661 1792 2705 1852 die

310 1825 431 1885 längere
464 1823 529 1883 Zeit
558 1824 748 1884 herzleidend
782 1825 930 1885 gewesen,
954 1822 1018 1882 doch
1052 1822 1135 1882 hatte
1159 1820 1191 1880 er
1220 1819 1266 1879 bis
1299 1819 1350 1879 zum
1393 1817 1490 1877 letzten

1527 1835 1615 1895 lange
1644 1835 1713 1895 Zeit
1742 1832 1797 1892 von
1835 1831 1885 1891 der
1914 1831 2160 1891 österreichischen
2198 1831 2313 1891 Zensur
2347 1828 2486 1888 verboten
2523 1831 2602 1891 war.
2644 1827 2704 1887 Anr

301 1865 383 1925 Tage
411 1863 601 1923 gearbeitet.
643 1864 688 1924 Am
734 1863 861 1923 Morgen
899 1863 994 1923 seines
1026 1861 1212 1921 Todestages
1249 1858 1417 1918 unternahm
1468 1855 1495 1915 er

1528 1877 1637 1937 kurzem
1676 1874 1733 1934 erst
1757 1873 1795 1933 ist
1819 1873 1881 1933 eine
1910 1873 1982 1933 neue
2011 1870 2331 1930 Novellensammlung
2365 1873 2484 1933 „Flucht
2508 1873 2532 1933 in
2566 1873 2608 1933 die
2637 1872 2709 1932 Fin¬

306 1903 371 1963 noch
399 1906 487 1966 einen
516 1903 749 1963 Spaziergang.
787 1903 852 1963 Wie
880 1901 1048 1961 alltäglich,
1067 1903 1211 1963 diktierte
1235 1900 1268 1960 er
1292 1899 1366 1959 dann
1399 1897 1478 1957 seine

1528 1915 1656 1975 sternis"
1690 1912 1856 1972 erschienen

595 1945 694 2005 sötzlich
731 1942 835 2002 wurde
867 1942 898 2002 er
931 1942 1121 2002 bewußtlos.
1171 1942 1207 2002 Er
1244 1939 1280 1999 ist
1308 1938 1362 1998 aus
1399 1936 1498 1996 seiner

307 1942 499 2002 Sekretärin

1599 1963 1638 2023 Es
1669 1966 1735 2026 muß
1766 1963 1925 2023 Schnitzler
1952 1963 2004 2023 zur
2031 1961 2212 2021 besonderen
2243 1960 2322 2020 Ehre
2349 1960 2552 2020 angerechnet
2579 1960 2715 2020 werden.

307 1984 479 2044 Ohnmacht
508 1984 582 2044 niche
611 1983 694 2043 mehr
723 1981 867 2041 erwacht.
905 1981 1091 2041 Vermutlich
1125 1983 1176 2043 hat
1204 1981 1246 2041 ein
1283 1978 1493 2038 Gehirnschlag

1526 2005 1569 2065 daß
1598 2007 1632 2067 er
1656 2005 1700 2065 sich
1729 2004 1777 2064 nie
1801 2002 1835 2062 an
1865 2002 1912 2062 die
1937 2002 2023 2062 Seite
2048 2002 2101 2062 der
2125 2000 2337 2060 Kriegshetzer
2362 2001 2473 2061 stellte.
2507 1998 2545 2058 Es
2575 1999 2608 2059 ist
2633 1999 2710 2059 seine

310 2024 405 2084 seinem
451 2022 543 2082 Leben
575 2022 620 2082 ein
653 2022 735 2082 Ende
767 2022 899 2082 bereitet

1523 2044 1627 2104 Tragik
1660 2045 1811 2105 gewesen,
1829 2043 1884 2103 daß
1917 2043 1962 2103 er,
1981 2041 2031 2101 der
2059 2039 2141 2099 letzte
2169 2040 2379 2100 künstlerische
2407 2040 2502 2100 Zeuge
2531 2040 2581 2100 des
2609 2037 2709 2097 geistin

378 2061 472 2121 Artur
501 2062 665 2122 Schnitzler
694 2062 798 2122 wurde
827 2061 860 2121 am
907 2061 954 2121 15.
973 2060 1048 2120 Mai
1073 2060 1143 2120 1862
1172 2060 1219 2120 als
1248 2058 1337 2118 Sohn
1371 2057 1417 2117 des
1451 2055 1498 2115 be¬

1527 2085 1772 2145 hochstehenden,
1799 2081 1944 2141 liberalen
1981 2080 2226 2140 österreichischen
2263 2079 2494 2139 Bürgertums,
2517 2078 2567 2138 den
2604 2076 2712 2136 Unter¬

301 2101 437 2161 kannten
474 2103 597 2163 Wiener
630 2104 738 2164 Arztes
776 2103 835 2163 und
867 2101 1250 2161 Universitätsprofessors
1283 2100 1341 2160 Dr.
1369 2095 1492 2155 Johann

1524 2127 1598 2187 gang
1628 2126 1711 2186 jener
1737 2124 1854 2184 Schicht
1875 2123 1992 2183 erleben
2028 2123 2151 2183 mußte,
2166 2121 2215 2181 die
2240 2121 2274 2181 er
2300 2121 2324 2181 in
2359 2121 2452 2181 seinen
2487 2118 2610 2178 Werken
2645 2117 2694 2177 ver

306 2142 468 2202 Schnitzler
492 2145 641 2205 geboren.
678 2143 764 2203 Zwei
787 2143 986 2203 Anregungen
1019 2142 1150 2202 empfing
1177 2141 1222 2201 der
1250 2139 1354 2199 Knabe
1382 2136 1404 2196 in
1432 2136 1481 2196 dem

1523 2166 1623 2226 ewigt
1650 2163 1718 2223 hat.

310 2185 409 2245 Hause
441 2183 491 2243 des
523 2184 731 2244 angesehenen
768 2184 898 2244 Vaters,
922 2182 966 2242 die
994 2181 1043 2241 für
1080 2182 1134 2242 sein
1171 2181 1265 2241 Leben
1302 2177 1492 2237 bestimmend

1602 2210 1690 2270 Ganz
1719 2212 1909 2272 unerwartet
1933 2208 1966 2268 ist
1990 2208 2045 2268 nun
2078 2208 2133 2268 sein
2167 2208 2227 2268 Tod
2251 2206 2451 2266 gekommen.
2484 2205 2577 2265 Schon
2610 2205 2707 2265 waren

312 2224 437 2284 waren:
461 2225 502 2285 die
531 2225 619 2285 Liebe
643 2225 693 2285 zur
722 2224 819 2284 Kunst
838 2224 889 2284 des
917 2225 1070 2285 Arztes
1103 2224 1154 2284 und
1187 2224 1214 2284 zu
1248 2222 1293 2282 der
1322 2221 1368 2281 des
1396 2220 1480 2280 Dich

1531 2252 1578 2312 für
1607 2252 1655 2312 den
1689 2252 1856 2312 siebzigsten
1885 2246 2076 2306 Geburtstag
2110 2245 2158 2305 des
2192 2246 2326 2306 Dichters
2355 2246 2450 2306 große
2479 2243 2574 2303 Ehren
2609 2242 2699 2302 vord.

1524 2294 1637 2354 reitet.
1654 2292 1716 2352 Nun
1744 2291 1800 2351 hat
1824 2291 1869 2351 sich
1898 2291 1942 2351 die
1965 2288 2287 2348 Geburtstagsfreude
2316 2286 2338 2346 in
2367 2285 2485 2345 Trauer
2514 2285 2694 2345 verwandel

306 3149 420 3209 ters.
459 3150 525 3210 Der
555 3151 645 3211 junge
674 3151 836 3211 Schnitzler
870 3148 1013 3208 studierte
1043 3149 1200 3209 Medizin,
1224 3148 1429 3208 promovierte
1459 3148 1492 3208 on

301 3187 354 3247 der
381 3187 505 3247 Wiener
533 3187 728 3247 Universität
760 3187 813 3247 und
845 3187 996 3247 arbeitete
1028 3187 1072 3247 bis
1103 3189 1156 3249 zum
1197 3187 1294 3247 Jahre
1326 3190 1415 3250 1893,
1438 3187 1504 3247 eine

305 3229 450 3289 Zeitlang
486 3227 534 3287 als
570 3229 829 3289 Sekundararzt,
856 3228 891 3288 an
931 3226 1152 3286 verschiedenen
1196 3228 1359 3288 Kliniken.
1403 3226 1495 3286 Dann

307 3265 412 3325 wurde
439 3267 487 3327 der
515 3267 633 3327 Dichter
660 3267 686 3327 in
718 3267 762 3327 ihm
802 3267 916 3327 störker
943 3267 987 3327 als
1018 3269 1066 3329 der
1093 3269 1182 3329 Arzl,
1200 3268 1345 3328 wiewohl
1368 3267 1398 3327 er
1421 3267 1500 3327 seine

310 3307 515 3367 medizinische
544 3306 707 3366 Tätigkeit
731 3306 777 3366 nie
805 3307 898 3367 völlig
927 3309 1034 3369 aufgab
1067 3309 1123 3369 und
1156 3309 1235 3369 auck,
1249 3309 1272 3369 in
1306 3308 1403 3368 seinen
1436 3305 1487 3365 lite

303 3347 450 3407 rarischen
487 3345 616 3405 Werken
653 3347 731 3407 nicht
759 3348 976 3408 verleugnetg.

387 3387 550 3447 Schnitzler
582 3387 619 3447 ist
651 3388 701 3448 der
726 3387 851 3447 Dichter
884 3387 1272 3447 doFelsinnigen
1317 3387 1505 3447 Bürger¬

307 3427 417 3487 tums
452 3426 633 3486 geworden.
674 3426 789 3486 Seinem
835 3425 1035 3485 hellenBc
1081 3426 1206 3486 entging
1242 3426 1322 3486 nicht
1348 3426 1393 3486 die
1423 3425 1503 3485 Auf¬

304 3467 404 3527 lösung
432 3467 486 3527 der
509 3467 787 3527 gesellschaftlichen
815 3467 965 3527 Formen,
989 3464 1043 3524 wis
1071 3465 1107 3525 sie
1135 3464 1180 3524 sich
1212 3467 1431 3527 insbesondere
1459 3464 1481 3524 im

305 3506 553 3566 österreichischen
591 3508 773 3568 Bürgertum
816 3506 980 3566 spiegelte,
1008 3508 1064 3568 und
1102 3507 1135 3567 er
1163 3506 1219 3566 hat
1252 3507 1294 3567 ihr
1332 3506 1388 3566 mit
1417 3505 1510 3565 geist¬

303 3546 415 3606 reicher
443 3548 555 3608 Ironie
589 3548 663 3608 oder
697 3547 752 3607 mit
776 3545 865 3605 guter
899 3545 1043 3605 Wehmut
1072 3545 1193 3605 Gestalt
1222 3545 1395 3605 verliehen.
1442 3543 1498 3603 Mit

302 3588 633 3648 bewundernswerter
662 3587 895 3647 Hellhörigkeit
924 3590 1050 3650 lauschte
1083 3589 1115 3649 er
1162 3589 1218 3649 dem
1266 3587 1391 3647 Klingen
1448 3587 1499 3647 der

309 3628 419 3688 Seele.

381 3664 474 3724 Schon
505 3665 686 3725 Schnitzlers
717 3665 805 3725 erstee
831 3664 918 3724 Werk
950 3667 1151 3727 „Anatol“
1178 3664 1296 3724 verriet
1318 3664 1363 3724 die
1385 3664 1498 3724 Eigen¬

300 3703 356 3763 art
387 3703 433 3763 des
468 3706 606 3766 Dichters
667 3705 732 3765 Und
771 3705 827 3765 nun
866 3704 943 3764 folet
991 3705 1060 3765 eine
1112 3706 1258 3766 stattliche
1289 3705 1384 3765 Reihe
1415 3702 1509 3762 form¬

297 3748 496 3808 vollendeter
523 3746 743 3806 Kunstwerke,
761 3746 808 3806 die
830 3745 877 3805 den
912 3745 1024 3805 Namen
1055 3748 1107 3808 des
1133 3748 1266 3808 Dichters
1297 3745 1323 3805 in
1354 3745 1401 3805 die
1427 3745 1509 3805 Welt

310 3785 436 3845 trugen.
487 3786 554 3846 Das
596 3784 658 3844 echt
695 3785 894 3845 Wienerische
931 3784 1116 3844 Schauspiel
1148 3784 1406 3844 „Liebelei“,
1439 3785 1492 3845 das

305 3827 418 3887 mutige
454 3826 690 3886 Antiduellstück
725 3826 932 3886 „Freiwild“,
953 3827 1001 3887 der
1037 3829 1209 3889 „Reigen“,
1229 3827 1412 3887 Schnitzlers
1442 3826 1510 3886 um¬
