3392 4352
213 375 922 435 OBSERVER

292 443 320 503 I.
333 440 457 500 österr.
466 437 619 497 behördl.
632 427 934 487 konzessioniertes

253 482 489 542 Unternehmen
520 476 570 536 für
596 469 989 529 Zeitungs-Ausschnitte

560 533 846 593 WOLLZEILE
898 524 941 584 11

297 540 462 600 WIEN,
498 539 531 599 I.

400 587 627 647 TELEPHON
664 578 845 638 R-23-0-43

196 737 437 797 Ausschnitt
465 731 557 791 aus:

579 754 851 814 Volkszeitung,
868 745 957 805 4152

644 945 673 1005 9
706 958 756 1018 5.
767 959 900 1019 OKT.
921 966 1012 1026 1931

225 962 340 1022 vom:

2894 1076 3033 1136 Trotzdem
3086 1080 3203 1140 wagten
3240 1080 3291 1140 die

1043 1078 1175 1138 Meister
1189 1079 1273 1139 seine
1298 1080 1456 1140 Meinung
1482 1081 1517 1141 in
1531 1079 1615 1139 zwei
1628 1080 1774 1140 Worte:,
1788 1079 1896 1139 Wölig
1934 1076 2054 1136 ärzlich
2324 1079 2371 1139 Er
2397 1079 2446 1139 gab
2484 1079 2531 1139 die
2545 1079 2774 1139 Instrumente

1038 1121 1232 1181 kalentlos.

1923 1119 2009 1179 weg.
2032 1121 2177 1181 Damals
2206 1121 2304 1181 stellte
2334 1121 2362 1181 er
2392 1121 2530 1181 lächelnd
2560 1121 2634 1181 fest:
2681 1123 2773 1183 „Den
2809 1118 3016 1178 funktionäre
3052 1121 3144 1181 nicht,
3168 1122 3213 1182 die
3249 1122 3288 1182 Ko

1926 1164 2146 1224 Filzvorleger
2196 1162 2251 1222 vor
2307 1162 2427 1222 meiner
2478 1162 2648 1222 ärztlichen
2704 1164 2775 1224 Tür
2809 1162 2891 1222 weil
2908 1162 2946 1222 sie
2974 1162 3111 1222 wußten,
3134 1163 3177 1223 die
3206 1165 3282 1225 Schr

1124 1162 1200 1222 Das
1232 1164 1283 1224 hat
1309 1162 1372 1222 mir
1405 1164 1565 1224 seinerzeit
1591 1162 1692 1222 Artur
1725 1164 1891 1224 Schnitzlei

1034 1204 1069 1264 in
1111 1207 1263 1267 köstlicher
1305 1207 1410 1267 Laune
1452 1207 1594 1267 erzählt.
1624 1207 1759 1267 Welches
1801 1207 1894 1267 Werk
1930 1207 2041 1267 könnte
2071 1207 2112 1267 ich
2154 1207 2313 1267 eigentlich
2349 1207 2395 1267 als
2431 1207 2490 1267 neu
2526 1207 2719 1267 verkaufen!

2803 1207 3030 1267 Dichtungen,
3055 1207 3116 1267 und
3142 1210 3209 1270 ihre
3234 1209 3282 1269 De

2797 1246 2881 1306 lich.
2939 1245 3013 1305 Nur
3082 1248 3166 1308 eines
3215 1252 3272 1312 bat

1034 1249 1256 1309 Sonnenthal
1315 1249 1346 1309 da
1405 1250 1558 1310 meinte?
1622 1252 1691 1312 Den
1755 1252 1881 1312 Anatol

131 1255 307 1315 Persönliche
327 1258 534 1318 Erinnerungen
565 1259 590 1319 an
620 1258 705 1318 Artur
727 1258 872 1318 Schnitzler
898 1258 943 1318 und
974 1258 998 1318 an

2808 1291 2999 1351 Schlenther
3031 1291 3084 1351 den
3116 1294 3264 1354 Dichter:

1048 1293 1184 1353 Zyklus!

131 1297 180 1357 des
221 1294 347 1354 Dichters
387 1297 488 1357 Vater.
523 1294 533 1354 —
594 1297 765 1357 EiBeief
800 1297 850 1357 der
871 1297 996 1357 General

2003 1302 2102 1362 Eines
2134 1303 2189 1363 der
2220 1303 2493 1363 merkwürdigsten
2531 1303 2679 1363 Wunder
2730 1300 2760 1360 in

2805 1333 2982 1393 Hofzensor
3011 1333 3072 1393 und
3100 1336 3150 1396 dem
3195 1336 3289 1396 Hofr¬

254 1336 421 1396 intendanz.
439 1336 447 1396 —
491 1336 546 1396 Des
569 1336 667 1396 Poeten
694 1339 879 1399 Frauenideal

1123 1336 1184 1396 Als
1215 1336 1258 1396 ich
1296 1334 1375 1394 einst
1413 1334 1437 1394 im
1493 1337 1696 1397 Carltheater
1728 1337 1789 1397 für
1820 1338 1887 1398 eine
1919 1345 2140 1405 Dichterleben
2178 1344 2369 1404 Schnitzlers
2394 1346 2554 1406 bedeutete
2604 1344 2652 1404 die
2696 1343 2782 1403 Auf¬

2809 1377 2869 1437 der
2892 1374 3087 1434 Intendanz
3109 1377 3165 1437 sein
3193 1377 3287 1437 Stück

233 1375 283 1435 In
322 1383 417 1443 diesen
456 1386 558 1446 Tagen
597 1384 743 1444 schwebte
776 1386 839 1446 mir
871 1387 928 1447 gar
961 1384 1005 1444 oft
1038 1376 1236 1436 literarische
1281 1377 1491 1437 Vorstellung
1543 1378 1625 1438 zwei
1671 1378 1785 1438 Stücke
1837 1377 1894 1437 des

1925 1389 2069 1449 führung
2126 1389 2230 1449 seines
2292 1389 2654 1449 Revolutionsdramas
2696 1386 2783 1446 „Der

2809 1413 2830 1473 —
2879 1416 3047 1476 Schnitzler
3075 1418 3123 1478 las
3146 1419 3226 1479 seine
3249 1422 3297 1482 Di

1801 1421 1896 1481 vor¬

1039 1422 1302 1482 Anatol-Zyklus

1382 1425 1441 1485 zur
1520 1422 1735 1482 Aufführung

144 1425 192 1485 die
220 1426 300 1486 liebe
323 1428 447 1488 Gestalt
469 1430 517 1490 des
545 1431 837 1491 Regierungsrates
870 1432 999 1492 Johann

1925 1431 2028 1491 grüne
2059 1432 2209 1492 Kakadu“
2246 1431 2271 1491 im
2323 1433 2509 1493 kaiserlichen
2546 1431 2773 1491 Burgtheater

2810 1461 2869 1521 lich
2900 1461 2923 1521 so
2953 1461 3137 1521 miserabel,
3156 1464 3209 1524 daß
3240 1465 3262 1525 so

1032 1464 1198 1524 bereitete,
1232 1464 1358 1524 erteilte
1399 1463 1465 1523 mir
1499 1464 1672 1524 Schnitzler
1713 1466 1812 1526 zuerst
1847 1467 1892 1527 die
1921 1474 2006 1534 Aber
2034 1479 2080 1539 ein
2107 1479 2193 1539 nicht
2215 1476 2341 1536 minder
2361 1478 2474 1538 großes
2502 1476 2548 1536 die
2575 1476 2648 1536 kurz
2669 1476 2781 1536 vorher

146 1470 399 1530 Schnitzler
430 1472 486 1532 vor
514 1473 642 1533 Augen,
664 1473 714 1533 des
746 1473 864 1533 Vaters
897 1476 1004 1536 unsrei

2816 1511 2844 1571 zu
2886 1503 2991 1563 Boden
3027 1503 3144 1563 fielen.

144 1512 291 1572 Dichters
333 1514 462 1574 Artur,
486 1515 533 1575 der
581 1515 639 1575 von
675 1517 769 1577 dessen
816 1518 910 1578 Ruhm
970 1518 999 1578 so
1035 1508 1217 1568 schriftliche
1241 1507 1476 1567 Bewilligung.
1495 1508 1541 1568 Am
1583 1506 1683 1566 selben
1713 1508 1795 1568 Tage
1825 1507 1871 1567 kam

1921 1520 1958 1580 an
1990 1523 2143 1583 derselben
2176 1521 2286 1581 Stätte
2334 1520 2519 1580 inszenierte
2568 1519 2779 1579 Aufführung

2894 1547 2957 1607 Die
2996 1547 3269 1607 Kanonenschüsse

143 1556 245 1616 wenig
308 1557 460 1617 genießen
517 1558 619 1618 sollte.
676 1560 777 1620 Einer
829 1559 879 1619 der
942 1556 1003 1616 an=
1033 1552 1112 1612 aber
1141 1551 1185 1611 ein
1220 1550 1361 1610 zweites,
1407 1551 1655 1611 pneumatisches
1707 1550 1876 1610 Schreiben

1925 1562 2018 1622 seines
2050 1562 2195 1622 Dramas
2227 1562 2492 1622 „Vermächtnis"

2810 1586 2844 1646 so
2874 1588 2961 1648 sanft
2985 1589 3101 1649 heraus
3131 1590 3189 1650 wie
3219 1592 3265 1652 der

1031 1595 1061 1655 in
1093 1595 1144 1655 dem
1191 1595 1216 1655 er
1248 1595 1315 1655 mich
1347 1595 1501 1655 dringend
1533 1596 1600 1656 bat,
1621 1595 1776 1655 „Anatols
1802 1595 1879 1655 Hoch

2006 1604 2076 1664 Das
2104 1604 2440 1664 Revolutionsdrama
2468 1601 2615 1661 beschwor
2642 1601 2777 1661 förmlick

138 1601 353 1661 gesehendsten
392 1601 624 1661 Kehlkopfärzte
652 1604 751 1664 seiner
785 1605 873 1665 Zeit,
912 1604 995 1664 stand

2817 1634 2944 1694 pistole,
2967 1634 3028 1694 und
3056 1634 3106 1694 die
3128 1635 3283 1695 revolutio

139 1643 174 1703 er
217 1643 282 1703 mit
313 1643 451 1703 Wiener
488 1644 759 1704 Künstlerkreisen
802 1646 831 1706 in
880 1648 1000 1708 engster
1030 1640 1265 1700 zeitsmorgen"
1296 1640 1482 1700 abzusetzen,
1501 1640 1626 1700 obgleich
1657 1638 1808 1698 vielleicht
1827 1639 1892 1699 eine
1929 1644 1982 1704 den
2019 1647 2163 1707 blutigen
2200 1646 2350 1706 Schatten
2411 1646 2471 1706 der
2520 1646 2778 1706 quillotinierten

2816 1673 2880 1733 wie
2926 1676 3223 1736 Gemütlichkeiten.
3264 1679 3278 1739 T

142 1685 321 1745 Fühlung.
348 1688 416 1748 Der
448 1687 648 1747 Stimmarzt
691 1688 706 1748 —
775 1688 832 1748 für
875 1690 1006 1750 Schau=
1034 1685 1107 1745 gute
1134 1682 1297 1742 Besetzung
1324 1682 1365 1742 die
1392 1682 1571 1742 Schwächen
1603 1684 1655 1744 des
1677 1682 1803 1742 Stückes
1830 1682 1898 1742 ver¬

1925 1690 2067 1750 Königin
2094 1691 2205 1751 Maria
2227 1689 2432 1749 Antoinette,
2448 1688 2495 1748 der
2517 1688 2649 1748 Tochter
2670 1686 2786 1746 Maria

2820 1715 2979 1775 witzigsten
3038 1721 3288 1781 Kunstleistunge

1026 1726 1126 1786 decken
1162 1727 1287 1787 könnte.
1308 1724 1393 1784 Aber
1424 1724 1454 1784 er
1480 1726 1555 1786 habe
1586 1727 1616 1787 es
1662 1724 1767 1784 soeben
1823 1724 1893 1784 nach

145 1730 257 1790 spieler
297 1730 356 1790 und
395 1730 548 1790 Sänger,
573 1730 611 1790 ist
641 1732 675 1792 er
710 1733 764 1793 der
799 1733 995 1793 vertrautest

1925 1735 2115 1795 Therésias,
2131 1735 2189 1795 auf
2210 1734 2252 1794 die
2279 1732 2390 1792 Bühne
2417 1731 2469 1791 des
2491 1733 2675 1793 Hofes....
2697 1733 2786 1793 „Das

2822 1759 2997 1819 Schnitzler

1032 1770 1148 1830 langer
1175 1771 1249 1831 Zeit
1271 1768 1504 1828 wiedergelesen
1564 1768 1621 1828 und
1675 1766 1754 1826 seine
1787 1766 1903 1826 „Anti¬

141 1772 299 1832 Freund,
337 1771 389 1831 der
421 1774 621 1834 Beichtvater
659 1774 716 1834 für
749 1777 896 1837 physische
944 1774 991 1834 Be

1925 1777 2176 1837 Vermächtnis“
2211 1774 2281 1834 aber
2307 1776 2418 1836 rührte
2444 1774 2513 1834 nach
2544 1774 2594 1834 der
2625 1774 2785 1834 Meinung

2908 1804 2974 1864 Die
3009 1804 3109 1864 beiden
3157 1807 3291 1867 Funkti.

1038 1813 1141 1873 pathie
1162 1812 1249 1872 gegen
1281 1811 1332 1871 das
1358 1813 1450 1873 Stück
1472 1813 1559 1873 mehr
1601 1813 1647 1873 als
1694 1813 1720 1873 je
1761 1813 1895 1873 gerecht¬

142 1816 337 1876 kenntnisse.
375 1816 523 1876 Plötzlich
555 1816 607 1876 kam
655 1816 708 1876 der
756 1819 888 1879 beliebte
931 1819 999 1879 Arz

1922 1819 1983 1879 der
2015 1822 2158 1882 strengen
2195 1818 2353 1878 Hofkreise
2385 1819 2425 1879 an
2462 1819 2518 1879 das
2555 1819 2703 1879 Institut
2735 1817 2791 1877 der

2821 1846 2920 1906 diesem
2966 1846 3105 1906 Vortrag
3133 1850 3283 1910 beruhigt

1035 1855 1147 1915 fertigt
1170 1855 1344 1915 gefunden"

140 1858 217 1918 auch
243 1861 268 1921 in
300 1861 340 1921 die
367 1858 536 1918 Hofkreise.
552 1861 629 1921 Was
655 1859 680 1919 er
707 1861 763 1921 vor
789 1861 860 1921 allem
902 1861 1000 1921 seiner

1929 1864 2013 1924 Ehe,
2035 1864 2124 1924 indem
2178 1862 2209 1922 es
2241 1863 2368 1923 Mitleid
2400 1862 2542 1922 fordert,
2564 1860 2780 1920 Duldsamkei

2821 1890 2967 1950 sprühten
2995 1891 3049 1951 von
3083 1891 3278 1951 schauspieler

131 1903 336 1963 Tüchtigkeit
358 1906 389 1966 zu
416 1906 526 1966 danken
564 1906 643 1966 hatte
670 1906 732 1966 und
759 1906 806 1966 der
854 1906 1007 1966 Vorliebe

1930 1906 1991 1966 und
2018 1906 2105 1966 Hilfe
2126 1906 2182 1966 für
2209 1906 2270 1966 jene
2297 1904 2451 1964 Frauen,
2467 1906 2513 1966 die
2539 1906 2621 1966 ohne
2648 1905 2792 1965 priester¬

1112 1907 1170 1967 Ich
1203 1906 1426 1966 widersprach,
1448 1906 1522 1966 denn
1555 1906 1602 1966 der
1629 1906 1778 1966 Einakter
1805 1906 1842 1966 ist
1864 1906 1890 1966 ir

2821 1933 2896 1993 nach
2924 1933 2989 1993 acht
3011 1933 3249 1993 Vorstellungen

135 1947 187 2007 des
220 1947 414 2007 Erzherzogs
447 1947 531 2007 Karl
579 1947 710 2007 Ludwig
765 1950 822 2010 für
875 1950 1001 2010 höfische
1040 1947 1165 2007 Einfall
1198 1949 1255 2009 und
1287 1947 1504 2007 Ausführung
1541 1948 1673 2008 wirklich
1711 1947 1879 2007 entzückend

1925 1950 2022 2010 lichen
2069 1950 2177 2010 Segen
2214 1947 2347 2007 Mütter
2384 1947 2533 2007 werden.
2565 1950 2631 2010 Die
2668 1947 2791 2007 Hohen¬

2820 1974 3016 2034 Schauplatz
3038 1977 3261 2037 verschwinden

136 1989 332 2049 Tradition,
354 1990 441 2050 wenn
469 1992 506 2052 sie
529 1992 615 2052 nicht
633 1990 697 2050 viel
720 1992 823 2052 kostet.

1031 1992 1081 2052 Er
1106 1992 1187 2052 wäre
1212 1992 1348 2052 (damals
1379 1992 1404 2052 in
1434 1990 1520 2050 Wien
1556 1992 1706 2052 nirgends
1732 1992 1797 2052 noch
1828 1992 1898 2052 auf¬

1932 1992 1990 2052 fels
2017 1995 2090 2055 hielt
2112 1992 2143 2052 am
2186 1992 2323 2052 Schlusse
2345 1992 2430 2052 jenes
2457 1991 2583 2051 Stückes
2605 1990 2673 2050 eine
2695 1992 2795 2052 förm¬

2819 2016 2968 2076 volution
3008 2019 3122 2079 konnte
3157 2022 3226 2082 man

227 2031 302 2091 Der
373 2031 545 2091 Hausarzt
610 2032 664 2092 der
740 2035 998 2095 erzherzoglichen
1037 2036 1182 2096 geführt)
1204 2035 1268 2095 eine
1290 2037 1419 2097 köstliche
1441 2034 1608 2094 Sensation
1641 2036 1689 2096 für
1711 2036 1894 2096 literarische

1925 2037 2002 2097 liche
2028 2037 2203 2097 Ansprache
2230 2037 2260 2097 an
2292 2037 2353 2097 alle
2374 2036 2523 2096 Mütter,
2539 2034 2565 2094 in
2596 2034 2647 2094 der
2668 2034 2709 2094 sie
2730 2033 2792 2093 Er¬

2820 2061 2978 2121 leugnen,
3005 2061 3078 2121 aber
3106 2058 3115 2118 —
3195 2065 3253 2125 daß

147 2076 291 2136 Familie
330 2076 399 2136 war
432 2076 567 2136 nämlich
605 2077 664 2137 seit
697 2078 825 2138 Jahren
869 2077 918 2137 der
956 2077 1009 2137 be=
1037 2079 1279 2139 Feinschmecker
1307 2079 1489 2139 geworden.
1517 2078 1597 2138 Aber
1625 2078 1662 2138 ich
1695 2078 1802 2138 mußte
1830 2076 1899 2136 ver=
1927 2083 2062 2143 barmen
2089 2082 2137 2142 für
2165 2082 2207 2142 die
2229 2082 2369 2142 entehrte
2385 2081 2493 2141 Heldin
2521 2080 2569 2140 des
2591 2080 2736 2140 Stückes,
2747 2081 2795 2141 für

2823 2105 2940 2165 Hoheit
2978 2106 3183 2166 niedersticht,
3214 2109 3288 2169 noch

136 2118 268 2178 rühmte
297 2119 462 2179 Professor
485 2121 550 2181 Dr.
568 2119 601 2179 v.
618 2120 695 2180 Sch.
712 2121 866 2181 gewesen.
906 2121 1010 2181 Sooft

1033 2123 1141 2183 zichten
1183 2121 1240 2181 und
1277 2122 1391 2182 konnte
1422 2121 1490 2181 bloß
1532 2121 1573 2181 ein
1615 2121 1890 2181 Schnitzler=Stüc

1931 2124 2009 2184 diese
2031 2126 2115 2186 Toni
2137 2121 2263 2181 Weber,
2280 2122 2369 2182 erbat
2391 2121 2400 2181 —
2449 2121 2474 2181 so
2496 2123 2548 2183 daß
2576 2121 2638 2181 alle
2660 2123 2781 2183 Frauer

2823 2149 3102 2209 Schauspielerin,
3121 2150 3177 2210 das
3202 2150 3270 2210 war

142 2159 190 2219 ein
229 2159 384 2219 Mitglied
428 2162 481 2222 der
514 2162 735 2222 kinderreichen
784 2164 945 2224 Familie,
973 2162 999 2222 ja
1038 2165 1194 2225 bringen,
1216 2165 1345 2225 nämlich
1378 2165 1431 2225 den
1464 2165 1625 2225 reizvollen
1664 2162 1808 2222 Einakter
1836 2164 1895 2224 aus

1925 2168 1962 2228 im
1999 2168 2105 2228 Hause
2138 2167 2296 2227 weinten,
2318 2165 2387 2225 auch
2419 2165 2467 2225 die
2494 2165 2732 2225 hochadeligen.

2903 2199 2974 2259 Die
3001 2203 3249 2263 Aufführungen

145 2205 223 2265 auch
264 2205 319 2265 des
359 2204 562 2264 Hofstaates,
596 2206 641 2266 ein
681 2205 804 2265 bißchen
850 2205 1002 2265 Halsweh
1036 2205 1092 2265 dem
1172 2210 1430 2270 Anatol=Zyklus
1476 2211 1560 2271 „Die
1606 2210 1707 2270 Frage
1753 2209 1791 2269 an
1837 2207 1893 2267 das

2013 2210 2120 2270 Gegen
2159 2211 2213 2271 das
2246 2210 2343 2270 Stück
2370 2210 2462 2270 erhob
2495 2210 2543 2270 sich
2576 2208 2614 2268 an
2652 2207 2776 2267 manche

2822 2243 2984 2303 verkauft.
3014 2246 3095 2306 Man
3130 2246 3211 2306 kann
3252 2244 3286 2304 sic

147 2247 249 2307 hatte,
271 2248 378 2308 wurde
406 2249 454 2309 der
482 2249 563 2309 Herr
585 2249 746 2309 Professor
769 2249 915 2309 gebeten,
937 2249 1006 2309 nach
1034 2249 1206 2309 Schicksal“

1927 2255 2024 2315 hohen
2060 2255 2164 2315 Stelle
2193 2254 2384 2314 murrender
2414 2252 2628 2312 Widerstand.
2652 2252 2779 2312 Abere

2826 2288 2956 2348 Dichter
2980 2288 3060 2348 über
3083 2288 3163 2348 diese
3186 2288 3288 2348 Absetz

144 2290 228 2350 Villa
268 2291 439 2351 Wartholz
474 2292 502 2352 zu
542 2291 707 2351 kommen,
737 2291 844 2351 hinter
879 2291 1003 2351 Payer¬

1114 2291 1184 2351 Bei
1209 2295 1261 2355 der
1309 2294 1557 2354 Generalprobe
1605 2294 1658 2354 kam
1718 2293 1876 2353 Schnitzle

1932 2300 2074 2360 getraute
2101 2297 2149 2357 sich
2186 2297 2265 2357 nicht
2287 2297 2361 2357 laut
2383 2297 2414 2357 zu
2446 2297 2589 2357 werden,
2611 2297 2684 2357 denn
2722 2296 2795 2356 diese

2822 2330 2922 2390 Stück
2952 2330 3034 2390 sollte
3064 2333 3135 2393 eben
3177 2333 3205 2393 in
3242 2333 3288 2393 De

136 2335 233 2395 bach.
255 2335 400 2395 Damals
431 2335 487 2395 gab
514 2333 545 2393 es
576 2335 643 2395 noch
680 2335 762 2395 keine
789 2335 1000 2395 Automobile

1034 2335 1150 2395 wieder
1182 2336 1240 2396 auf
1262 2338 1319 2398 das
1351 2339 1398 2399 „so
1446 2337 1615 2397 schwache“
1663 2335 1890 2395 Anatol=Stüc

1926 2341 2019 2401 Toni
2037 2342 2169 2402 Weber,
2203 2341 2252 2401 die
2298 2340 2352 2400 das
2381 2339 2519 2399 Unglück
2558 2338 2663 2398 hatte,
2697 2338 2796 2398 ledige

2821 2374 2937 2434 großen
2971 2371 3054 2431 Hof=
3077 2374 3137 2434 und
3171 2374 3287 2434 Stadtt

148 2377 207 2437 und
245 2377 314 2437 solch
363 2377 411 2437 ein
455 2377 573 2437 Besuch
617 2377 724 2437 kostete
768 2378 794 2438 so
843 2379 1005 2439 ungefähr
1043 2380 1377 2440 „Hochzeitsmorgen"
1410 2381 1436 2441 zu
1469 2381 1603 2441 sprechen
1636 2380 1695 2440 und
1723 2379 1814 2439 schloß
1863 2378 1894 2438 in
1933 2385 2067 2445 Mutter
2090 2386 2116 2446 zu
2143 2384 2283 2444 werden,
2299 2383 2363 2443 war
2386 2383 2439 2443 von
2467 2383 2644 2443 Katharina
2672 2383 2784 2443 Schrat

2820 2416 2911 2476 deren
2954 2416 3134 2476 Direktoren
3178 2417 3284 2477 mußte

151 2419 238 2479 einen
275 2422 362 2482 Tag.
399 2419 470 2479 Das
502 2420 651 2480 Honorar
693 2419 806 2479 betrug
858 2422 930 2482 aber
966 2419 1012 2479 die

1038 2425 1136 2485 seinem
1178 2425 1479 2485 unnachahmlichen
1511 2422 1609 2482 Ernst
1636 2422 1698 2482 mit
1724 2422 1770 2482 dem
1818 2419 1895 2479 Satz

1934 2429 2079 2489 gespielt,
2095 2428 2165 2488 eine
2187 2428 2240 2488 der
2268 2426 2499 2486 ergreifendsten
2537 2425 2666 2485 Rollen,
2688 2426 2715 2486 in
2748 2424 2790 2484 die

2823 2458 2924 2518 rasche
2955 2459 3117 2519 Absetzung
3154 2461 3196 2521 sei
3220 2461 3280 2521 aus

147 2462 259 2522 Hälfte
292 2464 378 2524 jenes
416 2464 594 2524 Betrages,
622 2464 675 2524 den
713 2462 767 2522 der
800 2463 885 2523 Herr
924 2464 1009 2524 Pro=
1043 2466 1107 2526 „Am
1151 2467 1242 2527 Ende
1269 2467 1323 2527 hat
1345 2467 1566 2527 Sonnenthal
1604 2467 1674 2527 doch
1723 2468 1809 2528 recht
1852 2466 1884 2526 ge

1926 2471 2006 2531 diese
2045 2473 2228 2533 Künstlerin
2267 2472 2320 2532 der
2353 2470 2585 2530 Natürlichkeit
2618 2470 2683 2530 ihre
2721 2470 2785 2530 mit

2824 2503 2881 2563 den
2907 2503 3036 2563 erfolgt,
3056 2503 3126 2563 weil
3146 2504 3198 2564 das
3224 2503 3281 2563 Sti

142 2506 240 2566 fessor
281 2506 333 2566 als
368 2507 455 2567 Taxe
490 2506 547 2566 für
589 2506 675 2566 einen
723 2506 843 2566 Besuch
885 2506 913 2566 in
955 2506 1007 2566 der
1042 2512 1139 2572 habt!

1923 2515 2096 2575 leidsvolle
2123 2516 2215 2576 Seele
2238 2515 2323 2575 hatte
2346 2514 2513 2574 ausgießen
2547 2513 2681 2573 können.
2703 2515 2795 2575 Diese

137 2551 278 2611 Innern
308 2550 408 2610 Stadt
432 2550 562 2610 erhielt.
581 2551 651 2611 Das
681 2551 751 2611 war
776 2550 828 2610 bei
864 2551 934 2611 Hof
976 2550 1005 2610 so

2911 2553 3054 2613 Damals
3085 2555 3258 2615 verlangte

1925 2559 2020 2619 Toni
2040 2559 2155 2619 Weber
2201 2556 2311 2616 wurde
2358 2557 2433 2617 denn
2484 2557 2554 2617 auch
2610 2556 2695 2616 einer
2740 2556 2795 2616 der

147 2592 356 2652 „eingeführt

2828 2598 2976 2658 offizielle
3003 2598 3171 2658 Zuschrift
3198 2598 3249 2658 der

1122 2610 1198 2670 Das
1224 2611 1441 2671 absprechende
1461 2610 1569 2670 Urteil
1588 2611 1639 2671 des
1659 2611 1754 2671 ersten
1781 2609 1901 2669 Schau-
1927 2604 2061 2664 größten
2132 2601 2426 2661 schauspielerischen
2497 2599 2682 2659 Triumphe
2740 2599 2797 2659 der

232 2634 335 2694 Eines
367 2634 471 2694 Tages
497 2634 557 2694 fiel
583 2634 613 2694 es
645 2634 675 2694 in
706 2634 761 2694 der
792 2635 927 2695 Kanzlei
952 2633 1007 2693 des

2825 2641 3007 2701 Inhaltes,
3044 2640 3098 2700 daß
3141 2640 3189 2700 die
3226 2642 3268 2702 Ab

1930 2646 2082 2706 Schratt.
2117 2643 2201 2703 Seit
2241 2644 2337 2704 dieser
2360 2643 2433 2703 Zeit
2473 2643 2659 2703 schwärmte
2682 2643 2721 2703 sie
2744 2643 2794 2703 für

1038 2658 1164 2718 spielers
1192 2658 1247 2718 der
1275 2658 1408 2718 „Burg“
1436 2658 1491 2718 hat
1536 2658 1691 2718 übrigens
1741 2658 1802 2718 auf
1846 2655 1896 2715 des

142 2679 339 2739 Erzherzogs
390 2679 467 2739 auf,
495 2679 544 2739 der
589 2676 676 2736 Herr
710 2679 875 2739 Professor
926 2679 1002 2739 habe

1927 2690 2123 2750 Schnitzler,
2141 2688 2198 2748 vor
2222 2688 2302 2748 allem
2344 2689 2435 2749 aber,
2471 2688 2511 2748 sie
2541 2688 2609 2748 war
2633 2688 2684 2748 ihm
2726 2687 2800 2747 auf¬
2830 2683 2980 2743 Kakadu"
3015 2683 3095 2743 nicht
3131 2685 3235 2745 wegen
3270 2685 3287 2745 2

1037 2703 1152 2763 jungen
1188 2703 1298 2763 Artur
1329 2698 1596 2758 Lebensrichtung
1631 2700 1697 2760 eine
1748 2699 1898 2759 Zeitlang

147 2724 229 2784 schon
252 2722 396 2782 mehrere
414 2721 519 2781 Male,
553 2721 602 2781 als
625 2721 686 2781 man
714 2721 758 2781 ihn
786 2723 858 2783 rief,
892 2721 941 2781 sich
964 2721 1008 2781 als

2824 2727 3045 2787 Publikums,
3087 2729 3213 2789 sondern
3261 2729 3274 2789 a

1927 2732 2039 2792 richtig
2070 2732 2223 2792 dankbar.
2242 2732 2313 2792 Das
2343 2732 2408 2792 war
2438 2730 2532 2790 1898.

1027 2741 1243 2801 bestimmend
1271 2741 1417 2801 gewirkt:
1434 2741 1471 2801 Er
1499 2740 1645 2800 widmete
1667 2741 1770 2801 einige
1792 2740 1878 2800 Jahr

143 2762 278 2822 verreist
320 2765 439 2825 melden
476 2763 590 2823 lassen.
627 2765 710 2825 Man
747 2762 918 2822 wunderte
960 2762 996 2822 sic

2829 2770 2951 2830 erfolgt
2979 2771 3032 2831 sei.

1039 2786 1277 2846 ausschließlich
1312 2786 1362 2846 der
1392 2785 1562 2845 Medizin,
1585 2785 1755 2845 etablierte
1784 2784 1834 2844 sich
1869 2781 1897 2841 in

138 2808 225 2868 über
257 2805 303 2865 die
339 2807 509 2867 oftmalige
546 2807 783 2867 Abwesenheit,
810 2807 907 2867 ahnte
944 2806 995 2866 der

2905 2813 3022 2873 Diesen
3075 2813 3177 2873 Brief

1040 2830 1090 2890 der
1125 2831 1317 2891 Frankgasse
1351 2830 1402 2890 als
1442 2828 1612 2888 Facharzt,
1641 2829 1702 2889 und
1743 2828 1799 2888 gab
1839 2825 1901 2885 mit

2019 2826 2065 2886 Im
2113 2837 2247 2897 nächsten
2287 2837 2373 2897 Jahr
2406 2834 2460 2894 kam
2509 2835 2587 2895 dann
2619 2837 2792 2897 Schnitzlei

139 2851 258 2911 Grund
292 2852 360 2912 und
389 2852 491 2912 berief
520 2852 616 2912 dessen
651 2852 798 2912 Kollegen
855 2850 996 2910 Chefarz

2823 2854 2948 2914 Praxis
2999 2855 3055 2915 der
3100 2858 3275 2918 Hoftheate

1036 2876 1201 2936 Professor
1231 2875 1325 2935 Hajek
1355 2876 1437 2936 einen
1474 2876 1668 2936 „Klinischen
1704 2876 1798 2936 Atlas
1846 2873 1898 2933 der

1927 2879 1991 2939 mit
2016 2879 2110 2939 seinem
2152 2879 2304 2939 „Grünen
2335 2879 2500 2939 Kakadu".
2518 2877 2559 2937 Es
2589 2879 2624 2939 ist
2648 2879 2795 2939 vielleicht

146 2894 341 2954 Schnitzler,
358 2894 409 2954 der
435 2894 507 2954 aber
533 2892 558 2952 in
591 2892 688 2952 seiner
714 2894 827 2954 nobeln
859 2894 920 2954 Art
947 2894 1003 2954 keir

2832 2901 2997 2961 Schnitzler
3030 2900 3055 2960 in
3088 2903 3228 2963 späteren
3260 2906 3272 2966 I

1034 2918 1295 2978 Laryngologie"
1322 2918 1460 2978 heraus.

1925 2924 1986 2984 das
2018 2924 2218 2984 vollendetste
2245 2921 2461 2981 Meisterwerk
2487 2921 2579 2981 seiner
2600 2923 2718 2983 Kunst,
2740 2921 2775 2981 au

150 2934 247 2994 Wort
274 2938 350 2998 über
382 2936 433 2996 das
470 2935 598 2995 geringe
624 2935 778 2995 Honorar
810 2935 902 2995 fallen
939 2937 995 2997 lief

2825 2944 2973 3004 lichung.

1118 2959 1171 3019 Es
1201 2959 1332 3019 braucht
1362 2959 1446 3019 nicht
1476 2959 1535 3019 erst
1559 2959 1672 3019 gesagt
1696 2959 1725 3019 zu
1762 2956 1880 3016 werden

1925 2962 1983 3022 der
2015 2967 2115 3027 Szene
2147 2965 2257 3025 Schein
2295 2965 2353 3025 und
2385 2965 2490 3025 Sein,
2512 2965 2696 3025 Täuschung
2734 2965 2770 3025 un

146 2980 285 3040 Alsbald
317 2980 424 3040 wurde
451 2980 487 3040 er
513 2979 559 3039 der
586 2979 663 3039 Arzt
689 2980 740 3040 der
767 2980 942 3040 Hofkreise,
963 2977 994 3037 er

1036 3004 1100 3064 wie
1123 3004 1199 3064 rasch
1226 3004 1443 3064 Sonnenthal
1466 3004 1520 3064 sein
1553 3004 1661 3064 Urteil
1683 3002 1754 3062 über
1782 3001 1895 3061 Artur¬

1927 3010 2139 3070 Wirklichkeit
2165 3007 2382 3067 miteinander
2407 3007 2516 3067 derart
2546 3010 2570 3070 zu
2610 3010 2802 3070 verquicken,

147 3022 227 3082 hielt
255 3025 303 3085 den
336 3022 429 3082 Titel
451 3022 716 3082 Regierungsrat
755 3022 814 3082 und
847 3025 874 3085 zu
912 3022 987 3082 seine

1035 3049 1164 3109 Talent
1186 3049 1343 3109 geändert
1365 3048 1435 3108 hat:
1457 3046 1516 3106 Als
1543 3046 1722 3106 Burckhard
1749 3045 1824 3105 1893
1858 3043 1884 3103 di

1926 3052 1984 3112 daß
2018 3055 2087 3115 man
2120 3052 2276 3112 schließlich
2309 3050 2390 3110 nicht
2412 3052 2508 3112 weiß,
2525 3051 2595 3111 was
2623 3052 2735 3112 Scherz
2763 3053 2784 3113 is

2909 3055 3101 3115 Schnitzlers
3132 3059 3280 3119 Fraueng

139 3066 245 3126 alten,
288 3067 432 3127 soliden,
475 3065 690 3125 bürgerlichen
744 3067 893 3127 Klientel
942 3066 1010 3126 eine

1044 3095 1221 3155 „Liebelei“
1254 3094 1426 3154 austeilte,
1454 3091 1486 3151 da
1524 3091 1631 3151 sandte
1664 3089 1696 3149 er
1729 3088 1777 3148 die
1804 3088 1895 3148 Rolle
1940 3095 1998 3155 und
2031 3097 2095 3157 was
2123 3097 2236 3157 Ernst,
2252 3096 2316 3156 was
2349 3094 2457 3154 Lachen
2490 3095 2549 3155 und
2582 3094 2651 3154 was
2679 3094 2802 3154 Todes=
2830 3097 2905 3157 man
2943 3100 2991 3160 ihm
3046 3103 3277 3163 vorgeworfen,

141 3112 238 3172 neue,
264 3112 589 3172 hocharistokratische

1034 3135 1091 3195 des
1115 3135 1190 3195 alten
1220 3135 1364 3195 Musikus
1388 3135 1544 3195 Weyring
1569 3135 1707 3195 zunächst
1725 3132 1899 3192 Bernhard
1935 3139 2079 3199 röcheln.

2825 3144 2955 3204 Frauen
2983 3144 3113 3204 erliegen
3152 3147 3178 3207 so
3207 3147 3293 3207 leicht

1035 3180 1247 3240 Baumeister
1269 3181 1323 3241 zu,
1340 3180 1388 3240 der
1416 3180 1454 3240 sie
1476 3179 1546 3239 aber
1574 3180 1682 3240 schroff
1705 3178 1889 3238 zurückwies

2014 3183 2090 3243 Das
2140 3183 2312 3243 Anstößige
2356 3180 2394 3240 an
2445 3180 2538 3240 diesem
2605 3180 2798 3240 Kunstwerk
2827 3186 2936 3246 Opfer
2959 3186 3008 3246 der
3037 3186 3147 3246 Sinne
3180 3189 3207 3249 zu
3241 3187 3285 3247 we

229 3197 287 3257 Ein
320 3198 424 3258 weiser
470 3196 534 3256 und
561 3195 638 3255 trotz
672 3198 775 3258 seiner
822 3195 984 3255 Menschen

1033 3222 1082 3282 Er
1109 3225 1272 3285 empfinde
1300 3222 1382 3282 Ekel
1410 3222 1464 3282 vor
1519 3223 1589 3283 solch
1645 3222 1736 3282 einem
1803 3219 1884 3279 weiß

1928 3224 2041 3284 mußte
2072 3226 2143 3286 aber
2168 3225 2222 3285 für
2247 3225 2306 3285 alle
2331 3225 2475 3285 Hofleute
2505 3225 2583 3285 nicht
2608 3226 2655 3286 die
2680 3226 2800 3286 Form,
2824 3230 2974 3290 Dichters
3029 3231 3251 3291 Frauenideal

137 3240 286 3300 kenntnis
323 3240 370 3300 ein
401 3240 526 3300 gütiger
563 3239 658 3299 Arzt!
682 3240 760 3300 Nur
790 3240 819 3300 in
856 3240 909 3300 der
946 3236 1011 3296 Be¬

1039 3270 1194 3330 haarigen
1250 3267 1381 3327 Mann,
1427 3267 1482 3327 der
1533 3267 1593 3327 von
1654 3266 1704 3326 dem
1775 3264 1885 3324 Liebes

1929 3270 2063 3330 sondern
2115 3271 2171 3331 der
2234 3270 2367 3330 Inhalt
2409 3270 2491 3330 sein,
2549 3270 2600 3330 die
2672 3271 2791 3331 blutige

2825 3273 2910 3333 sein.
2933 3273 2950 3333 .
2968 3276 2984 3336 .

3046 3273 3128 3333 Nun
3167 3276 3270 3336 denn:

141 3282 307 3342 urteilung
348 3282 450 3342 seiner
486 3279 587 3339 beiden
638 3280 754 3340 Söhne
801 3282 907 3342 Artur
948 3282 1003 3342 und

1033 3312 1224 3372 verhältnis
1259 3312 1359 3372 seiner
1388 3312 1523 3372 Tochter
1557 3309 1642 3369 wisse
1682 3309 1743 3369 und
1778 3309 1817 3369 sie
1851 3308 1879 3368 im
1930 3311 2144 3371 Schilderung
2185 3311 2235 3371 der
2264 3309 2393 3369 Pariser
2421 3309 2641 3369 Revolution.
2686 3312 2788 3372 Schon
2828 3316 3002 3376 Schnitzler
3048 3318 3160 3378 gerade
3211 3318 3256 3378 die

150 3323 272 3383 Julius
304 3323 356 3383 hat
383 3323 409 3383 er
436 3322 483 3382 sich
510 3322 626 3382 geirrt.
643 3322 690 3382 Er
717 3323 833 3383 schwur
860 3323 992 3383 nämlich

134 3365 243 3425 Artur
296 3368 399 3428 werde
446 3367 538 3427 gleich
590 3365 642 3425 ihm
706 3366 751 3426 ein
810 3365 994 3425 berühmter
1029 3356 1144 3416 Hause
1174 3356 1283 3416 dulde!
1306 3356 1421 3416 Dieser
1451 3354 1560 3414 Mann
1595 3353 1693 3413 tauge
1722 3352 1791 3412 eher
1820 3350 1877 3410 zum
1924 3353 1981 3413 der
2005 3356 2091 3416 Tag,
2126 3354 2160 3414 an
2213 3352 2264 3412 dem
2323 3352 2374 3412 die
2392 3352 2565 3412 Handlung
2612 3355 2721 3415 spielt,
2739 3356 2790 3416 der
2825 3357 2952 3417 Frauen
2998 3359 3056 3419 mit
3091 3361 3165 3421 aller
3201 3362 3287 3422 verze

144 3411 345 3471 Laryngolog
403 3410 530 3470 werden
588 3410 651 3470 und
692 3410 818 3470 Julius
865 3410 904 3470 ein
957 3407 1002 3467 be=
1038 3400 1193 3460 Inhaber
1223 3398 1309 3458 eines
1338 3399 1476 3459 gewissen
1511 3398 1793 3458 Nachtcafés!...
1834 3392 1891 3452 Als
1927 3396 2041 3456 Abend
2088 3398 2139 3458 des
2169 3397 2220 3457 14.
2245 3396 2325 3456 Juli
2348 3395 2446 3455 1789,
2481 3395 2596 3455 mußte
2643 3397 2700 3457 alle
2729 3396 2792 3456 An=
2821 3398 2965 3458 Herzens
3006 3400 3103 3460 adelte
3133 3400 3149 3460 —
3208 3400 3265 3460 das

2819 3441 2883 3501 von
2918 3443 2968 3503 der
2998 3446 3151 3506 Kindheit
3176 3446 3205 3506 an
3245 3446 3289 3506 bis

141 3453 319 3513 deutender
357 3454 502 3514 Dichter.
541 3452 633 3512 Denn
682 3452 778 3512 dieser
822 3451 913 3511 Sohn
963 3449 978 3509 —
1033 3446 1087 3506 die
1114 3446 1206 3506 Rolle
1255 3443 1427 3503 solcherart
1466 3444 1530 3504 frei
1579 3442 1703 3502 wurde,
1747 3441 1795 3501 riß
1844 3441 1892 3501 sich
1936 3442 2054 3502 hänger
2077 3443 2125 3503 der
2152 3441 2314 3501 Tradition
2341 3440 2482 3500 geradezu
2515 3440 2708 3500 erschrecken.
2725 3437 2795 3497 Das

1925 3482 1971 3542 ist
2002 3485 2033 3545 ja
2075 3485 2126 3545 der
2168 3482 2275 3542 Abend
2317 3485 2368 3545 der
2410 3482 2776 3542 Bastillenerstürmung

1037 3485 1263 3545 Sonnenthal
1294 3488 1327 3548 um
1382 3487 1436 3547 sie,
1466 3485 1530 3545 und
1565 3485 1683 3545 ergriff
1713 3483 1771 3543 mit
1802 3482 1899 3542 seiner

2822 3487 2926 3547 seines
2961 3488 3080 3548 Lebens
3126 3488 3155 3548 in
3206 3488 3259 3548 der

146 3494 241 3554 heute
282 3497 367 3557 einer
398 3495 453 3555 der
494 3495 584 3555 ersten
631 3494 837 3554 Operateure
878 3496 1008 3556 Oester¬

1926 3524 2003 3584 Mit
2042 3526 2098 3586 dem
2159 3526 2264 3586 Rufe:
2304 3526 2370 3586 „Es
2415 3526 2481 3586 lebe
2521 3523 2570 3583 die
2615 3526 2781 3586 Freiheit!

2818 3529 2939 3589 konnte
2969 3529 3049 3589 nicht
3084 3532 3165 3592 edler
3194 3532 3269 3592 geda

142 3539 239 3599 reichs
271 3538 332 3598 und
364 3538 555 3598 Primarius
581 3537 617 3597 am
659 3537 813 3597 Wiedner
840 3538 1004 3598 Kranken=
1036 3529 1185 3589 Leistung
1207 3530 1284 3590 ganz
1305 3529 1413 3589 Wien.
1429 3529 1495 3589 Für
1517 3529 1563 3589 den
1595 3525 1749 3585 „fremden
1775 3522 1873 3582 Herrn

1929 3571 2050 3631 stürzen
2104 3571 2151 3631 die
2183 3571 2278 3631 Leute
2310 3568 2368 3628 aus
2400 3568 2453 3628 dem
2501 3568 2791 3628 Kellerwirtshaus

1039 3574 1119 3634 aber
1157 3574 1287 3634 meldete
1314 3574 1358 3634 sich
1391 3572 1401 3632 —
1455 3574 1509 3634 das
1537 3573 1645 3633 größte
1667 3568 1899 3628 Bühnengenie

2821 3573 2905 3633 seine
2939 3573 3072 3633 Mutter

137 3583 221 3643 haus
250 3579 264 3639 —
321 3580 401 3640 hatte
430 3582 482 3642 als
511 3580 657 3640 Student
681 3580 785 3640 einige
814 3580 898 3640 ganz
927 3580 1007 3640 nette

1933 3617 2007 3677 „zum
2071 3613 2208 3673 Grünen
2262 3612 2415 3672 Kakadu“
2468 3613 2526 3673 auf
2569 3611 2621 3671 die
2670 3614 2791 3674 Straß¬

1044 3619 1128 3679 jener
1176 3619 1265 3679 Zeit,
1303 3619 1466 3679 Friedrich
1520 3616 1783 3676 Mitterwurzer!
1826 3613 1900 3673 Wie

2909 3616 2971 3676 Als
3010 3616 3060 3676 ihn
3111 3616 3154 3676 ein
3192 3619 3273 3679 Freu

150 3625 295 3685 Gedichte
331 3625 391 3685 und
438 3622 639 3682 Feuilletons
675 3625 927 3685 veröffentlicht,
963 3622 1012 3682 die

2822 3658 2951 3718 wenige
2975 3658 3086 3718 Jahre
3116 3658 3168 3718 her

1038 3663 1128 3723 lange
1151 3662 1230 3722 diese
1253 3664 1344 3724 Rolle
1367 3663 1480 3723 spielt?
1503 3662 1611 3722 Ganze
1634 3660 1701 3720 drei
1719 3657 1900 3717 Minuten!
1924 3658 2071 3718 hinaus,
2111 3658 2156 3718 die
2185 3656 2378 3716 Zwingburg
2424 3656 2474 3716 der
2503 3655 2786 3715 Feudalherrschaf

146 3664 236 3724 Papa
295 3667 470 3727 Schnitzler
524 3665 800 3725 außerordentlich
858 3667 1012 3727 gefielen.

1925 3702 1962 3762 zu
2010 3700 2222 3760 demolieren.
2260 3697 2461 3757 Außerdem:
2498 3700 2551 3760 der
2594 3700 2795 3760 Komödiant

2826 3703 3007 3763 glücklichste
3031 3704 3130 3764 seines
3161 3706 3282 3766 Lebens

145 3709 252 3769 Artur
286 3709 360 3769 aber
388 3709 473 3769 hatte
506 3709 571 3769 eine
605 3709 703 3769 Reihe
737 3709 792 3769 von
835 3709 1003 3769 Einaktern

1925 3743 2038 3803 Henry
2069 3742 2187 3802 ersticht
2214 3741 2270 3801 aus
2296 3744 2471 3804 Eifersucht
2498 3741 2580 3801 einen
2616 3741 2786 3801 wirklicher

1131 3746 1208 3806 Nach
1245 3747 1294 3807 dem
1337 3748 1530 3808 unverhofft
1555 3747 1670 3807 großen
1707 3744 1815 3804 Erfolg
1846 3743 1894 3803 der

2820 3746 2956 3806 wortete
2998 3747 3191 3807 Schnitzler:

139 3753 186 3813 als
219 3753 336 3813 Zyklus
363 3753 481 3813 drucken
508 3750 625 3810 lassen.
642 3750 700 3810 Als
728 3751 765 3811 sie
792 3752 883 3812 jedoch
910 3753 1011 3813 Vater

1930 3789 2071 3849 Herzog,
2089 3787 2190 3847 Herrn
2219 3786 2275 3846 von
2304 3786 2490 3846 Cadignan,
2514 3789 2570 3849 vor
2593 3789 2649 3849 den
2678 3789 2785 3849 Auger

2830 3789 2959 3849 Mutter
3003 3792 3185 3852 vierhändig
3221 3794 3263 3854 am

146 3795 320 3855 Schnitzler
352 3795 447 3855 seinem
495 3793 643 3853 Freunde
670 3795 769 3855 Adolf
791 3795 1007 3855 Sonnenthal
1045 3789 1245 3849 „Liebelei“,
1272 3789 1319 3849 die
1351 3792 1436 3852 einen
1473 3792 1652 3852 Siegeszug
1711 3789 1789 3849 über
1843 3789 1890 3849 all

2817 3834 2960 3894 konnte.

140 3847 199 3907 zur
241 3840 459 3900 Beurteilung
507 3840 660 3900 übergab,
697 3843 738 3903 da
774 3843 856 3903 faßte
904 3841 998 3901 dieser
1041 3837 1176 3897 Bühnen
1212 3837 1449 3897 Deutschlands
1485 3839 1596 3899 nahm,
1627 3838 1680 3898 gab
1716 3835 1816 3895 Artur
1852 3834 1898 3894 die
1929 3834 1982 3894 des
2018 3831 2230 3891 Publikums!
