3248 4384
364 255 789 315 Schnitzle

867 260 1236 320 sDeath

406 771 1117 831 OBSERVER

493 828 518 888 1.
532 826 652 886 österr.
662 829 813 889 behördl.
826 829 1125 889 konzessioniertes

446 867 680 927 Unternehmen
712 867 760 927 für
783 870 1172 930 Zeitungs-Ausschnitte

502 926 646 986 WIEN,
673 930 718 990 I.,
745 930 1034 990 WOLLZEILE
1080 932 1125 992 11

596 978 812 1038 TELEPHON
844 981 1019 1041 R-23-0-43

394 1121 617 1181 Ausschnitt
640 1122 729 1182 aus:

336 1481 654 1541 Ausschnitt
690 1480 760 1540 aus

327 1599 857 1659 Auiir
927 1592 1141 1652 t

340 1772 1218 1832 Nr.Vom.193

659 1887 816 1947 Arthur
847 1892 1073 1952 Schnitzler

660 1948 720 2008 Von
756 1951 923 2011 Alexander
949 1954 1136 2014 Baldus.

414 2000 476 2060 Die
507 2005 824 2065 Zeitungsnachricht,
850 2010 896 2070 daß
938 2008 984 2068 der
1016 2014 1161 2074 bekannte
1188 2014 1410 2074 österreichische

376 2040 490 2100 Tichter
529 2043 649 2103 Arthur
683 2047 845 2107 Schnitzler
879 2047 903 2107 in
946 2049 1027 2109 Wien
1066 2052 1146 2112 einem
1195 2053 1400 2113 Gehirnschlag

371 2079 485 2139 erlegen
529 2080 581 2140 sei,
615 2083 696 2143 trifft
731 2084 778 2144 die
817 2089 1046 2149 Oeffentlichkeit
1086 2092 1286 2152 unerwartet,
1320 2094 1401 2154 wenn

370 2117 440 2177 auch
477 2122 556 2182 nicht
589 2123 664 2183 ganz
697 2125 934 2185 unvorbereitet.
972 2128 1083 2188 Wußte
1116 2131 1181 2191 man
1224 2131 1284 2191 doch
1322 2131 1400 2191 schon

376 2159 425 2219 seit
460 2159 596 2219 längerer
636 2162 719 2222 Zeit,
753 2163 802 2223 daß
846 2166 959 2226 infolge
998 2166 1096 2226 harter
1131 2171 1399 2231 Schicksalsschläge

371 2196 524 2256 innerhalb
558 2196 606 2256 des
640 2199 750 2259 engsten
789 2204 1038 2264 Familienkreises
1073 2205 1116 2265 die
1140 2208 1327 2268 Gesundheit
1356 2206 1399 2266 des

377 2235 500 2295 beinahe
530 2239 782 2299 Siebzigjährigen
816 2241 887 2301 stark
912 2243 1078 2303 erschüttert
1103 2246 1184 2306 war,
1203 2247 1250 2307 daß
1285 2247 1332 2307 sich
1361 2247 1408 2307 der

376 2274 538 2334 ehemalige
572 2279 788 2339 Militärarit,
818 2280 866 2340 der
902 2282 926 2342 fr
946 2283 1004 2343 ilich
1044 2286 1235 2346 Jahrzehnte
1270 2286 1407 2346 hindurch

371 2313 511 2373 keinerlei
544 2315 661 2375 Praxis
698 2316 779 2376 mehr
811 2319 965 2379 ausgeübt
997 2322 1092 2382 hatte,
1120 2324 1215 2384 weder
1251 2325 1401 2385 körperlich

380 2352 445 2412 noch
473 2354 580 2414 seelisch
613 2354 701 2414 völlig
734 2357 845 2417 erholen
878 2358 998 2418 konnte.
1031 2361 1110 2421 Aber
1138 2363 1170 2423 an
1203 2364 1291 2424 diesen
1324 2363 1412 2423 plötz¬

375 2389 463 2449 lichen
492 2391 552 2451 Tod
581 2390 641 2450 beim
683 2395 888 2455 Spaziergang
921 2398 995 2458 hatte
1019 2399 1098 2459 wohl
1121 2399 1256 2459 niemand
1285 2402 1415 2462 gedacht.

412 2429 488 2489 Doch
522 2429 574 2489 wie
598 2430 646 2490 dem
689 2432 751 2492 auch
785 2434 837 2494 sei:
862 2435 1024 2495 2ichterisch
1058 2438 1168 2498 gesehen
1202 2439 1259 2499 war
1288 2441 1402 2501 Arthur

379 2468 537 2528 Schnitzler
566 2469 640 2529 schon
678 2472 766 2532 lange
790 2471 831 2531 ein
864 2474 971 2534 Toter,
995 2476 1111 2536 trotzdem
1153 2477 1181 2537 er
1209 2477 1316 2537 immer
1345 2480 1409 2540 noch

376 2507 520 2567 gedruckt,
553 2507 684 2567 gelesen,
717 2513 889 2573 aufgeführt
927 2513 983 2573 und
1025 2516 1146 2576 gefeiert
1179 2517 1300 2577 wurde;
1333 2519 1408 2579 denn

369 2546 396 2606 er
433 2546 555 2606 gehörte
592 2547 669 2607 einer
706 2549 820 2609 Epoche
857 2549 915 2609 an,
943 2552 988 2612 die
1025 2555 1084 2615 mit
1121 2555 1166 2615 der
1207 2558 1316 2618 Wende
1353 2558 1403 2618 des

371 2583 553 2643 Weltkrieges
586 2585 613 2645 zu
651 2588 796 2648 existieren
829 2590 978 2650 aufhörte,
1007 2593 1128 2653 nachdem
1170 2594 1203 2654 sie
1231 2593 1310 2653 dank
1334 2595 1399 2655 sub¬

365 2623 457 2683 tilster
486 2623 709 2683 Selbstanalyse
737 2626 783 2686 sich
812 2626 914 2686 vorher
942 2628 1016 2688 schon
1045 2631 1123 2691 mehr
1152 2632 1207 2692 und
1240 2634 1319 2694 mehr
1343 2633 1403 2693 zer¬

379 2662 436 2722 setzt
466 2662 562 2722 hatte.
596 2662 643 2722 Es
673 2662 735 2722 war
769 2665 812 2725 die
846 2665 913 2725 Zeit
943 2667 990 2727 des
1024 2672 1337 2732 Impressionismus,
1361 2674 1409 2734 des

366 2701 524 2761 flüchtigen
568 2701 741 2761 Erfassens,
775 2704 828 2764 wie
862 2705 915 2765 sie,
949 2709 1175 2769 materialistisch
1219 2710 1276 2770 und
1315 2709 1411 2769 ratio¬

374 2740 512 2800 nalistisch
551 2740 670 2800 getönt,
699 2741 723 2801 im
776 2743 890 2803 Sinnen
915 2745 1033 2805 indruck
1063 2746 1110 2806 die
1144 2749 1215 2809 letzte
1249 2749 1407 2809 Wahrheit

371 2782 398 2842 zu
435 2779 549 2839 besitzen
586 2781 719 2841 wähnte,
747 2782 792 2842 die
824 2783 892 2843 Zeit
920 2782 966 2842 der
998 2785 1195 2845 wandernden
1236 2788 1291 2848 und
1328 2788 1410 2848 wan¬

371 2817 492 2877 delnden
525 2819 761 2879 Stimmungen,
785 2820 831 2880 bei
850 2822 934 2882 denen
967 2822 1012 2882 der
1041 2823 1166 2883 Wechsel
1190 2826 1231 2886 als
1264 2826 1314 2886 das
1343 2826 1403 2886 ein¬

372 2859 416 2919 zig
446 2856 524 2916 Feste
550 2856 628 2916 galt.
658 2856 731 2916 Was
761 2859 909 2919 Wunder,
929 2862 983 2922 daß
1013 2862 1057 2922 der
1087 2863 1200 2923 Mensch
1230 2865 1318 2925 dieser
1348 2865 1411 2925 Zeit

366 2897 411 2957 die
444 2895 530 2955 Fülle
562 2895 612 2955 des
649 2895 703 2955 auf
731 2895 776 2955 ihn
818 2899 1045 2959 einstürmenden
1088 2901 1196 2961 Lebens
1233 2902 1288 2962 wie
1320 2903 1397 2963 einen

374 2934 573 2994 Taumelkelch
621 2937 732 2997 genoß,
770 2937 918 2997 beranscht
956 2939 1007 2999 von
1058 2940 1104 3000 der
1147 2943 1398 3003 melancholischen

371 2973 580 3033 Trunkenheit
618 2975 719 3035 ewigen
766 2975 901 3035 Gleitens
943 2978 998 3038 und
1041 2979 1249 3039 Entgleitens,
1282 2980 1333 3040 daß
1375 2983 1402 3043 er

369 3012 415 3072 sich
449 3012 584 3072 gleichsam
632 3013 659 3073 im
702 3015 823 3075 dunilen
857 3016 955 3076 Saale
988 3018 1063 3078 eines
1096 3019 1297 3079 Weltentinos
1331 3020 1400 3080 sitzen

372 3053 492 3113 wähnte
526 3052 581 3112 und
614 3052 661 3112 den
699 3055 852 3115 magischen
891 3056 1059 3116 Filmstreif
1082 3057 1129 3117 der
1162 3059 1316 3119 Menschen
1354 3059 1409 3119 und

376 3092 478 3152 Dinge
506 3092 557 3152 wie
586 3092 609 3152 im
652 3092 792 3152 Traume
820 3092 852 3152 an
886 3094 932 3154 sich
960 3097 1194 3157 vorübergleiten
1232 3098 1302 3158 ließ.
1335 3098 1409 3158 Was

371 3128 506 3188 Wunder
534 3130 599 3190 aber
633 3133 717 3193 auch,
736 3131 791 3191 daß
825 3131 861 3191 ein
895 3133 951 3193 nur
979 3134 1063 3194 leicht
1087 3137 1297 3197 verschleierter
1316 3136 1409 3196 Pessi¬

372 3170 524 3230 mismus,
549 3170 601 3230 der
635 3170 668 3230 um
716 3170 759 3230 die
793 3173 964 3233 Nichtigkeit
994 3174 1069 3234 jedes
1104 3176 1285 3236 Erlebnisses
1323 3177 1409 3237 weiß,

370 3206 407 3266 um
451 3208 493 3268 die
523 3208 752 3268 hoffnungslose
776 3211 957 3271 Einsamkeit
982 3212 1029 3272 des
1053 3215 1129 3275 Ich,
1149 3215 1206 3275 das
1235 3215 1297 3275 halb
1331 3216 1402 3276 skep¬

366 3247 450 3307 tische
483 3246 538 3306 und
571 3246 636 3306 halb
664 3248 803 3308 ironische
831 3250 970 3310 Resultat
999 3250 1100 3310 solcher
1129 3253 1393 3313 Weltanschauung

366 3283 477 3343 werden
520 3285 636 3345 mußte,
665 3286 720 3346 daß
758 3288 889 3348 jegliches
927 3289 1108 3349 idealistische
1142 3291 1253 3351 Ethos,
1287 3292 1337 3352 wie
1371 3293 1398 3353 es

370 3325 410 3385 die
447 3324 675 3384 revolutionäre
712 3325 799 3385 Geste
831 3325 881 3385 des
922 3330 1200 3390 Expressionismus
1243 3331 1388 3391 wiederum

371 3364 424 3424 mit
452 3363 497 3423 sich
529 3363 665 3423 brachte,
688 3364 738 3424 von
774 3367 946 3427 vornherein
983 3367 1042 3427 eine
1069 3370 1300 3430 Unmöglichkeit
1328 3370 1405 3430 war.

417 3402 524 3462 Arthur
558 3403 735 3463 Schnitzlers
769 3403 909 3463 gesamtes
942 3406 1134 3466 dichterisches
1168 3409 1266 3469 Werk,
1290 3409 1341 3469 das
1374 3409 1397 3469 in

362 3442 575 3502 dramatischer
613 3441 669 3501 wie
706 3439 734 3499 in
776 3445 1000 3505 novellistischer
1038 3445 1172 3505 Hinsicht
1205 3446 1233 3506 in
1280 3448 1396 3508 gleicher

370 3479 465 3539 Weise
499 3479 637 3539 gewertet
671 3480 780 3540 werden
819 3480 896 3540 will,
925 3483 963 3543 ist
992 3483 1092 3543 typisch
1131 3484 1183 3544 für
1217 3485 1288 3545 diese
1327 3486 1408 3546 Zeit,

366 3525 389 3585 ja
422 3519 566 3579 vielleicht
590 3519 636 3579 der
665 3519 772 3579 Typus
800 3521 898 3581 selbst;
922 3522 992 3582 denn
1025 3522 1160 3582 während
1193 3522 1300 3582 andere
1324 3522 1398 3582 Per¬

369 3558 560 3618 sönlichkeiten
602 3556 656 3616 von
698 3558 802 3618 Rang,
830 3559 884 3619 wie
917 3559 967 3619 der
999 3561 1186 3621 befreundete
1223 3563 1310 3623 Hugo
1347 3564 1396 3624 von

371 3597 625 3657 Hofmannsthal,
650 3597 702 3657 wie
732 3600 866 3660 St.phan
895 3599 1014 3659 George
1044 3600 1101 3660 und
1131 3601 1284 3661 schließlich
1318 3603 1399 3663 sogar

366 3636 422 3696 wie
455 3637 609 3697 Hermann
651 3637 759 3697 Bahr,
787 3639 819 3699 um
871 3639 918 3699 die
956 3642 1147 3702 Flüchtigkeit
1180 3639 1226 3699 der
1264 3642 1287 3702 so
1325 3642 1404 3702 ganz

369 3681 442 3741 aufs
476 3681 634 3741 Flüchtige
669 3681 861 3741 eingestellten
901 3681 968 3741 Zeit
1004 3682 1116 3742 wußten
1156 3684 1212 3744 und
1253 3684 1292 3744 sie
1321 3681 1399 3741 dem¬

1469 262 1601 322 box
1681 267 1868 327 43/8

1480 1865 1674 1925 entsprechend
1720 1866 1779 1926 nur
1821 1868 1870 1928 als
1911 1874 2224 1934 Durchgangsstadium
2302 1878 2510 1938 betrachteten,

1480 1901 1550 1961 blieb
1583 1904 1741 1964 Schnitzler
1769 1907 1876 1967 ganz
1900 1908 2043 1968 darin,
2067 1910 2146 1970 durch
2170 1913 2267 1973 ränkte
2295 1914 2351 1974 mit
2375 1916 2421 1976 ihr
2449 1916 2500 1976 sein

1481 1939 1592 1999 eigenes
1620 1940 1718 2000 Wesen
1756 1942 1811 2002 und
1840 1945 1970 2005 dämpte
1999 1947 2054 2007 das
2083 1948 2255 2008 machtvolle
2283 1952 2390 2012 Barock
2419 1954 2507 2014 seines

1478 1978 1674 2038 heimatlichen
1713 1980 1842 2040 Milicus
1880 1983 1904 2043 zu
1943 1984 1990 2044 dem
2039 1987 2182 2047 graziösen
2216 1990 2307 2050 Spiel
2336 1993 2503 2053 französisch

1478 2017 1659 2077 kultivierten
1688 2020 1832 2080 Rokokos.
1861 2023 1921 2083 Von
1950 2023 1996 2083 den
2024 2025 2122 2085 frühen
2150 2029 2262 2089 Szenen
2286 2029 2332 2089 des
2356 2030 2505 2090 „Anatol“

1482 2056 1599 2116 (1893),
1622 2057 1707 2117 denen
1740 2059 1789 2119 der
1817 2062 1907 2122 junge
1934 2065 2178 2125 Hofmannsthal
2202 2066 2264 2126 noch
2297 2066 2346 2126 den
2378 2069 2504 2129 bekann¬

1477 2095 1517 2155 ten
1554 2095 1608 2155 und
1640 2095 1685 2155 oft
1708 2098 1839 2158 zitierten
1871 2101 2034 2161 Vorspruch
2066 2104 2202 2164 schenkte,
2225 2104 2270 2164 bis
2302 2104 2329 2164 zu
2361 2107 2406 2167 der
2433 2108 2505 2168 dra¬

1477 2135 1625 2195 matischen
1659 2137 1879 2197 Spätdichtung
1913 2140 1994 2200 „Der
2023 2140 2109 2200 Gang
2143 2143 2191 2203 zum
2235 2143 2368 2203 Weher“
2403 2148 2512 2208 (1925)

1478 2172 1511 2232 ist
1534 2172 1576 2232 der
1604 2172 1669 2232 Weg
1698 2175 1748 2235 gar
1772 2175 1842 2235 lang
1870 2176 1926 2236 und
1954 2177 2019 2237 reich
2048 2179 2141 2239 besät,
2160 2181 2225 2241 aber
2253 2181 2327 2241 nicht
2351 2184 2500 2244 sonderlich

1478 2211 1681 2271 vielgestaltig,
1714 2214 1890 2274 durchquert
1922 2214 1953 2274 er
1985 2216 2044 2276 mit
2076 2217 2125 2277 den
2162 2220 2288 2280 Mitteln
2329 2222 2501 2282 Freudscher

1482 2250 1704 2310 Psychoanalyse
1736 2252 1781 2312 die
1809 2253 1977 2313 gewaltigen
2014 2256 2227 2316 Spannungen
2264 2259 2313 2319 von
2350 2259 2409 2319 Tod
2446 2262 2500 2322 und

1478 2286 1552 2346 Eros
1585 2287 1640 2347 und
1669 2289 1752 2349 führt
1776 2292 1920 2352 dennoch,
1939 2292 1971 2352 da
2004 2292 2032 2352 er
2060 2295 2177 2355 bewußt
2200 2298 2330 2358 jeglicher
2359 2300 2502 2360 Entschei¬

1472 2326 1550 2386 dung
1588 2328 1765 2388 ausweicht,
1793 2328 1924 2388 niemals
1957 2332 1989 2392 zu
2027 2334 2180 2394 wirklicher
2218 2339 2344 2399 Tragik.
2377 2340 2502 2400 Immer

1477 2367 1581 2427 wieder
1613 2367 1681 2427 wird
1717 2367 1749 2427 da
1781 2370 1876 2430 Ernst
1904 2370 1958 2430 zum
2004 2372 2112 2432 Spiel;
2140 2372 2198 2432 und
2231 2375 2285 2435 das
2317 2375 2421 2435 Motto
2453 2378 2503 2438 des

1478 2405 1692 2465 „Paracelsus"
1730 2404 1836 2464 (1899)
1860 2408 1929 2468 wird
1958 2410 2009 2470 zum
2052 2411 2153 2471 Molto
2182 2414 2228 2474 des
2256 2414 2400 2474 gesamten
2428 2413 2502 2473 dich¬

1473 2444 1603 2504 terischen
1640 2445 1826 2505 Schaffens:
1855 2448 1943 2508 „Wir
1971 2450 2074 2510 spielen
2111 2450 2237 2510 immer;
2266 2453 2326 2513 wer
2359 2453 2386 2513 es
2419 2456 2507 2516 weiß,

1476 2483 1509 2543 ist
1538 2484 1638 2544 klug".
1672 2483 1772 2543 Dieses
1806 2486 1910 2546 Spiel,
1935 2487 1987 2547 das
2016 2489 2168 2549 gestaltlich
2202 2490 2354 2550 besonders
2389 2492 2412 2552 in
2446 2494 2493 2554 den

1476 2521 1568 2581 beiden
1606 2523 1919 2583 Monolog=Novellen
1961 2527 2133 2587 „Leutnant
2162 2528 2264 2588 Gustl“
2307 2531 2414 2591 (1901)
2447 2531 2497 2591 und

1482 2561 1639 2621 „Fräulein
1677 2559 1760 2619 Else“
1803 2561 1914 2621 (1924)
1942 2563 2003 2623 eine
2040 2567 2175 2627 geradezu
2217 2567 2384 2627 genialische
2417 2570 2500 2630 Stil¬

1473 2597 1672 2657 beherrschung
1717 2598 1832 2658 verrät,
1868 2602 1934 2662 muß
1975 2602 2099 2662 dennoch
2139 2602 2165 2662 in
2188 2605 2250 2665 olge
2290 2605 2334 2665 des
2375 2608 2498 2668 inneren

1477 2636 1691 2696 Widerspruchs
1729 2636 1784 2696 von
1827 2638 1915 2698 Stoff
1948 2640 1999 2700 und
2037 2642 2213 2702 Gestaltung
2251 2644 2399 2704 gehaltlich
2437 2647 2488 2707 ent

1477 2674 1621 2734 täuschen,
1644 2674 1702 2734 eine
1725 2677 1938 2737 Erscheinung,
1957 2680 2002 2740 die
2021 2680 2160 2740 übrigens
2188 2682 2210 2742 in
2238 2683 2315 2743 jedem
2352 2683 2396 2743 der
2424 2686 2500 2746 zahl¬

1476 2712 1579 2772 reichen
1620 2716 1842 2776 novellistischen
1883 2716 1937 2776 und
1974 2720 2182 2780 dramalischen
2224 2722 2359 2782 Arbeiten
2400 2722 2499 2782 wider¬

1473 2752 1551 2812 kehrt
1584 2752 1640 2812 und
1678 2752 1723 2812 die
1752 2754 2003 2814 Bewunderung,
2036 2758 2100 2818 aber
2138 2758 2212 2818 nicht
2245 2758 2347 2818 Liebe,
2375 2762 2500 2822 auslöst.

1480 2788 1527 2848 Die
1562 2789 1676 2849 Skepsis
1710 2793 1858 2853 erotischer
1888 2794 1935 2854 An
1955 2796 2108 2856 pielungen
2147 2796 2199 2856 und
2234 2800 2506 2860 Abspiegelungen,

1473 2829 1514 2889 die
1547 2828 1593 2888 sich
1627 2827 1654 2887 in
1687 2829 1771 2889 schier
1804 2834 2060 2894 unerschöpflichen
2099 2835 2294 2895 Variationen
2332 2838 2504 2898 abwandelt

1476 2866 1526 2926 und
1564 2867 1638 2927 alles
1676 2868 1815 2928 Absolute
1848 2871 1968 2931 auflöst,
1997 2871 2038 2931 die
2071 2873 2094 2933 in
2136 2874 2192 2934 und
2229 2875 2299 2935 über
2332 2876 2378 2936 der
2411 2877 2494 2937 Liebe

1473 2904 1516 2964 die
1545 2907 1702 2967 „Liebelei"
1736 2907 1846 2967 (1895)
1871 2909 1913 2969 als
1947 2912 2186 2972 lebengestaltend
2216 2913 2330 2973 ansiehl
2359 2915 2411 2975 und
2445 2916 2492 2976 den

1478 2945 1625 3005 „Reigen“
1665 2943 1752 3003 (1896
1792 2949 1983 3009 geschrieben,
2014 2952 2106 3012 späler
2141 2952 2190 3012 als
2225 2955 2421 3015 Manuskript
2451 2955 2499 3015 ge¬

1469 2985 1562 3045 druckt
1591 2982 1651 3042 und
1685 2984 1773 3044 wider
1806 2985 1853 3045 den
1895 2988 2003 3048 Willen
2041 2988 2087 3048 des
2125 2991 2256 3051 Dichters
2298 2991 2369 3051 1920
2411 2994 2495 3054 unter

1474 3022 1646 3082 skandalösen
1681 3024 1858 3084 Umständen
1888 3027 1937 3087 zur
1967 3027 2158 3087 Aufführung
2189 3030 2351 3090 gebracht!)
2371 3031 2395 3091 in
2425 3032 2489 3092 zehn

1469 3061 1567 3121 Sznen
1605 3059 1655 3119 von
1688 3060 1735 3120 der
1763 3062 1861 3122 Dirne
1889 3064 1940 3124 zur
1968 3065 2062 3125 Dirne
2090 3068 2225 3128 schlingt,
2244 3068 2290 3128 die
2314 3068 2407 3128 einme
2454 3071 2495 3131 so¬

1473 3099 1540 3159 gar,
1559 3098 1583 3158 im
1627 3101 1765 3161 „Grünen
1799 3101 1934 3161 Kakadu“
1968 3104 2087 3164 (1893),
2107 3104 2154 3164 den
2184 3107 2269 3167 tollen
2304 3108 2418 3168 Wirbel
2443 3110 2490 3170 von

1478 3137 1561 3197 Spiel
1590 3138 1645 3198 und
1678 3140 1869 3200 Wirklichkeit
1897 3140 1943 3200 in=
1972 3143 2027 3203 und
2060 3144 2293 3204 gegeneinander
2321 3147 2409 3207 stellt,
2438 3149 2488 3209 und

1473 3176 1573 3236 endlich
1607 3178 1726 3238 „Traum
1770 3179 1826 3239 und
1851 3180 2004 3240 Schicksal“
2038 3181 2143 3241 (1931,
2162 3184 2224 3244 eine
2249 3185 2344 3245 bielige
2364 3186 2497 3246 Sonder¬

1469 3215 1603 3275 ausgabe
1637 3218 1683 3278 der
1716 3218 2010 3278 charakteristischsten
2048 3221 2225 3281 Novellen!)
2253 3224 2351 3284 seltsam
2398 3225 2490 3285 genug

1472 3253 1639 3313 verknüpft,
1673 3256 1706 3316 ist
1740 3256 1840 3316 müde,
1874 3256 1936 3316 doch
1975 3259 2051 3319 nicht
2086 3261 2282 3321 beruhigend,
2316 3262 2502 3322 sinnenhaft,

1470 3292 1499 3352 do
1534 3292 1607 3352 nicht
1637 3292 1784 3352 sinnhaft.
1814 3295 1877 3355 Und
1907 3295 1960 3355 das
1991 3298 2064 3358 Sein
2094 3299 2128 3359 ist
2153 3301 2240 3361 somit
2266 3301 2314 3361 das
2349 3303 2491 3363 Nichtsein

1470 3331 1518 3391 des
1547 3331 1691 3391 Werdens
1725 3334 1778 3394 „der
1807 3334 1961 3394 Zukunft!

1510 3370 1548 3430 Es
1578 3370 1615 3430 ist
1640 3371 1717 3431 klar,
1741 3373 1794 3433 daß
1828 3373 1875 3433 der
1905 3373 2044 3433 Katholik
2073 3375 2097 3435 zu
2132 3376 2184 3436 den
2218 3376 2324 3436 bereits
2358 3378 2410 3438 von
2444 3380 2492 3440 der

1474 3412 1534 3472 Zeit
1572 3412 1753 3472 entwerteten
1800 3412 1916 3472 Werten
1959 3415 2192 3475 Schnitzlerschen
2234 3416 2392 3476 Schaffens
2435 3420 2485 3480 kein

1468 3451 1653 3511 wesenhaftes
1686 3453 1867 3513 Verhältnis
1900 3454 1965 3514 hat,
1989 3455 2039 3515 daß
2073 3455 2119 3515 er,
2142 3454 2188 3514 der
2221 3457 2295 3517 einer
2328 3460 2402 3520 Idee
2431 3460 2491 3520 lebt

1473 3487 1527 3547 und
1563 3489 1599 3549 an
1641 3490 1717 3550 einen
1758 3492 1889 3552 Himmel
1926 3492 1994 3552 über
2031 3492 2075 3552 sich
2112 3495 2234 3555 glaubt,
2262 3497 2315 3557 das
2353 3498 2492 3558 ideenlose

1467 3528 1606 3588 Genügen
1644 3529 1671 3589 in
1709 3531 1764 3591 rein
1802 3531 1931 3591 irdischem
1979 3534 2141 3594 Spieltrieb
2179 3534 2253 3594 nicht
2286 3534 2328 3594 als
2365 3538 2486 3598 Vorbild

1467 3570 1629 3630 empfinden
1676 3570 1764 3630 kann.
1807 3570 1880 3630 Beim
1932 3570 2025 3630 Ethos
2068 3572 2137 3632 liegt
2175 3573 2216 3633 die
2254 3576 2486 3636 Entscheidung.

1471 3606 1531 3666 Und
1565 3607 1606 3667 die
1639 3609 1722 3669 Zeit,
1746 3609 1787 3669 die
1821 3609 1876 3669 mit
1905 3609 1956 3669 dem
1998 3612 2273 3672 Expressionismus
2310 3615 2352 3675 ihm
2399 3618 2482 3678 gegen

1467 3643 1514 3703 den
1551 3648 1668 3708 Dichter
1697 3648 1785 3708 Recht
1814 3648 1883 3708 gab,
1913 3650 1963 3710 hat
1987 3650 2067 3710 einen
2100 3651 2193 3711 Toten
2226 3652 2282 3712 auf
2306 3652 2352 3712 der
2381 3656 2497 3716 Strecke

1468 3689 1610 3749 gelassen,
1643 3689 1721 3749 einen
1765 3689 1880 3749 vielfach
1924 3690 2071 3750 gefeierten
2114 3692 2230 3752 Toten,
2262 3695 2351 3755 dessen
2395 3695 2484 3755 Leben

2575 1880 2629 1940 nur
2664 1880 2722 1940 noch
2758 1880 2796 1940 ein
2831 1882 2934 1942 Schein
2969 1884 3042 1944 war,
3067 1886 3107 1946 als
3142 1886 3185 1946 er,
3206 1887 3234 1947 de

2571 1922 2733 1982 gepriesen,
2759 1922 2877 1982 wirklich
2912 1922 3005 1982 starb.
3035 1922 3094 1982 Die
3119 1924 3208 1984 Stern

2584 1957 2682 2017 anftes
2727 1957 2860 2017 Leuchten
2910 1957 2954 2017 die
2994 1960 3147 2020 blitzenden
3192 1963 3206 2023 I

2574 1996 2706 2056 Spielers
2744 1997 2902 2057 verblassen
2945 1999 3072 2059 müssen,
3099 2001 3157 2061 sind
3194 2000 3220 2060 ew

2577 2037 2663 2097 augen
2698 2036 2767 2096 über
2791 2036 2871 2096 einer
2900 2040 3038 2100 gottlosen
3074 2040 3159 2100 Welt.
