3344 4320
305 136 442 196 Ewigkeit
473 136 554 196 durch
593 136 743 196 klingende
778 139 868 199 blaue
903 139 1006 199 Nachte
1041 136 1148 196 hinzu¬

300 177 409 237 fliehen

355 218 432 278 Nicht
467 219 591 279 weniger
626 219 678 279 als
713 219 798 279 sieben
838 219 910 279 volle
945 221 1139 281 Wegstunden

298 261 346 321 von
375 261 419 321 dem
460 261 516 321 Ort
537 264 682 324 entfernt,
699 264 751 324 aus
780 264 828 324 dem
865 264 893 324 er
914 264 1043 324 geflohen
1072 264 1149 324 war,

296 303 326 363 on
352 305 430 365 einem
469 304 607 364 steinipen
638 306 781 366 Abhang,
799 306 850 366 der
876 306 902 366 zu
933 306 980 366 der
1007 305 1062 365 fast
1084 303 1149 363 ver¬

295 347 375 407 eisten
406 345 473 405 Ache
500 348 709 408 hinabführte,
727 348 776 408 den
808 348 887 408 Kopf
910 348 977 408 nach
1004 348 1137 408 abwärts

292 389 443 449 gewandt,
460 389 514 449 mit
536 389 759 449 zerschundenen
793 389 932 449 Händen,
953 389 1142 449 getrocknetes

298 431 367 491 Blut
393 431 423 491 an
458 431 587 491 Scheitel
614 431 666 491 und
696 432 804 492 Stirn,
826 431 964 491 entdeckte
991 433 1051 493 man
1082 434 1150 494 drei

297 476 368 536 Tage
397 476 491 536 später
520 476 610 536 seinen
649 476 800 536 entseelten
834 476 914 536 Leib.

318 697 559 757 Meuie
609 692 1129 752 Iheater-B.2.

301 760 460 820 Jürgen
507 760 692 820 Fehling

304 807 381 867 hatte
409 807 467 867 nach
495 806 540 866 dem
581 807 726 867 Rücktritt
749 807 794 867 des
822 806 953 866 früheren
985 807 1148 867 Lokalaus¬

307 852 417 912 schussas
448 849 496 909 der
523 850 704 910 Staatlichen
727 852 929 912 Schauspiele,
952 852 1000 912 dem
1036 852 1066 912 er
1093 852 1146 912 an¬

305 894 402 954 gehört
429 894 527 954 hatte,
554 894 590 954 um
643 894 722 954 seine
763 894 941 954 Entlassung
986 894 1043 954 aus
1084 894 1132 954 dem

305 937 456 997 Verbande
482 936 529 996 der
552 939 780 999 Staatstheater
802 939 936 999 gebeten.
967 939 1018 999 Die
1040 939 1152 999 Inten¬

301 982 374 1042 danz
402 982 452 1042 hat
480 981 571 1041 dieses
612 981 758 1041 Ansuchen
800 984 1056 1044 abgelehnt,
1088 983 1143 1043 und

301 1025 423 1085 Fahling
461 1022 533 1082 wird
570 1024 647 1084 seine
679 1023 770 1083 Kraft
803 1023 866 1083 auch
903 1025 1053 1085 weiterhin
1090 1024 1140 1084 den

298 1067 478 1127 Staatlichen
513 1067 720 1127 Schauspielen
755 1067 897 1127 widmen.
932 1068 996 1128 Das
1027 1068 1147 1128 Gegen¬

301 1109 355 1169 teil
375 1112 438 1172 häte
468 1112 547 1172 einen
577 1114 684 1174 großen
714 1112 842 1172 Verlust
862 1112 1013 1172 bedeutet.

290 1225 427 1285 Grete
456 1228 699 1288 Mosheim,

291 1271 340 1331 die
391 1273 487 1333 soeben
529 1273 611 1333 einen
648 1275 676 1335 so
713 1278 818 1338 großen
860 1279 960 1339 Erfolg
1016 1276 1043 1336 in
1099 1277 1148 1337 der

303 1317 585 1377 „Waterloobrücke“
614 1318 641 1378 in
671 1318 722 1378 der
746 1321 882 1381 Tribüne
911 1322 1005 1382 hatte,
1024 1321 1076 1381 soll
1104 1321 1146 1381 die

303 1362 456 1422 Partnerin
490 1361 562 1421 Max
586 1363 783 1423 Hansens
812 1364 835 1424 in
865 1366 912 1426 der
942 1366 1143 1426 Weihnachts¬

292 1401 409 1461 novität
452 1401 509 1461 des
561 1406 711 1466 „Theater
764 1405 815 1465 des
868 1407 1018 1467 Westens“
1071 1409 1127 1469 sein

294 1443 343 1503 des
373 1444 550 1504 Schwanks:
575 1448 633 1508 „Er
663 1449 718 1509 und
748 1450 826 1510 seine
851 1452 1042 1512 Schwester“.

298 1566 405 1626 Göta
436 1569 687 1629 Ljungberg

297 1613 371 1673 singt
391 1614 435 1674 die
460 1616 691 1676 Giulietta
722 1616 746 1676 in
776 1619 963 1679 Reinhardts
988 1619 1140 1679 Inszenie¬

290 1656 360 1716 rung
398 1658 449 1718 von
492 1661 773 1721 „Hoffmanns
806 1664 1134 1724 Erzählungen“

295 1703 318 1763 im
361 1701 478 1761 Großen
521 1706 793 1766 Schauspielhaus.
837 1707 892 1767 Die
921 1709 1071 1769 Sängerin
1114 1709 1146 1769 ist

295 1745 338 1805 für
372 1747 415 1807 die
444 1748 597 1808 Premiere
632 1749 689 1809 und
738 1751 852 1811 dreißig
906 1754 1026 1814 Abende
1074 1754 1141 1814 ver¬

295 1790 440 1850 pflichtet,
464 1792 584 1852 worauf
618 1793 655 1853 sie
688 1795 753 1855 nach
791 1796 926 1856 Amerika
964 1799 1061 1859 fährt,
1090 1799 1127 1859 um

290 1832 337 1892 ihr
372 1836 579 1896 Engagement
606 1838 639 1898 an
679 1839 726 1899 der
761 1841 1059 1901 Metropolitanoper
1094 1840 1145 1900 an¬

296 1879 450 1939 zutreten.

301 1980 511 2040 Pfitzners
538 1981 648 2041 Oper
680 1984 780 2044 „Das
807 1985 948 2045 Herz",

299 2025 338 2085 die
364 2025 394 2085 am
437 2026 484 2086 12.
507 2028 675 2088 November
702 2030 732 2090 an
763 2029 814 2089 der
841 2033 1026 2093 Staatsoper
1053 2036 1143 2096 Unter

295 2067 342 2127 den
375 2070 483 2130 Linden
526 2070 582 2130 zur
620 2073 855 2133 Uraufführung
894 2079 1034 2139 gelangt,
1068 2079 1138 2139 kann

300 2112 445 2172 vorläufig
478 2112 509 2172 an
556 2113 605 2173 der
638 2117 807 2177 Wiener
844 2121 1031 2181 Staatooper
1068 2121 1145 2181 nicht

291 2159 343 2219 zur
372 2158 565 2218 Aufführung
608 2163 774 2223 gelangen,
808 2162 878 2222 weil
916 2163 968 2223 das
1011 2166 1148 2226 österrei¬

298 2201 389 2261 chische
419 2204 727 2264 Finanzministerium
771 2205 819 2265 die
848 2207 983 2267 Kosten
1022 2209 1069 2269 für
1099 2211 1142 2271 die

300 2246 579 2306 Ausstattung
620 2250 730 2310 nicht
760 2249 915 2309 bewilligt
940 2252 1004 2312 hat.

304 2354 482 2414 „Junger
510 2351 640 2411 Wein“

295 2399 374 2459 heißt
403 2399 445 2459 die
473 2400 548 2460 neue
577 2402 717 2462 Operette
760 2402 811 2462 von
859 2405 976 2465 August
1009 2406 1140 2466 Neid¬

298 2443 408 2503 hart,
428 2443 456 2503 zu
491 2443 538 2503 der
577 2443 649 2503 Leon
688 2446 846 2506 Jessel,
880 2446 927 2506 der
966 2449 1143 2509 Komponist

298 2484 384 2544 seines
412 2487 470 2547 jetzt
494 2486 520 2546 im
557 2488 825 2548 Central=Theater
853 2491 957 2551 wieder
985 2491 1007 2551 so
1031 2493 1139 2553 erfolg¬

286 2529 390 2589 reichen
421 2533 786 2593 „Schwarzwaldmädel“
816 2535 861 2595 die
886 2536 985 2596 Musik
1007 2537 1145 2597 geschrie¬

296 2572 347 2632 ben
384 2573 450 2633 hat.

400 2712 535 2772 Heute
570 2710 603 2770 im
666 2713 1032 2773 Künstlertheater

288 3972 372 4032 „Der
403 3972 594 4032 Kapitaltat“
630 3971 684 4031 von
721 3972 810 4032 Jules
836 3972 991 4032 Romains
1018 3972 1127 4032 (Autor

297 4016 355 4076 des
371 4015 593 4075 „Diktator):
605 4014 710 4074 Eugen
732 4015 896 4075 Klöpfer
918 4015 976 4075 und
998 4020 1124 4080 Dagny

429 4068 594 4128 Servaes
628 4065 653 4125 in
694 4065 746 4125 den
787 4065 998 4125 Hauptrollen

1219 137 1342 197 hardy
1396 136 1421 196 im
1457 139 1580 199 Kleinen
1607 139 1747 199 Theater,
1766 142 1897 202 Poplich
1925 145 1976 205 hieß
2013 145 2056 205 ear

1207 180 1328 240 „Otto
1376 179 1517 239 Brahm
1579 181 1625 241 ist
1669 183 1941 243 gestorben!“
1989 185 2054 245 Wir

1207 221 1300 281 waren
1336 222 1389 282 wie
1421 224 1567 284 gelähmt.
1625 223 1682 283 Der
1714 227 1886 287 Inspizient
1918 229 1980 289 aber
2011 229 2060 289 ge¬

1207 264 1316 324 währte
1367 266 1472 326 unserm
1528 267 1671 327 Schmerz
1705 268 1764 328 nur
1811 271 1929 331 wenige
1955 273 2064 333 knappe

1215 310 1370 370 Minuten,
1388 310 1463 370 dann
1494 312 1543 372 gab
1570 312 1600 372 er
1623 312 1676 372 das
1703 314 1813 374 Zeichen
1845 315 1893 375 zum
1933 318 2052 378 nächsten

1211 352 1271 412 Akt.
1319 354 1383 414 Und
1418 353 1470 413 der
1501 353 1603 413 Abend
1639 356 1725 416 schloß
1764 356 1837 416 dann
1877 358 1936 418 mit
1967 358 2044 418 einem

1209 397 1313 457 großen
1341 397 1445 457 Erfolg
1473 395 1523 455 für
1551 397 1595 457 den
1623 397 1737 457 Dichter
1769 400 1823 460 und
1851 401 1923 461 seine
1947 402 2060 462 Helfer.

1203 440 1296 500 Unter
1346 440 1394 500 den
1435 441 1622 501 begeisterten
1658 443 1837 503 Zuschauern
1873 446 1975 506 befand
2011 446 2055 506 sich

1207 482 1282 542 Erich
1318 485 1527 545 Schmidt,
1563 485 1612 545 der
1648 488 1857 548 unvergessene
1888 491 2062 551 Germanist

1209 525 1258 585 der
1286 527 1430 587 Berliner
1453 527 1655 587 Universität.

1263 570 1317 630 Das
1356 570 1423 630 war
1457 571 1549 631 meine
1583 572 1655 632 erste
1685 575 1967 635 Zusammenarbeit
1997 575 2052 635 mit

1205 613 1314 673 Arthur
1374 613 1552 673 Schnitzler,
1603 613 1657 673 dem
1726 619 1835 679 großen
1901 616 2042 676 deutschen

1201 657 1388 717 Dramatiker
1416 655 1464 715 der
1496 658 1746 718 naturalistischen
1782 659 1907 719 Epoche,
1930 658 1978 718 der
2005 658 2050 718 die

1209 700 1359 760 Elemente
1394 700 1489 760 seines
1524 698 1622 758 Werks
1662 701 1717 761 aus
1756 701 1803 761 dem
1856 703 2049 763 analytischen

1207 742 1289 802 Geist
1335 742 1384 802 der
1435 742 1676 802 psychologischen
1732 745 1941 805 Beobachtung
1997 743 2046 803 und

1204 786 1342 846 behutsam
1381 786 1562 846 grübelnder
1588 786 1764 846 Erkenntnis
1791 786 1890 846 ebenso
1921 786 2058 846 gewann,

1208 826 1258 886 wie
1279 828 1333 888 aus
1358 828 1408 888 den
1430 826 1668 886 Verflechtungen
1697 828 1764 888 oder
1785 828 2044 888 Verhedderungen

1211 868 1256 928 von
1288 870 1380 930 Mann
1413 871 1468 931 und
1500 870 1601 930 Weib,
1620 871 1669 931 von
1703 873 1854 933 Jüngling
1886 873 1941 933 und
1969 873 2060 933 Mäd¬

1204 913 1284 973 chen,
1307 912 1360 972 von
1391 915 1556 975 Männchen
1592 914 1645 974 und
1677 915 1841 975 Weibchen.

1258 954 1305 1014 Als
1339 954 1376 1014 ich
1410 957 1462 1017 vor
1496 957 1571 1017 zwei
1600 957 1714 1017 Jahren
1748 959 1928 1019 Schnitzlers
1962 958 2061 1018 „Pro¬

1207 998 1288 1058 fessor
1321 998 1530 1058 Bernhardi“,
1558 1001 1690 1061 diesmal
1723 998 1777 1058 mit
1809 998 1887 1058 Fritz
1919 1001 2060 1061 Kortner,

1204 1040 1355 1100 wiederum
1395 1042 1497 1102 spielte
1524 1040 1582 1100 und
1613 1042 1688 1102 niele
1716 1042 1777 1102 ihre
1804 1043 1969 1103 Sehnsucht
1996 1042 2057 1102 nach

1208 1085 1248 1145 dem
1299 1086 1462 1146 „Zeitstück"
1494 1085 1521 1145 in
1558 1085 1644 1145 diesem
1690 1086 1776 1146 Werk
1804 1085 1885 1145 eines
1917 1085 2049 1145 Aelteren

1208 1130 1306 1190 erfüllt
1335 1129 1438 1189 sahen,
1463 1128 1571 1188 fehlten
1605 1130 1670 1190 auch
1704 1128 1750 1188 die
1779 1127 1949 1187 Einwände
1983 1130 2062 1190 derer

1203 1172 1289 1232 nicht,
1313 1172 1358 1232 die
1395 1172 1426 1232 da
1459 1172 1609 1232 meinten,
1632 1172 1687 1232 das
1719 1172 1760 1232 sei
1788 1172 1865 1232 nicht
1893 1172 1947 1232 das
1979 1171 2056 1231 Zeit¬

1207 1215 1288 1275 stück;
1311 1213 1384 1273 dazu
1416 1214 1456 1274 sei
1479 1214 1511 1274 es
1543 1214 1570 1274 zu
1602 1213 1843 1273 unverbindlich.
1889 1213 1965 1273 Aber
1993 1216 2061 1276 das,

1207 1256 1264 1316 was
1304 1256 1357 1316 von
1402 1256 1503 1316 solchen
1544 1258 1694 1318 Stimmen
1734 1256 1782 1316 als
1823 1255 2053 1315 Einschränkung

1207 1300 1335 1360 gemeint
1371 1300 1451 1360 war,
1483 1299 1576 1359 rührt
1612 1300 1776 1360 irgendwie
1808 1298 1843 1358 an
1888 1300 2061 1360 Schnitzlers

1202 1342 1385 1402 eigentliches
1417 1342 1536 1402 Wesen,
1555 1342 1628 1402 ragt
1651 1342 1678 1402 in
1711 1342 1761 1402 das
1794 1342 1922 1402 Zentrum
1968 1342 2055 1402 seiner

1205 1386 1304 1446 Kunst.
1342 1384 1409 1444 Das
1433 1384 1683 1444 Unverbindliche
1707 1384 1756 1444 gab
1789 1384 1879 1444 seinem
1916 1384 2048 1444 Schaffen

1203 1426 1259 1486 erst
1278 1427 1320 1487 die
1344 1425 1451 1485 Weite,
1470 1426 1516 1486 den
1545 1426 1629 1486 Raum
1666 1427 1689 1487 in
1718 1427 1769 1487 dem
1802 1426 1830 1486 er
1854 1428 1895 1488 sich
1924 1425 2050 1485 bewegen

1200 1470 1315 1530 konnte,
1333 1470 1395 1530 war
1422 1470 1471 1530 der
1494 1470 1595 1530 Atem,
1614 1470 1698 1530 durch
1725 1470 1774 1530 den
1801 1470 1832 1530 er
1854 1470 1947 1530 lebte.

1263 1512 1324 1572 Auf
1354 1514 1401 1574 die
1436 1514 1574 1574 privaten
1613 1512 1761 1572 Konflikte
1796 1514 1848 1574 der
1882 1512 2054 1572 Schnitzler¬

1207 1557 1272 1617 schen
1310 1557 1458 1617 Menschen
1492 1556 1561 1616 fällt
1590 1555 1636 1615 der
1664 1557 1804 1617 Schatten
1837 1555 1888 1615 der
1916 1557 2056 1617 europäi¬

1208 1602 1273 1662 schen
1307 1602 1406 1662 Krise,
1430 1600 1472 1660 die
1501 1599 1524 1659 im
1572 1599 1884 1659 Vorkriegsösterreich
1917 1601 1992 1661 nicht
2017 1599 2063 1659 als

1204 1643 1280 1703 Krise
1311 1643 1467 1703 erscheint,
1490 1642 1561 1702 weil
1588 1642 1650 1702 man
1686 1642 1743 1702 mit
1770 1641 1819 1701 der
1851 1643 1953 1703 müden
1989 1642 2055 1702 Me¬

1200 1686 1340 1746 lancholie
1369 1686 1457 1746 süßer
1486 1685 1800 1745 Todesbereitschaften
1833 1685 1950 1745 spielte.
1983 1685 2048 1745 Nur

1207 1730 1261 1790 war
1291 1730 1353 1790 man
1387 1730 1441 1790 aus
1471 1728 1520 1788 dem
1563 1730 1688 1790 Theater
1713 1728 1763 1788 ins
1793 1730 1880 1790 Leben
1914 1730 2056 1790 getreten,

1198 1772 1273 1832 ohne
1300 1774 1348 1834 den
1380 1772 1552 1832 Uebergang
1579 1774 1609 1834 zu
1641 1771 1804 1831 bemerken.

1262 1816 1420 1876 Schnitzler
1446 1815 1529 1875 hatte
1559 1816 1608 1876 das
1643 1816 1737 1876 tiefste
1767 1815 1870 1875 Wissen
1906 1816 1940 1876 um
1985 1813 2053 1873 diese

1203 1861 1575 1921 Untergangsstimmung,
1612 1858 1684 1918 aber
1726 1858 1780 1918 das
1826 1861 2053 1921 Heimatgefühl

1200 1903 1258 1963 war
1287 1903 1312 1963 in
1346 1901 1384 1961 sie
1413 1903 1560 1963 verliebt;
1585 1901 1643 1961 nur
1673 1902 1753 1962 wenn
1787 1903 1815 1963 er
1845 1903 1958 1963 einmal
1988 1903 2033 1963 zum

1208 1948 1273 2008 Zorn
1307 1948 1348 2008 sich
1382 1948 1541 2008 aufraffte,
1560 1946 1635 2006 schuf
1659 1945 1687 2005 er
1716 1946 1753 2006 ein
1786 1947 1884 2007 Werk,
1908 1948 1959 2008 wie
1983 1948 2049 2008 eben

1197 1989 1283 2049 diesen
1316 1991 1490 2051 „Professor
1513 1990 1720 2050 Bernhardi“",
1739 1990 1812 2050 das,
1830 1990 1908 2050 wenn
1941 1990 1968 2050 es
1991 1989 2055 2049 bis¬

1200 2031 1246 2091 her
1275 2031 1331 2091 kein
1364 2034 1499 2094 Zeitstück
1527 2032 1648 2092 gewesen
1682 2032 1733 2092 sein
1771 2033 1864 2093 sollte,
1888 2034 1971 2094 heute
2000 2030 2041 2090 als

1207 2076 1243 2136 ein
1284 2076 1471 2136 Paradigma
1504 2077 1553 2137 des
1586 2076 1736 2136 Zeitstücks
1768 2076 1909 2136 gewertet
1942 2076 2051 2136 werden

1203 2121 1293 2181 muß.

1263 2163 1380 2223 Meiner
1430 2163 1596 2223 Beziehung
1646 2162 1699 2222 zur
1749 2163 1925 2223 Regiekunst
1975 2161 2048 2221 steht

1205 2205 1373 2265 Schnitzlers
1424 2205 1587 2265 Dramatik
1634 2206 1789 2266 besonders
1839 2207 1935 2267 nahe.
1985 2205 2044 2265 Und

1200 2247 1275 2307 wenn
1306 2249 1341 2309 ich
1374 2249 1431 2309 mir
1453 2249 1502 2309 den
1533 2249 1680 2309 Vorwurf
1702 2249 1778 2309 nicht
1801 2250 1934 2310 ersparen
1965 2249 2054 2309 kann,

1203 2293 1251 2353 sein
1283 2294 1366 2354 Werk
1389 2294 1526 2354 während
1553 2292 1601 2352 der
1629 2294 1717 2354 letzten
1748 2294 1845 2354 Jahre
1868 2294 1961 2354 etwas
1988 2293 2054 2353 ver¬

1197 2336 1367 2396 nachlässigt
1396 2336 1420 2396 zu
1453 2336 1543 2396 haben
1572 2333 1581 2393 —
1634 2334 1657 2394 im
1695 2336 1803 2396 ganzen
1832 2336 1903 2396 habe
1932 2337 1965 2397 ich
1994 2336 2036 2396 ihm

1194 2379 1251 2439 doch
1283 2381 1390 2441 immer
1422 2380 1528 2440 wieder
1560 2378 1654 2438 meine
1681 2380 1765 2440 Liebe
1797 2380 1855 2440 und
1887 2381 1957 2441 mein
1989 2380 2051 2440 In¬

1197 2422 1297 2482 teresse
1320 2423 1534 2483 zugewendet.

1261 2464 1354 2524 Dafür
1402 2465 1538 2525 sprachen
1590 2464 1641 2524 die
1689 2466 1923 2526 Aufführungen
1980 2467 2031 2527 vom

1203 2509 1384 2569 „Jungen
1422 2508 1680 2568 Medardus“
1731 2509 1931 2569 unmittelbar
1981 2509 2044 2569 nach

1202 2553 1459 2613 Kriegsausbruch
1506 2548 1537 2608 im
1593 2550 1828 2610 Lessingtheater
1879 2552 1933 2612 mit
1980 2554 2049 2614 Lina

1205 2593 1317 2653 Lossen,
1341 2596 1410 2656 Ilka
1444 2590 1607 2650 Grüning,
1636 2596 1786 2656 Kayßler,
1819 2595 1917 2655 Loos,
1955 2597 2053 2657 Goetz,

1203 2637 1358 2697 Adalbert,
1385 2636 1506 2696 Landa,
1532 2637 1661 2697 Salfner
1692 2637 1748 2697 und
1783 2639 1891 2699 andern
1935 2638 1956 2698 in
1995 2640 2042 2700 den

1202 2679 1421 2739 Hauptrollen;
1477 2679 1532 2739 von
1597 2682 1648 2742 der
1704 2682 1927 2742 „Komödie
1975 2682 2043 2742 der

1200 2721 1354 2781 Worte“
1381 2722 1438 2782 mit
1456 2721 1562 2781 Albert
1585 2722 1638 2782 und
1665 2722 1730 2782 Else
1753 2724 1970 2784 Bassermann;
1988 2724 2036 2784 von

1208 2766 1324 2826 „Fink
1363 2763 1442 2823 und
1480 2764 1799 2824 Fliederbusch“
1842 2769 1954 2829 wieder
1992 2769 2048 2829 mit

1202 2808 1388 2868 Bassermann
1425 2808 1479 2868 und
1516 2808 1570 2868 mit
1603 2807 1698 2867 Goetz,
1726 2811 1844 2871 Landa,
1867 2812 2040 2872 Ferdinand

1202 2852 1300 2912 Bonn,
1333 2852 1403 2912 Ilka
1441 2852 1600 2912 Grüning,
1638 2853 1727 2913 Lind,
1765 2852 1938 2912 Wallauer;
1985 2855 2036 2915 von

1202 2894 1557 2954 „Zwischenspiel"
1591 2894 1649 2954 mit
1683 2895 1779 2955 Harry
1818 2897 1942 2957 Walden
1986 2897 2038 2957 und

1201 2939 1263 2999 Lina
1297 2936 1417 2996 Lossen;
1442 2936 1494 2996 von
1528 2939 1754 2999 „Comtesse
1784 2941 1956 3001 Mizzi",
1976 2942 2029 3002 vom

1202 2978 1384 3038 „Grünen
1427 2980 1615 3040 Kakadu"
1653 2981 1709 3041 und
1747 2981 1822 3041 nicht
1855 2984 1953 3044 zuletzt
1987 2983 2038 3043 von

1198 3023 1444 3083 „Liebelei"
1478 3021 1538 3081 mit
1571 3022 1664 3082 Käthe
1702 3024 1804 3084 Dorsch
1842 3025 1898 3085 und
1935 3029 2033 3089 Anton

1197 3067 1337 3127 Edthofer
1366 3066 1389 3126 im
1431 3065 1582 3125 Deutschen
1615 3067 1915 3127 Künstler=Theater.

1255 3112 1301 3172 Ein
1335 3112 1493 3172 Spätwerk
1517 3111 1568 3171 des
1597 3112 1752 3172 Dichters:
1776 3115 1869 3175 „Die
1898 3115 2042 3175 Komö¬

1199 3157 1261 3217 die
1300 3153 1371 3213 der
1400 3154 1702 3214 Verführung"
1741 3157 1813 3217 habe
1847 3159 1899 3219 ich,
1924 3160 2048 3220 obwohl

1197 3200 1246 3260 zur
1279 3198 1469 3258 Aufführung
1502 3199 1733 3259 angenommen,
1756 3201 1833 3261 nicht
1861 3204 2047 3264 aufgeführt,

1193 3241 1261 3301 weil
1279 3244 1352 3304 ...
1371 3245 1430 3305 nun
1462 3241 1531 3301 weil
1554 3244 1709 3304 Schnitzler
1737 3245 1791 3305 und
1819 3246 1855 3306 ich
1888 3249 1942 3309 uns
1970 3247 2043 3307 über

1192 3283 1238 3343 die
1262 3285 1416 3345 Besetzung
1445 3285 1491 3345 des
1525 3286 1628 3346 Stücks
1661 3288 1736 3348 nicht
1760 3288 1872 3348 einigen
1910 3293 2045 3353 konnten.

1198 3328 1258 3388 Das
1292 3328 1339 3388 lag
1372 3330 1522 3390 vielleicht
1551 3330 1631 3390 nicht
1659 3332 1758 3392 zulezt
1787 3333 1824 3393 an
1862 3333 1909 3393 der
1943 3336 2050 3396 Eigen¬

1193 3374 1347 3434 willigkeit
1372 3375 1566 3435 Schnitzlers,
1590 3375 1638 3435 die
1663 3376 1725 3436 ihre
1755 3378 1875 3438 Ursache
1905 3379 1987 3439 hatte
2016 3379 2040 3439 in

1196 3417 1271 3477 einer
1302 3417 1408 3477 immer
1440 3418 1545 3478 stärker
1577 3420 1856 3480 hervorgetretenen
1892 3422 2042 3482 Verbitte¬

1194 3459 1266 3519 rung
1301 3458 1348 3518 des
1383 3461 1516 3521 Dichters
1551 3464 1637 3524 gegen
1676 3464 1719 3524 die
1749 3464 1861 3524 Herren
1900 3467 2042 3527 Theater¬

1196 3506 1355 3566 direktoren
1395 3503 1446 3563 —,
1472 3506 1648 3566 wenigstens
1683 3507 1765 3567 gegen
1821 3509 1868 3569 die
1903 3512 2045 3572 Berliner

1197 3546 1505 3606 Theaterdirektoren,
1533 3550 1596 3610 die,
1619 3549 1673 3609 das
1705 3549 1745 3609 sei
1773 3552 1849 3612 nicht
1877 3554 2044 3614 bestritten,

1196 3595 1242 3655 seit
1271 3593 1430 3653 geraumer
1458 3593 1524 3653 Zeit
1552 3594 1646 3654 seinem
1688 3597 1772 3657 Werk
1801 3599 1964 3659 gegenüber
1993 3602 2039 3662 sich

1194 3637 1265 3697 allzu
1297 3635 1386 3695 passiv
1417 3638 1568 3698 verholten
1600 3638 1706 3698 haben.

1260 3676 1411 3736 Schnitzler
1438 3679 1502 3739 war
1529 3679 1567 3739 ein
1598 3681 1853 3741 ausgezeichneter
1879 3685 2043 3745 Kenner

1201 3718 1263 3778 des
1299 3721 1539 3781 Theaters,
1566 3722 1681 3782 sowohl
1713 3723 1806 3783 seiner
1842 3727 2037 3787 immanenten

1194 3763 1405 3823 künstlerischen
1442 3763 1565 3823 Gesetze,
1589 3766 1639 3826 wie
1667 3766 1758 3826 seiner
1787 3769 1956 3829 praktischen
1989 3769 2048 3829 Be¬

1201 3808 1354 3868 dürfnisse,
1369 3808 1423 3868 und
1448 3808 1477 3868 er
1498 3811 1601 3871 kannte
1622 3811 1670 3871 das
1696 3811 1804 3871 Metier
1830 3814 1874 3874 in=
1894 3814 1948 3874 und
1973 3814 2041 3874 aus¬

1201 3850 1334 3910 wendig.

1259 3892 1299 3952 So
1336 3893 1455 3953 schlecht
1487 3891 1517 3951 er
1554 3893 1579 3953 im
1632 3897 1792 3957 Gegensatz
1829 3899 1860 3959 zu
1912 3900 2046 3960 Gerhart

1200 3936 1387 3996 Hauptmann
1426 3939 1497 3999 seine
1527 3939 1627 3999 Stücke
1656 3939 1757 3999 vorlas
1786 3942 1848 4002 (bei
1872 3942 1925 4002 der
1949 3944 2035 4004 ersten

1199 3981 1361 4041 Vorlosung
1392 3981 1437 4041 von
1473 3983 1640 4043 „Profassor
1671 3983 1838 4043 Verhardi“
1864 3986 1970 4046 machte
1991 3987 2036 4047 sich

1203 4023 1283 4083 untar
1314 4023 1365 4083 dan
1401 4026 1629 4086 Schauspialern
1665 4026 1842 4086 bedenkliche
1878 4029 2045 4089 Müdigkeit

1196 4068 1397 4128 bemerkbar),
1423 4068 1448 4128 so
1481 4071 1651 4131 vorzüglich
1687 4071 1821 4131 verstand
1858 4073 1888 4133 er
1921 4074 1951 4134 es
1988 4074 2039 4134 auf

2124 477 2251 537 Prohen,
2275 476 2480 536 Schauspieler
2512 477 2567 537 und
2599 479 2690 539 Regie
2718 482 2896 542 maßgebend
2928 485 2951 545 zu

2115 521 2321 581 beeinflussen.
2365 520 2429 580 Das
2455 520 2545 580 zøigte
2571 519 2614 579 sich
2644 521 2674 581 am
2717 524 2897 584 deutlichsten
2928 525 2949 585 in

2117 563 2337 623 Liebesszenen,
2355 562 2436 622 deren
2463 560 2591 620 Register
2618 564 2656 624 ihm
2696 566 2743 626 vom
2778 569 2954 629 Einsachsten

2117 604 2168 664 und
2203 604 2349 664 Zartesten
2384 602 2431 662 bis
2462 604 2492 664 zu
2535 604 2712 664 verspielter
2751 607 2859 667 Ironie
2902 607 2953 667 und

2115 646 2231 706 krausem
2281 646 2447 706 Uebermut
2485 646 2647 706 gehorchten
2718 650 2776 710 Dem
2835 652 2959 712 Rotstift

2113 691 2272 751 gegenüber
2304 688 2366 748 war
2393 688 2424 748 er
2455 690 2517 750 sahr
2549 691 2788 751 zurückhaltend,
2811 697 2953 757 Todfeind

2115 733 2319 793 geschluderten
2359 732 2412 792 und
2444 733 2545 793 müden
2581 736 2830 796 Aufführungen.

2166 775 2225 835 Das
2258 772 2354 832 Spiel
2382 777 2418 837 ist
2451 775 2529 835 aus!
2576 780 2653 840 Oder
2686 781 2722 841 ist
2750 781 2782 841 es
2815 781 2874 841 nur
2911 781 2952 841 ein

2121 819 2363 879 Zmischenspiel?

2172 861 2223 921 Der
2252 861 2313 921 alte
2342 861 2450 921 Kastan
2484 861 2540 921 hat
2569 863 2696 923 testiert,
2725 865 2768 925 „es
2801 864 2881 924 hätte
2915 866 2956 926 sich

2115 905 2187 965 nicht
2215 904 2366 964 gelohnt!“
2421 905 2503 965 Aber
2531 904 2672 964 dieses
2709 908 2796 968 Leben
2833 909 2883 969 hat
2916 910 2961 970 sich

2113 948 2242 1008 gelohnt.
2295 945 2372 1005 Denn
2416 945 2459 1005 ein
2503 948 2698 1008 Lebenswerk
2742 949 2793 1009 von
2846 951 2967 1011 bedeut¬

2116 989 2206 1049 samem
2252 989 2383 1049 Ausmaß
2421 989 2516 1049 bleibt
2548 991 2661 1051 zurück,
2689 991 2730 1051 ein
2776 993 2861 1053 Werk
2903 994 2952 1054 von

2111 1031 2201 1091 hoher
2238 1031 2378 1091 geistiger
2420 1031 2474 1091 und
2524 1034 2665 1094 seelischer
2706 1037 2865 1097 Deutung,
2902 1040 2951 1100 von

2118 1076 2203 1136 selner
2236 1074 2399 1134 Schönheit
2426 1073 2476 1133 der
2508 1076 2640 1136 Sprache
2677 1082 2731 1142 und
2763 1082 2826 1142 voll
2854 1082 2958 1142 unzer¬

2119 1119 2260 1179 störbarer
2288 1121 2376 1181 Kraft
2403 1118 2451 1178 der
2478 1120 2669 1180 Gesinnung.

2167 1163 2223 1223 Den
2262 1163 2422 1223 Ehrungen
2460 1165 2516 1225 zum
2564 1166 2728 1226 siebzigsten
2767 1169 2955 1229 Geburtstag

2115 1207 2163 1267 hat
2192 1205 2308 1265 Arthur
2337 1206 2496 1266 Schnitzler
2525 1207 2573 1267 sich
2602 1208 2669 1268 früh
2704 1211 2858 1271 entzogen.
2906 1213 2959 1273 Die

2107 1249 2244 1309 deutschen
2285 1249 2409 1309 Bühnen
2445 1251 2512 1311 aber
2548 1252 2659 1312 werden
2695 1255 2721 1315 zu
2762 1255 2851 1315 seinem
2896 1254 2957 1314 Ge¬

2107 1290 2206 1350 denken
2244 1291 2286 1351 ihn
2324 1293 2428 1353 spielen
2466 1292 2523 1352 und
2556 1296 2665 1356 immer
2698 1297 2802 1357 wieder
2835 1300 2963 1360 spielen,

2113 1336 2208 1396 damit
2233 1335 2278 1395 die
2304 1335 2384 1395 Welt
2409 1338 2449 1398 die
2480 1338 2590 1398 Klänge
2621 1340 2696 1400 eines
2726 1339 2857 1399 Dichters
2887 1344 2952 1404 ver¬

2116 1381 2229 1441 nehme,
2252 1381 2287 1441 um
2324 1381 2370 1441 den
2408 1381 2444 1441 sie
2465 1384 2564 1444 ärmer
2590 1384 2741 1444 geworden
2773 1387 2824 1447 ist.

2188 1536 2406 1596 Schnitz
2430 1538 2484 1598 er
2529 1539 2638 1599 und
2694 1540 2847 1600 Wien

2337 1605 2398 1665 Von
2431 1605 2553 1665 Franz
2581 1607 2730 1667 Werfel

2166 1659 2210 1719 Es
2240 1661 2308 1721 geht
2338 1661 2392 1721 mit
2422 1663 2466 1723 ihm
2515 1664 2554 1724 ein
2589 1665 2697 1725 großer
2727 1667 2883 1727 Künstler,
2904 1667 2942 1727 ein

2109 1702 2202 1762 reiner
2231 1704 2329 1764 Geist,
2353 1705 2414 1765 eine
2442 1707 2560 1767 sittliche
2588 1709 2682 1769 Kraft
2706 1712 2794 1772 hoher
2823 1709 2954 1769 Verant¬

2116 1745 2250 1805 wortung
2293 1745 2317 1805 in
2361 1746 2403 1806 die
2442 1751 2673 1811 Weltgeschichte
2707 1753 2769 1813 ein.
2817 1751 2946 1811 Zugleich

2115 1788 2173 1848 aber
2201 1790 2406 1850 verschwindet
2430 1792 2480 1852 mit
2503 1793 2594 1853 seinem
2631 1796 2745 1856 schönen
2773 1795 2827 1855 und
2855 1795 2946 1855 lieben

2115 1831 2223 1891 Antlitz
2256 1831 2306 1891 der
2348 1832 2425 1892 letzte
2462 1834 2567 1894 Schein
2613 1837 2736 1897 unserer
2778 1837 2946 1897 verlorenen

2115 1874 2241 1934 Heimat,
2265 1874 2311 1934 der
2345 1875 2481 1935 Abglanz
2510 1876 2561 1936 des
2595 1879 2669 1939 alten
2707 1879 2900 1939 Oesterreich,
2924 1882 2947 1942 in

2112 1918 2195 1978 tiefer
2228 1918 2330 1978 Nacht.
2373 1919 2428 1979 Ein
2466 1921 2545 1981 Reich
2583 1921 2634 1981 der
2662 1924 2778 1984 Freude
2812 1923 2867 1983 und
2905 1923 2951 1983 der

2111 1962 2314 2022 Traurigkeit,
2338 1960 2382 2020 des
2410 1963 2556 2023 Genusses
2588 1965 2642 2025 und
2674 1966 2724 2026 der
2751 1966 2887 2026 Jugend,
2906 1966 2946 2026 ein

2106 2002 2188 2062 Reich
2221 2003 2271 2063 der
2304 2005 2524 2065 Verfeinerung
2566 2008 2621 2068 und
2658 2008 2708 2068 des
2741 2008 2870 2068 Wissens
2907 2011 2938 2071 um

2110 2046 2157 2106 das
2190 2046 2288 2106 Ende.
2331 2047 2410 2107 Eine
2444 2049 2565 2109 wirklich
2603 2052 2748 2112 herznahe
2782 2050 2861 2110 Welt
2894 2050 2955 2110 voll

2113 2088 2334 2148 Landschaften,
2354 2091 2507 2151 Klängen,
2532 2093 2675 2153 Worten,
2701 2094 2864 2154 Gesichten,
2883 2094 2950 2154 hold

2115 2133 2164 2193 und
2196 2133 2474 2193 unwiederholbar,
2497 2135 2574 2195 folgt
2598 2136 2679 2196 ihrem
2720 2136 2857 2196 Meister.
2898 2139 2948 2199 Ein

2107 2175 2208 2235 großes
2238 2176 2383 2236 Zeitalter
2413 2178 2505 2238 dieser
2534 2177 2631 2237 Stadt
2656 2178 2728 2238 sinkt
2758 2179 2811 2239 mit
2840 2181 2956 2241 Arthur

2107 2218 2263 2278 Schnitzler
2287 2219 2334 2279 ins
2363 2220 2462 2280 Grab,
2481 2220 2514 2280 um
2557 2222 2580 2282 in
2609 2222 2704 2282 seinem
2747 2222 2954 2282 unsterblichen

2114 2261 2213 2321 Werke
2237 2262 2337 2322 weiter
2366 2264 2389 2324 zu
2423 2264 2522 2324 leben!

2303 2428 2438 2488 Sein
2486 2433 2736 2493 Nachlaß

2336 2497 2393 2557 Von
2425 2495 2528 2555 Paul
2555 2500 2710 2560 Wiegler

2151 2566 2258 2626 Arthur
2286 2566 2463 2626 Schnitzlers
2492 2567 2575 2627 Haus
2604 2568 2678 2628 liegt
2707 2569 2730 2629 in
2763 2570 2814 2630 der
2842 2572 2949 2632 Stern¬

2101 2614 2293 2674 wartestraße
2334 2611 2365 2671 im
2419 2611 2540 2671 Wiener
2586 2613 2733 2673 Cottage,
2774 2614 2845 2674 nahe
2891 2616 2940 2676 dem

2111 2654 2407 2714 Türkenschanzpark,
2429 2653 2477 2713 von
2513 2655 2562 2715 dem
2602 2656 2663 2716 man
2699 2657 2721 2717 in
2753 2657 2951 2717 Sonnenlicht

2109 2695 2172 2755 oder
2199 2697 2426 2757 Nebelschleiern
2459 2696 2499 2756 die
2527 2698 2644 2758 Wiener
2673 2702 2840 2762 Landschaft
2864 2702 2949 2762 über¬

2110 2741 2198 2801 blickt,
2221 2742 2273 2802 und
2300 2742 2322 2802 in
2354 2742 2397 2802 dem
2438 2742 2490 2802 das
2517 2743 2774 2803 Kainz=Denkmal
2797 2746 2880 2806 steht,
2898 2747 2946 2807 das

2109 2784 2268 2844 Standbild
2300 2784 2350 2844 des
2382 2785 2554 2845 Künstlers,
2577 2787 2622 2847 der
2650 2790 2827 2850 Schnitzlers
2855 2791 2950 2851 Henri

2106 2829 2128 2889 im
2178 2829 2314 2889 „Grünen
2356 2832 2491 2892 Kakadu"
2533 2832 2587 2892 und
2624 2833 2678 2893 sein
2719 2835 2868 2895 Amadeus
2905 2835 2928 2895 im

2112 2873 2355 2933 „Zwischenspiel“
2389 2873 2463 2933 war.
2524 2876 2622 2936 Kainz
2651 2877 2697 2937 als
2731 2879 2847 2939 Hamlet
2890 2878 2945 2938 mit

2109 2918 2149 2978 dem
2195 2918 2400 2978 Totenschädel
2432 2915 2454 2975 in
2491 2918 2542 2978 der
2574 2918 2674 2978 Hand.
2720 2921 2801 2981 Dort
2829 2924 2943 2984 hinaus

2103 2960 2217 3020 richtete
2242 2960 2356 3020 Arthur
2385 2963 2538 3023 Schnitzler
2568 2961 2615 3021 bis
2644 2963 2667 3023 in
2701 2966 2744 3026 die
2769 2966 2940 3026 Herbsttage

2096 3002 2132 3062 oft
2160 3005 2234 3065 seine
2262 3008 2506 3068 Spaziergänge.
2547 3005 2593 3065 Er
2621 3008 2741 3068 wohnte
2769 3011 2833 3071 auch
2870 3012 2943 3072 nahe

2106 3046 2150 3106 dem
2195 3050 2552 3110 Cottage-Sanatorium,
2577 3051 2650 3111 nahe
2680 3053 2832 3113 ärztlichen
2867 3055 2940 3115 Kol¬

2102 3092 2206 3152 legen.

2162 3133 2218 3193 Das
2242 3133 2321 3193 Haus
2350 3133 2425 3193 hatte
2449 3133 2477 3193 er
2501 3133 2552 3193 von
2581 3136 2627 3196 dem
2666 3139 2943 3199 Burgschauspieler

2107 3175 2247 3235 Römpler
2284 3175 2411 3235 gekauft,
2443 3178 2493 3238 dem
2544 3178 2652 3238 Gatten
2693 3179 2743 3239 der
2776 3184 2947 3244 Bleibtreu.

2106 3218 2175 3278 Fast
2204 3217 2288 3277 allein
2322 3218 2401 3278 lebte
2430 3217 2457 3277 er
2491 3219 2518 3279 in
2557 3222 2645 3282 diesen
2683 3224 2838 3284 Räumen.
2894 3226 2931 3286 Im

2104 3258 2200 3318 oberen
2232 3258 2315 3318 Stock
2334 3261 2415 3321 hatte
2439 3259 2466 3319 er
2489 3261 2544 3321 sein
2572 3267 2842 3327 Arbeitszimmer,
2857 3267 2943 3327 dessen

2107 3303 2289 3363 Fensterseite
2316 3303 2343 3363 er
2371 3303 2412 3363 sich
2444 3306 2594 3366 ausbauen
2626 3309 2681 3369 ließ
2713 3309 2767 3369 und
2799 3309 2849 3369 von
2882 3310 2931 3370 dem

2101 3345 2123 3405 er
2156 3345 2183 3405 in
2216 3345 2312 3405 grüne
2340 3345 2449 3405 Gärten
2487 3348 2610 3408 schaute.
2661 3351 2739 3411 Dort
2767 3353 2863 3413 waren
2900 3354 2941 3414 bis

2096 3392 2144 3452 zur
2174 3388 2256 3448 Decke
2286 3388 2363 3448 seine
2393 3389 2504 3449 Bücher
2539 3393 2675 3453 gehäuft.
2724 3395 2806 3455 Dort
2836 3396 2937 3456 hingen

2101 3432 2224 3492 zahllose
2247 3432 2429 3492 Fotografien
2461 3433 2511 3493 zum
2548 3435 2726 3495 Gedächtnis
2749 3433 2781 3493 on
2808 3432 2945 3492 Freund¬

2101 3473 2213 3533 schaften
2251 3473 2307 3533 und
2345 3474 2597 3534 Theatererfolge.
2654 3478 2733 3538 Dort
2766 3480 2845 3540 stand
2883 3481 2934 3541 sein

2101 3518 2256 3578 Stehpult,
2291 3516 2326 3576 an
2370 3517 2417 3577 dem
2465 3518 2495 3578 er
2531 3519 2595 3579 auch
2635 3523 2830 3583 nachmittags
2869 3526 2942 3586 öfter

2100 3560 2253 3620 arbeitete.
2305 3555 2347 3615 Er
2375 3560 2449 3620 legte
2482 3560 2524 3620 sich
2557 3563 2636 3623 nicht
2664 3568 2781 3628 nieder,
2805 3569 2855 3629 der
2884 3568 2939 3628 Er¬

2103 3602 2226 3662 müdung
2259 3604 2309 3664 zum
2351 3603 2446 3663 Trotz.

2159 3644 2210 3704 Und
2239 3644 2257 3704 so
2281 3644 2357 3704 schuf
2376 3646 2423 3706 er,
2438 3647 2522 3707 meist
2541 3647 2603 3707 nach
2632 3651 2721 3711 Ideen
2750 3653 2801 3713 von
2830 3653 2948 3713 früher,

2101 3688 2141 3748 die
2178 3688 2232 3748 nun
2273 3688 2300 3748 in
2342 3688 2519 3748 unerhörter
2556 3694 2760 3754 Lebendigkeit
2792 3696 2837 3756 sich
2874 3697 2924 3757 ihm

2105 3731 2246 3791 nochmals
2274 3728 2429 3788 beseelten,
2448 3733 2520 3793 seine
2544 3735 2731 3795 Novellistik,
2750 3739 2799 3799 von
2827 3739 2945 3799 „Fräu¬

2102 3775 2156 3835 lein
2187 3772 2268 3832 Else“
2298 3772 2344 3832 bis
2375 3773 2424 3833 zur
2455 3775 2576 3835 „Flucht
2607 3776 2632 3836 in
2668 3780 2713 3840 die
2739 3784 2945 3844 Finsternis“,

2101 3817 2169 3877 diese
2206 3815 2265 3875 aus
2307 3816 2412 3876 Traum
2467 3818 2526 3878 und
2572 3821 2769 3881 Wirklichkeit
2810 3826 2938 3886 gewebte

2109 3859 2207 3919 Prosa,
2228 3859 2271 3919 die
2297 3859 2321 3919 in
2351 3859 2429 3919 ihrer
2454 3862 2690 3922 psychologischen
2720 3868 2799 3928 Tiefe
2824 3868 2877 3928 und
2908 3869 2932 3929 in

2103 3904 2175 3964 ihrer
2204 3900 2381 3960 souveränen
2420 3903 2496 3963 Form
2541 3906 2780 3966 unnergleichlich
2815 3910 2852 3970 ist
2877 3910 2934 3970 und

2100 3945 2200 4005 immer
2230 3945 2330 4005 wieder
2359 3947 2440 4007 durch
2465 3948 2541 4008 ihren
2570 3951 2780 4011 schöpfarischen
2810 3953 2929 4013 Antrieb

2103 3988 2142 4048 als
2173 3987 2354 4047 Produktion
2391 3991 2470 4051 eines
2501 3993 2607 4053 sechsten
2648 3997 2930 4057 Lebensjahrzehnts

2102 4032 2280 4092 überraschen
2314 4032 2398 4092 wird.

2154 4076 2304 4136 Schnitzler
2343 4075 2396 4135 hat
2435 4076 2462 4136 im
2511 4075 2597 4135 Alter
2635 4079 2797 4139 außerhalb
2841 4082 2932 4142 seines

3071 240 3130 300 Der
3163 241 3195 301 al

3013 285 3040 345 in
3076 287 3160 347 einem

3017 327 3066 387 Als
3099 329 3190 389 dieses

3018 370 3086 430 Café
3116 371 3203 431 Zenti

3023 413 3157 473 Psycholo

3009 456 3105 516 anzug
3141 455 3192 515 den

3014 497 3101 557 Samt
3130 497 3194 557 —d

3015 539 3094 599 jeder
3121 540 3168 600 her

3011 581 3066 641 das
3102 583 3164 643 war

3020 622 3182 682 professors

3019 665 3073 725 Der
3100 667 3208 727 Seider

3032 709 3146 769 Jugend
3175 712 3207 772 au

3018 754 3140 814 gewesen
3180 755 3213 815 ist

3081 793 3141 853 Auf
3179 796 3225 856 den

3023 837 3062 897 die
3092 837 3141 897 der
3172 839 3215 899 Ve

3025 879 3180 939 Schnitzler

3023 924 3137 984 damals
3173 927 3226 987 kain

3020 967 3087 1027 eine
3122 971 3199 1031 rasch

3027 1010 3083 1070 sehr
3114 1012 3206 1072 weiße

3022 1050 3069 1110 dem
3118 1055 3218 1115 franzi

3025 1097 3065 1157 sah
3097 1100 3213 1160 damals

3026 1142 3130 1202 Poeten
3176 1143 3215 1203 Al

3020 1186 3140 1246 kleidete
3176 1187 3225 1247 ih-

3019 1229 3182 1289 lancholia.

3024 1273 3163 1333 nebenbei
3189 1275 3223 1335 sck

3026 1315 3100 1375 druck
3119 1318 3174 1378 auf
3187 1318 3199 1378 i

3014 1362 3198 1422 theatertrag

3021 1404 3096 1464 ihrer
3132 1401 3197 1461 horo

3020 1443 3125 1503 Mädel
3153 1447 3208 1507 au¬

3014 1491 3134 1551 liebens

3015 1534 3127 1594 Separé
3163 1536 3208 1596 beg

3073 1577 3168 1637 Adolf

3018 1619 3132 1679 Dichter
3153 1622 3205 1682 der

3015 1664 3140 1724 öffnete.
3162 1664 3201 1724 Au

3015 1705 3111 1765 Liebe,
3133 1706 3193 1766 Tan

3018 1751 3138 1811 schüttet
3164 1751 3203 1811 wi

3013 1795 3091 1855 nicht
3117 1796 3190 1856 ganz

3018 1837 3192 1897 Bucherfolg

3022 1879 3079 1939 Das
3113 1882 3208 1942 Todes

3016 1924 3205 1984 Schnitzler1

3010 1967 3073 2027 kind
3107 1969 3165 2029 bli¬

3018 2014 3061 2074 sich
3083 2013 3171 2073 selbst

3015 2054 3110 2114 schöne
3137 2055 3195 2115 Fra

3020 2099 3073 2159 und
3105 2100 3147 2160 die
3169 2100 3189 2160 si

3020 2144 3129 2204 einmal
3158 2142 3207 2202 ent

3020 2189 3046 2249 ist
3073 2187 3110 2247 ein
3143 2190 3200 2250 Se¬

3024 2273 3132 2333 Schnitz

3014 2317 3096 2377 ruch.
3128 2315 3169 2375 Er

3013 2360 3035 2420 li
3059 2360 3098 2420 hen
3138 2362 3194 2422 öste

3016 2403 3140 2463 Novelle

3019 2446 3187 2506 Seelenque

3020 2491 3125 2551 Armee
3156 2494 3170 2554 h

3023 2533 3173 2593 Schnitzler

3019 2575 3132 2635 kleidet.
3159 2578 3199 2638 Er

3020 2620 3156 2680 I-Punkt
3182 2623 3196 2683 a

3018 2664 3106 2724 haupt
3132 2664 3175 2724 eht

3014 2706 3038 2766 in
3069 2709 3145 2769 jeder

3078 2753 3103 2813 In
3141 2751 3193 2811 sein

3011 2791 3074 2851 viel
3097 2795 3191 2855 Kumm

3009 2838 3059 2898 von
3090 2840 3135 2900 ihm
3171 2840 3211 2900 ge¬

3009 2882 3135 2942 geendet

3017 2925 3162 2985 Wanderi

3011 2969 3125 3029 rühmte

3009 3012 3060 3072 sein
3102 3012 3153 3072 str.

3004 3055 3108 3115 immer
3135 3055 3147 3115 m

3001 3103 3134 3163 Trauer,

3006 3146 3129 3206 verlasse

3006 3557 3084 3617 Welt
3107 3557 3134 3617 se

3061 3729 3131 3789 Meh

3062 3819 3122 3879 Dhe
3136 3820 3195 3880 Gall

3051 3910 3114 3970 Das
3143 3910 3195 3970 Alt

3060 3993 3197 4053 Nachmell
3218 3993 3248 4053 gl

3054 4082 3104 4142 Die
3132 4082 3216 4142 Toten
3245 4086 3284 4146 sch
