3392 4352
140 262 276 322 12.
327 271 818 331 Schnitzler
878 269 916 329 s
986 276 1211 336 Deatl

416 919 561 979 MAITZI
594 882 889 942 FRIEDMANN

405 986 504 1046 pilen
521 975 579 1035 Vi.
595 947 899 1007 Getreidemart

445 1145 511 1205 Nr.
531 1145 604 1205 3386

1103 1156 1216 1216 Wien,
1237 1160 1300 1220 Fre

426 1315 515 1375 Das
561 1318 786 1378 Denkmal
823 1323 903 1383 auf

741 1391 812 1451 der
859 1395 948 1455 Con
1003 1401 1209 1461 zerheide

502 1458 547 1518 In
589 1457 769 1517 Memoriam
815 1461 938 1521 Arthur
961 1461 1146 1521 Schnitzler.

438 1514 503 1574 Vor
530 1518 747 1578 Jahresfrist,
770 1521 808 1581 an
846 1521 927 1581 einem
977 1524 1242 1584 melancholischen

393 1558 568 1618 Herbsttag,
600 1562 657 1622 hat
688 1563 812 1623 Arthur
849 1565 1019 1625 Schnitzler
1051 1568 1102 1628 den
1144 1568 1242 1628 letzten

394 1602 541 1662 einsamen
577 1605 648 1665 Weg
679 1607 704 1667 in
740 1607 796 1667 das
827 1607 918 1667 weite
949 1610 1030 1670 Land
1061 1610 1111 1670 der
1143 1610 1254 1670 Ewig¬

386 1644 446 1704 keit
472 1649 668 1709 angetreten.
689 1650 765 1710 Doch
801 1652 922 1712 wenige
948 1653 1094 1713 Stunden
1125 1656 1256 1716 vorher,

388 1689 444 1749 ehe
465 1691 496 1751 er
523 1692 585 1752 „die
611 1693 720 1753 dunkte
741 1694 860 1754 Straße
887 1694 912 1754 in
944 1697 985 1757 ein
1011 1699 1115 1759 lichtes
1142 1698 1224 1758 Land

381 1733 479 1793 ging,
523 1736 560 1796 ist
588 1736 620 1796 er
654 1736 725 1796 noch
758 1739 883 1799 einmal
910 1739 965 1799 auf
993 1740 1047 1800 dem
1091 1741 1243 1801 geliebten

388 1779 730 1839 Sommerheidenweg
771 1781 927 1841 gewesen,
973 1783 1114 1843 vernahm
1185 1784 1240 1844 von

387 1819 451 1879 hier
484 1822 543 1882 aus
576 1825 630 1885 zum
680 1825 858 1885 allerletzten
896 1825 978 1885 Mal
1005 1828 1054 1888 den
1092 1828 1162 1888 Ruf
1190 1830 1238 1890 des

389 1864 532 1924 Lebens.

426 1914 498 1974 Und
524 1918 581 1978 auf
608 1919 659 1979 dem
701 1921 1053 1981 Sommerheidenweg,
1079 1924 1126 1984 der
1158 1924 1240 1984 durch

384 1959 506 2019 Arthur
538 1962 708 2022 Schnitzler
740 1965 846 2025 Weihe
879 1965 942 2025 und
974 1965 1160 2025 Bedeutung
1198 1966 1245 2026 er¬

388 2004 480 2064 hielt,
501 2004 557 2064 soll
584 2005 635 2065 dem
677 2007 805 2067 Dichter
838 2008 899 2068 nun
936 2010 976 2070 ein
1008 2010 1173 2070 Denkmal
1199 2010 1245 2070 er¬

382 2049 493 2109 richtet
520 2049 657 2109 werden.
684 2050 763 2110 Fern
800 2053 859 2113 und
891 2054 948 2114 nah
981 2053 1129 2113 zugleich,
1150 2055 1245 2115 grüßt

392 2088 441 2148 sein
479 2094 587 2154 Wien,
615 2096 690 2156 „das
729 2097 815 2157 Wien
854 2097 902 2157 dos
936 2097 1147 2157 Canaletto",
1174 2100 1244 2160 her¬

388 2133 458 2193 über
494 2136 554 2196 und
590 2137 644 2197 der
680 2138 836 2198 mitunter
872 2140 1084 2200 unwirkliche,
1115 2141 1240 2201 traum¬

385 2175 449 2235 haft
482 2180 601 2240 schöne,
629 2183 732 2243 seltsam
781 2182 993 2242 verschleierte
1026 2184 1150 2244 Zauber
1189 2187 1242 2247 der

383 2222 502 2282 Gegend
536 2222 628 2282 wirkt
650 2224 683 2284 an
716 2225 764 2285 sich
798 2227 852 2287 wie
879 2228 950 2288 eine
973 2228 1157 2288 Huldigung
1190 2231 1239 2291 der

383 2266 567 2326 Landschaft
590 2270 643 2330 für
671 2270 753 2330 ihren
786 2270 926 2330 Dichter.

428 2316 494 2376 Und
526 2318 567 2378 sie
599 2319 671 2379 alle,
718 2318 764 2378 die
796 2321 857 2381 wir
884 2322 1019 2382 liebten,
1061 2324 1153 2384 denen
1195 2325 1241 2385 die

379 2359 505 2419 heißen,
532 2362 712 2422 heimlichen
749 2365 887 2425 Träume
940 2365 998 2425 und
1051 2365 1236 2425 schwärme¬

378 2406 486 2466 rischen
521 2407 742 2467 Huldigungen
788 2407 914 2467 unserer
949 2410 1079 2470 Jugend
1114 2410 1221 2470 galten

388 2447 444 2507 sind
476 2449 532 2509 von
569 2449 620 2509 der
651 2449 738 2509 Luft,
765 2451 811 2511 die
843 2452 982 2512 zwischen
1018 2452 1064 2512 der
1096 2455 1240 2515 Turken¬

378 2494 494 2554 schanze
548 2492 610 2552 und
643 2494 785 2554 Neustift
807 2495 844 2555 am
892 2494 982 2554 Wald
1019 2496 1114 2556 weht,
1163 2497 1236 2557 um¬

379 2535 502 2595 fächelt;
524 2535 575 2595 das
607 2537 726 2597 brachte
757 2539 782 2599 ja
815 2538 861 2598 die
887 2538 1136 2598 Schnitzlerschen
1173 2538 1239 2598 Ge¬

382 2577 480 2637 stalten
515 2580 643 2640 unserem
688 2580 875 2640 Empfinden
910 2583 934 2643 so
970 2583 1063 2643 nahe:
1088 2583 1122 2643 sie
1153 2583 1240 2643 wur¬

372 2622 465 2682 zelten
502 2624 527 2684 in
564 2623 716 2683 derselben
753 2625 836 2685 Erde
868 2627 930 2687 wie
962 2626 1018 2686 wir
1046 2625 1149 2685 selbst,
1197 2626 1238 2686 sie

374 2666 546 2726 wandelten
581 2667 638 2727 nur
668 2668 850 2728 hellhöriger
879 2670 936 2730 und
966 2670 1023 2730 mit
1048 2670 1225 2730 sehenderen

379 2711 477 2771 Augen
509 2712 622 2772 Wege,
638 2712 684 2772 die
716 2712 773 2772 wir
799 2713 954 2773 kannten,
976 2715 1011 2775 sie
1038 2715 1141 2775 hatten
1178 2715 1229 2775 das

375 2753 468 2813 letzten
500 2755 592 2815 große
619 2756 727 2816 Wissen
759 2756 794 2816 um
842 2756 961 2816 Dinge,
982 2756 1028 2816 die
1055 2756 1111 2816 wir
1138 2757 1236 2817 unbe¬

377 2795 467 2855 wußt
487 2798 597 2858 ahnten
626 2798 635 2858 —
684 2799 755 2859 aber
780 2801 817 2861 sie
837 2801 1028 2861 vermochten
1058 2801 1105 2861 es,
1120 2801 1216 2861 diesem

379 2839 482 2899 Wissen
519 2843 554 2903 um
607 2843 715 2903 unsere
747 2843 866 2903 eigenen
903 2844 1053 2904 Wünsche
1085 2843 1141 2903 und
1173 2845 1234 2905 un¬

370 2885 523 2945 erweckten
563 2885 730 2945 Gedanken
765 2888 849 2948 ganz
884 2888 1032 2948 einmalig
1072 2891 1234 2951 Ausdruck

373 2932 398 2992 zu
435 2930 548 2990 geben,
574 2929 636 2989 mit
662 2929 811 2989 Worten,
838 2931 925 2991 deren
962 2932 1153 2992 klangvolle,
1179 2933 1230 2993 be¬

373 2970 458 3030 seelte
484 2971 656 3031 Schönheit
677 2974 727 3034 den
759 2974 1042 3034 unvergänglichen
1073 2974 1225 3034 Gebilden

375 3016 488 3076 Fischer
519 3017 570 3077 von
607 3019 736 3079 Erlachs
762 3019 989 3079 artverwandt
1010 3019 1123 3079 schien.

414 3070 460 3130 Es
486 3070 558 3130 war
594 3070 635 3130 ein
672 3073 744 3133 Weg
781 3073 827 3133 ins
864 3073 972 3133 Freie,
993 3073 1044 3133 den
1081 3073 1142 3133 uns
1179 3073 1225 3133 der

366 3115 494 3175 Dichter
521 3116 650 3176 geführt
676 3115 779 3175 hatte.
801 3115 867 3175 Und
899 3118 955 3178 auf
976 3118 1028 3178 der
1054 3117 1229 3177 Sommer¬

370 3159 470 3219 heide,
500 3159 585 3219 dort,
636 3159 671 3219 an
712 3159 762 3219 der
798 3159 923 3219 Grenze
954 3160 1089 3220 zwischen
1125 3159 1225 3219 Stadt

367 3201 428 3261 und
460 3201 563 3261 Lond,
585 3201 724 3261 befindet
751 3201 797 3261 sich
828 3201 916 3261 wohl
943 3204 1030 3264 auch,
1051 3201 1227 3261 allerdings

368 3243 432 3303 nur
463 3246 513 3306 dem
564 3246 690 3306 Dichter
726 3247 786 3307 und
822 3247 1054 3307 Seelenkenner
1085 3249 1230 3309 sichtbar,

366 3288 411 3348 der
442 3291 625 3351 imaginäre
652 3291 824 3351 Kreuzweg
861 3291 993 3351 zwischen
1029 3291 1227 3351 befreiender

362 3334 516 3394 Dichtung
554 3332 617 3392 und
655 3332 831 3392 erlösender
858 3332 1039 3392 Wahrheit.

406 3377 511 3437 Dort,
539 3377 580 3437 wo
618 3377 665 3437 die
697 3377 771 3437 Luft
803 3377 856 3437 von
899 3377 993 3437 seinen
1031 3378 1215 3438 Geschöpfen

363 3419 471 3479 erfüllt
499 3422 548 3482 ist,
570 3421 624 3481 soll
652 3421 712 3481 uns
745 3420 799 3480 sein
832 3422 995 3482 Denkmal
1012 3422 1154 3482 grüßen;
1176 3424 1224 3484 die

367 3464 568 3524 klimatischen
605 3464 816 3524 Verhältnisse
843 3464 961 3524 machen
993 3467 1049 3527 auf
1076 3467 1204 3527 unserem

367 3506 538 3566 Landstrich
568 3509 654 3569 einen
690 3506 896 3566 Lorbeerhain
932 3509 1119 3569 unmöglich.
1139 3509 1224 3569 Aber

366 3550 390 3610 im
435 3550 588 3610 Sommer
618 3550 741 3610 müßten
772 3550 805 3610 um
850 3550 904 3610 das
935 3552 1092 3612 Denkmal
1113 3553 1206 3613 herum

367 3595 462 3655 Rosen
499 3595 637 3655 blühen:
690 3595 896 3655 süßduftende
934 3596 1066 3656 blutrote
1103 3598 1224 3658 Rosen,

360 3638 409 3698 die
435 3640 491 3700 von
526 3637 647 3697 heißer,
673 3637 769 3697 matte
800 3640 966 3700 Teerosen,
987 3640 1032 3700 die
1063 3640 1113 3700 von
1149 3640 1224 3700 ster¬

362 3682 473 3742 bender
505 3682 595 3742 Liebe
627 3682 770 3742 künden;
819 3683 881 3743 und
919 3685 1036 3745 später,
1063 3682 1089 3742 so
1121 3685 1210 3745 gegen

360 3726 567 3786 Allerseelen,
616 3726 743 3786 müßten
807 3726 1024 3786 krausköpfige
1057 3726 1221 3786 Chrysan¬

362 3768 482 3828 themen
518 3768 573 3828 und
604 3770 709 3830 Astern
745 3768 816 3828 dort
836 3770 987 3830 wachsen.
1008 3769 1073 3829 Und
1104 3771 1219 3831 natür¬

365 3813 411 3873 lich
446 3813 492 3873 der
522 3816 742 3876 Immergrün
783 3816 829 3876 des
865 3815 980 3875 ewigen
1016 3814 1218 3874 Gedenkens.

1032 3861 1089 3921 M.
1116 3861 1173 3921 Fr.

1447 264 1569 324 box
1647 264 1824 324 44/3

1452 929 2160 989 „OBSERVER

1521 989 1549 1049 I.
1566 987 1688 1047 österr.
1704 983 1860 1043 behördl.
1881 980 2174 1040 konzessioniertes

1497 1037 1730 1097 Unternehmen
1766 1033 1813 1093 für
1839 1031 2215 1091 Zeitungs-Ausschnitte

1569 1095 1710 1155 WIEN,
1724 1099 1775 1159 I.,
1795 1096 2059 1156 WOLLZEILE
2099 1094 2143 1154 11

1637 1153 1850 1213 TELEPHON
1888 1147 2069 1207 R-23-0-43

1442 1288 1669 1348 Ausschnitt
1695 1285 1793 1345 aus:

1648 1354 1737 1414 Wr.
1748 1341 1965 1401 Allgemelne
1996 1319 2164 1379 Zeitung,
2185 1304 2264 1364 Wlon

1847 1453 1934 1513 16.
1952 1436 2100 1496 UN1.
2130 1409 2249 1469 1932

1447 1515 1570 1575 vom:

3139 1625 3257 1685 Form,
3281 1623 3309 1683 m.

2227 1628 2388 1688 Porträt.
2412 1628 2504 1688 Wird
2539 1628 2568 1688 es
2609 1628 2684 1688 aber
2713 1628 2776 1688 erst
2806 1625 2933 1685 einmal
2962 1625 2991 1685 in
3026 1625 3083 1685 der

2226 1679 2419 1739 Landschaft
2447 1676 2569 1736 stehen,
2597 1677 2630 1737 so
2664 1676 2752 1736 wird
2785 1676 2835 1736 die
2869 1676 2968 1736 Liebe
3024 1673 3079 1733 des

1536 1692 1938 1752 Feuilleton

3132 1721 3298 1781 „Schwitz

2226 1727 2464 1787 Verständigen
2497 1727 2578 1787 dazu
2611 1724 2773 1784 gehören,
2801 1724 2833 1784 um
2882 1724 2931 1784 die
2980 1722 3088 1782 Fein¬

3138 1766 3199 1826 und
3236 1767 3287 1827 der

2225 1773 2325 1833 heiten
2364 1774 2422 1834 des
2459 1774 2661 1834 Jarayschen
2705 1771 2907 1831 Entwurfes
2944 1771 2976 1831 zu
3019 1771 3088 1831 ver¬

3134 1818 3222 1878 nung
3258 1819 3298 1879 ist

2227 1822 2349 1882 stehen.
2371 1822 2461 1882 Denn
2493 1822 2524 1882 so
2557 1821 2732 1881 zwingend
2764 1819 2822 1879 der
2849 1819 3013 1879 Entwurf
3041 1819 3072 1879 im

3134 1866 3313 1926 Schnitzlei

2227 1871 2455 1931 geschlossenen
2487 1870 2587 1930 Raum
2630 1867 2746 1927 wirken
2778 1870 2873 1930 mag,
2911 1869 2942 1929 so
2974 1868 3079 1928 wenig

1369 1896 1477 1956 Ein
1527 1894 1759 1954 Arthur
1809 1895 2150 1955 Schnitzler¬

3133 1915 3193 1975 und
3233 1915 3283 1975 die

2227 1919 2281 1979 neu
2317 1921 2397 1981 wird
2433 1921 2463 1981 er
2488 1921 2529 1981 am
2574 1918 2695 1978 grünen
2751 1918 2872 1978 Hang,
2912 1918 2978 1978 vor
3024 1917 3078 1977 den

3138 1962 3224 2022 dort,
3246 1961 3294 2021 wo

2225 1967 2406 2027 blühenden
2443 1966 2520 2026 oder
2546 1964 2790 2024 verwelkenden
2821 1965 2971 2025 Bäumen
3029 1965 3064 2025 am

1596 1992 1902 2052 Hentmar

3141 2013 3234 2073 Freie
3262 2012 3288 2072 fü

2231 2016 2320 2076 Rand
2358 2017 2415 2077 des
2453 2016 2854 2076 Sommerheidenweges
2891 2016 3086 2076 erscheinen,

1325 2061 1384 2121 Der
1415 2060 1578 2120 Entwurf
1603 2059 1737 2119 Jarays
1772 2056 1781 2116 —
1837 2058 1905 2118 Und
1941 2058 1985 2118 ein
2025 2057 2188 2117 anderer:

3139 2059 3200 2119 Und
3240 2058 3302 2118 wei

2226 2064 2257 2124 in
2290 2067 2390 2127 dieser
2439 2064 2635 2124 Landschaft
2684 2062 2742 2122 von
2796 2064 3088 2124 überströmender

3134 2109 3174 2169 sie
3198 2107 3296 2167 gleich

1328 2112 1520 2172 Schnitzler,
1541 2111 1660 2171 gehend
1692 2109 1754 2169 auf
1780 2109 1837 2169 dem
1884 2107 2164 2167 Sommerheiden

2234 2115 2289 2175 und
2326 2118 2505 2178 eigenartig
2537 2115 2653 2175 herber
2679 2112 2875 2172 Süßlgkeit.

3135 2156 3269 2216 Jarays

1717 2158 1786 2218 weg

3217 2212 3293 2272 Wen

2314 2223 2359 2283 In
2395 2219 2493 2279 dieser
2517 2219 2732 2279 Landschaft,
2750 2217 2772 2277 in
2808 2216 2854 2276 die
2878 2216 2953 2276 kaum
2995 2218 3086 2278 mehr

1398 2225 1446 2285 In
1484 2223 1538 2283 der
1570 2222 1711 2282 Galerie
1742 2222 1902 2282 Würthle
1939 2222 1975 2282 ist
2007 2222 2068 2282 der
2099 2219 2185 2279 Ent¬

3136 2261 3245 2321 führt,
3260 2261 3273 2321 d

2229 2269 2272 2329 ein
2305 2270 2462 2330 Geräusch
2490 2267 2543 2327 der
2565 2267 2646 2327 Hast
2663 2267 2798 2327 dringt,
2815 2267 2874 2327 und
2902 2268 2961 2328 nur
2984 2270 3075 2330 selten

1328 2276 1418 2336 wurf
1439 2273 1492 2333 des
1519 2271 1731 2331 Bildhauers
1758 2273 1869 2333 Jaray
1902 2273 1955 2333 für
1982 2270 2023 2330 ein
2056 2273 2188 2333 Arthur

3134 2312 3287 2372 Tatsache

2225 2318 2283 2378 der
2310 2318 2558 2378 Heurigenlärm
2601 2317 2658 2377 vom
2707 2315 2912 2375 „Römischen
2945 2315 3060 2375 Kaiser

1328 2321 1689 2381 Schnitzler=Denkmal
1726 2321 1937 2381 ausgestellt.
1989 2319 2061 2379 Der
2098 2320 2185 2380 Ent¬

3132 2358 3206 2418 mal
3233 2357 3270 2417 au

2230 2367 2280 2427 her
2309 2367 2433 2427 störend
2468 2365 2728 2425 herübergreift,
2752 2365 2779 2425 in
2814 2365 2864 2425 die
2888 2365 3085 2425 gleichwohl

1331 2370 1420 2430 wurf
1447 2371 1484 2431 ist
1511 2371 1595 2431 nicht
1617 2371 1648 2431 im
1712 2369 1855 2429 direkten
1908 2369 2056 2429 Auftrag
2094 2368 2183 2428 eines

3133 2405 3191 2465 von
3230 2404 3277 2464 Gr

1328 2422 1642 2482 Denkmalkomitees
1674 2420 1843 2480 gemacht:
1890 2419 1962 2479 noch
1999 2419 2076 2479 hört
2102 2417 2174 2477 man
2221 2415 2293 2475 aus
2329 2417 2386 2477 der
2422 2416 2520 2476 neuen
2567 2416 2629 2476 und
2671 2416 2809 2476 langsam
2862 2413 3072 2473 gewordenen

3134 2455 3301 2515 Denkmäl

2226 2464 2394 2524 Siedlung
2432 2464 2611 2524 verzogene
2644 2461 2712 2521 und
2766 2461 2961 2521 verblasene
2993 2461 3082 2521 Töne

1323 2473 1408 2533 nicht
1434 2470 1560 2530 genaue
1591 2470 1718 2530 Namen
1760 2470 1825 2530 und
1861 2469 1967 2529 Daten
2003 2467 2084 2527 über
2115 2467 2185 2527 eine

3136 2504 3215 2564 schon
3259 2503 3289 2563 v.

2226 2515 2317 2575 eines
2345 2512 2588 2572 Lautsprechers
2622 2509 2762 2569 fließen,
2779 2512 2893 2572 schnell
2915 2512 3006 2572 müde
3034 2513 3082 2573 ge¬

1323 2520 1546 2580 Gesellschaft,
1607 2518 1666 2578 die
1716 2518 1770 2578 die
1820 2518 2032 2578 Aufstellung
2093 2516 2179 2576 eines

3134 2549 3281 2609 Bildhau

2232 2562 2361 2622 worden
2394 2560 2420 2620 in
2459 2560 2507 2620 all
2529 2559 2588 2619 der
2616 2560 2718 2620 freien
2751 2559 2831 2619 Luft
2859 2559 2918 2619 und
2957 2559 3005 2619 sich
3043 2556 3075 2616 an

1323 2568 1703 2628 Schnitzler=Denkmals
1739 2565 1855 2625 plant.
1901 2565 1977 2625 Aus
2013 2565 2068 2625 der
2105 2564 2185 2624 Ver¬

3139 2601 3269 2661 komitee

2229 2611 2283 2671 der
2316 2610 2625 2670 Friedhofsmauer
2658 2610 2738 2670 links
2794 2610 2858 2670 vom
2907 2610 3086 2670 Sommer¬

1323 2618 1467 2678 ehrung,
1489 2616 1535 2676 die
1561 2617 1670 2677 Jaray
1707 2615 1758 2675 dem
1805 2616 2085 2676 Unvergeßlichen
2117 2613 2189 2673 ent¬

3138 2648 3245 2708 dieses

2229 2661 2413 2721 heidenweg
2446 2658 2717 2718 geheimnisvoll
2761 2658 2934 2718 brechend.
2978 2658 3086 2718 Deut¬

1323 2667 1562 2727 gegenbringt,
1579 2664 1615 2724 ist
1642 2664 1709 2724 hier
1736 2664 1803 2724 eine
1830 2664 1960 2724 Plastik
1982 2664 2190 2724 entstanden,

3137 2696 3269 2756 anderen

2233 2709 2338 2769 licher,
2360 2709 2434 2769 aber
2461 2709 2524 2769 nur
2551 2706 2587 2766 um
2630 2707 2672 2767 ein
2709 2706 2873 2766 weniges,
2895 2706 3000 2766 klingt
3022 2705 3079 2765 aus

1319 2713 1377 2773 von
1415 2716 1468 2776 der
1496 2714 1548 2774 ihr
1575 2713 1735 2773 Schöpfer
1768 2715 1928 2775 wünscht,
1972 2715 2035 2775 daß
2068 2715 2105 2775 sie
2132 2714 2190 2774 auf

3139 2744 3285 2804 Kollektit

2231 2756 2284 2816 dem
2332 2756 2395 2816 Tal
2422 2756 2485 2816 aus
2517 2756 2612 2816 einer
2655 2756 2802 2816 kleinen,
2845 2756 3077 2816 versprengten

1322 2764 1376 2824 dem
1421 2761 1788 2821 Sommerheidenweg
1823 2762 2010 2822 aufgestellt
2065 2761 2173 2821 werde

3140 2792 3188 2852 dem
3244 2792 3298 2852 Bil

2226 2807 2492 2867 Buschenschenke
2519 2806 2688 2866 mitunter
2737 2804 2779 2864 ein
2838 2804 3082 2864 unbeholfenes

1418 2811 1481 2871 Auf
1508 2811 1592 2871 einem
1640 2810 1767 2870 Sockel,
1789 2810 1873 2870 nicht
1900 2810 1979 2870 allzu
2011 2810 2106 2870 hoch,
2128 2809 2185 2869 sitzt

3144 2840 3281 2900 Entwur

2228 2855 2456 2915 Heurigenlied
2483 2854 2547 2914 und
2574 2855 2786 2915 Weingärten
2819 2854 2914 2914 stehen
2947 2854 2978 2914 um
3021 2851 3079 2911 das

1321 2861 1444 2921 Arthur
1482 2861 1680 2921 Schnitzler,
1729 2861 1889 2921 offenbar
1949 2858 2190 2918 meditierend,

3215 2897 3304 2957 An1

2232 2903 2325 2963 Bild,
2348 2906 2404 2966 das
2432 2905 2503 2965 hier
2532 2904 2592 2964 aus
2621 2905 2776 2965 vielerlei
2799 2903 2937 2963 jeltener
2966 2903 3087 2963 Eigen¬

1319 2909 1366 2969 die
1392 2912 1508 2972 Augen
1540 2909 1802 2969 gleichermaßen
1840 2909 1866 2969 in
1903 2908 1950 2968 die
1982 2907 2087 2967 Weite
2119 2906 2155 2966 un

3132 2949 3216 3009 ohne
3239 2947 3312 3007 Sock

2231 2951 2284 3011 art
2305 2953 2506 3013 wunderbar
2533 2953 2855 3013 zusammengebaut
2877 2951 3014 3011 scheint:
3035 2949 3082 3009 die

1325 2959 1351 3019 in
1384 2959 1431 3019 sich
1464 2956 1650 3016 gewendet.
1672 2956 1736 3016 Die
1764 2956 1859 3016 Züge
1886 2956 1988 3016 dieses
2020 2956 2180 3016 geliebten

3134 2998 3309 3058 Würdebet

2227 3003 2331 3063 letzten
2371 3003 2470 3063 Villen
2504 3001 2576 3061 noch
2610 3003 2671 3063 mit
2699 3001 2815 3061 kleinen
2855 3000 3093 3060 Hausgärten,

1321 3007 1486 3067 Gesichtes
1522 3007 1584 3067 sind
1616 3007 1677 3067 von
1735 3007 1859 3067 großer
1890 3007 1952 3067 und
2010 3007 2185 3067 herrlicher

3133 3047 3260 3107 gestelit

2234 3055 2361 3115 sorgsam
2445 3052 2644 3112 vorsichtige
2695 3052 2828 3112 Flnger
2879 3050 2933 3110 der
2985 3049 3084 3109 merk¬

1321 3057 1427 3117 Treue
1459 3056 1555 3116 gegen
1592 3055 1647 3115 den
1689 3057 1817 3117 Toten,
1843 3055 1893 3115 die
1930 3053 2047 3113 Hände
2084 3053 2180 3113 ruhen

3130 3097 3237 3157 Kopf,
3250 3094 3297 3154 mi

2232 3100 2426 3160 würdigsten
2459 3100 2570 3160 Stadt
2598 3100 2653 3160 der
2681 3100 2775 3160 Welt
2804 3100 3014 3160 vorgreisend
3053 3095 3080 3155 in

1319 3109 1379 3169 auf
1405 3106 1456 3166 den
1492 3106 1614 3166 Knien,
1660 3106 1711 3166 als
1742 3106 1884 3166 spannte
1915 3103 2099 3163 Schnitzler
2125 3102 2180 3162 von

3130 3144 3288 3204 charakter

2230 3147 2441 3207 Rebenhügel
2470 3148 2536 3208 und
2571 3149 2743 3209 schütteren
2805 3147 2922 3207 Wald,
2968 3147 3078 3207 Klang

1324 3155 1379 3215 der
1410 3156 1607 3216 Gestaltung
1643 3154 1749 3214 seiner
1780 3153 1902 3213 Bilber
1933 3153 1993 3213 aus
2034 3150 2099 3210 und
2130 3149 2180 3209 als

3131 3195 3182 3255 sich
3233 3189 3290 3249 und

2226 3198 2313 3258 einer
2341 3198 2557 3258 sonderbaren
2596 3198 2721 3258 Musik,
2743 3196 2791 3256 die
2819 3195 2938 3255 tönend
2971 3195 3090 3255 bleibt,

1328 3207 1495 3267 sammelte
1520 3204 1550 3264 er
1575 3204 1673 3264 Kraft
1693 3202 1756 3262 und
1782 3202 1954 3262 Gedanken
1984 3201 2038 3261 zum
2083 3199 2176 3259 neuen

3132 3241 3293 3301 Sommer

2226 3244 2297 3304 auch
2330 3246 2422 3306 wenn
2461 3246 2509 3306 die
2543 3246 2700 3306 Schenken
2739 3246 2891 3306 schließen
2935 3246 2995 3306 und
3033 3246 3082 3306 die

1330 3256 1448 3316 Werk.

3130 3291 3310 3351 wegzweig

2230 3294 2349 3354 Geigen
2389 3297 2515 3357 schlafen
2556 3297 2727 3357 gegangen
2761 3294 2846 3354 sind.

2311 3344 2372 3404 Ein
2422 3347 2595 3407 Denkmal
2639 3347 2669 3407 in
2726 3344 2787 3404 der
2837 3341 3071 3401 landläufigen
3128 3341 3183 3401 sich
3208 3338 3257 3398 die

1385 3353 1447 3413 Ein
1487 3352 1585 3412 gutes
1608 3350 1792 3410 Denkmal,
1804 3348 1860 3408 das
1884 3349 1992 3409 heißt:
2022 3350 2061 3410 ein
2091 3347 2182 3407 gutes
