3392 4352
1484 356 1612 416 box
1689 354 1923 414 43/26

190 383 312 443 12.
371 376 971 436 Schnitzler's
1040 366 1267 426 Death

1212 1325 1274 1385 a

470 1334 1104 1394 OBSERVE

559 1398 585 1458 I.
599 1398 723 1458 österr.
732 1395 878 1455 behördl.
892 1392 1192 1452 konzessioniertes

514 1440 752 1500 Unternehmen
780 1434 826 1494 für
855 1431 1242 1491 Zeitungs-Ausschnitte

565 1498 719 1558 WIEN,
748 1498 796 1558 I.,
818 1495 1107 1555 WOLLZEILE
1149 1492 1191 1552 11

662 1549 882 1609 TELEPHON
916 1544 1092 1604 R-23-0-43

473 1697 702 1757 Ausschnitt
721 1697 784 1757 aus
804 1692 950 1752 Stunde,
960 1680 1042 1740 Mien

837 1840 855 1900 2
885 1845 931 1905 5.
951 1840 1083 1900 OKT.
1104 1829 1197 1889 1931

335 1998 521 2058 Der
610 2001 1312 2061 literarische
1403 1998 1865 2058 Nachlaß

545 2112 881 2172 Artur
976 2118 1663 2178 Schnitzlers

287 2174 301 2234 *
337 2181 396 2241 Wir
423 2190 559 2250 konnten
594 2192 710 2252 bereits
746 2190 805 2250 vor
841 2191 957 2251 einigen
998 2192 1098 2252 Tagen

1168 2193 1287 2253 lassen.
1314 2192 1349 2252 Er
1381 2193 1482 2253 wollte
1514 2192 1558 2252 ihm
1603 2192 1709 2252 immer
1741 2192 1851 2252 wieder
1887 2189 1949 2249 eine

249 2231 422 2291 berichten,
446 2234 496 2294 daß
530 2234 586 2294 sich
619 2236 642 2296 im
685 2234 820 2294 Nachlaß
853 2237 941 2297 Artur
965 2237 1091 2297 Schnitz

1170 2236 1247 2296 neue
1275 2237 1410 2297 Fassung
1461 2234 1579 2294 geben.
1616 2236 1679 2296 Das
1706 2234 1792 2294 Stück
1847 2234 1951 2294 bringt

246 2273 308 2333 lers
342 2276 384 2336 ein
418 2276 610 2336 Schauspiel
644 2279 797 2339 befindet,
831 2279 888 2339 das
928 2279 980 2339 den
1028 2279 1109 2339 Titel

1174 2279 1332 2339 Gestalten
1364 2281 1416 2341 auf
1443 2279 1487 2339 die
1510 2279 1633 2339 Bühne,
1669 2279 1695 2339 in
1744 2277 1836 2337 denen
1885 2277 1951 2337 man

245 2318 348 2378 „Zug
378 2321 451 2381 der
482 2321 718 2381 Schatten“
748 2323 851 2383 führt.
872 2321 979 2381 Dieses
1015 2323 1103 2383 Werk

1170 2324 1297 2384 Figuren
1329 2324 1378 2384 aus
1411 2324 1461 2384 dem
1497 2324 1739 2384 Freundeskreis
1767 2323 1953 2383 Schnitzlers

251 2360 304 2420 hat
332 2363 505 2423 Schnitzler
537 2364 723 2424 wiederholt
751 2365 900 2425 geändert
933 2365 986 2425 und
1023 2365 1109 2425 bear¬

1168 2368 1204 2428 zu
1236 2368 1392 2428 erkennen
1429 2367 1552 2427 glaubt.
1575 2365 1630 2425 Der
1658 2365 1785 2425 Dichter
1813 2367 1868 2427 gab
1900 2365 1945 2425 ihm

249 2403 345 2463 beitet
377 2406 434 2466 und
465 2407 496 2467 es
528 2407 571 2467 ist
598 2409 673 2469 auch
705 2408 771 2468 eine
807 2407 939 2467 Fassung
975 2410 1107 2470 vorhan¬

1235 2413 1446 2473 ursprünglich
1477 2410 1532 2470 den
1568 2410 1648 2470 Titel
1669 2409 1749 2469 „Das
1780 2407 1900 2467 Wort“.

251 2447 325 2507 den,
349 2449 395 2509 die
428 2451 493 2511 man
530 2452 614 2512 wohl
638 2454 684 2514 als
713 2452 763 2512 die
801 2452 983 2512 endgültige
1025 2452 1099 2512 nach

1169 2461 1284 2521 Ferner
1313 2461 1453 2521 befindet
1477 2461 1535 2521 sich
1569 2461 1592 2521 in
1622 2461 1674 2521 der
1704 2460 1954 2520 Manuskripten¬

247 2491 299 2551 dem
353 2494 459 2554 Willen
503 2494 556 2554 des
600 2495 746 2555 Dichters
791 2497 967 2557 betrachten
1012 2497 1113 2557 kann.

1168 2506 1341 2566 sammlung
1373 2503 1469 2563 Artur
1492 2503 1679 2563 Schnitzlers
1707 2505 1747 2565 ein
1775 2503 1953 2563 einaktiges

247 2535 349 2595 Neben
405 2535 493 2595 einem
554 2538 811 2598 Tagebuch,
858 2538 913 2598 das
965 2538 1109 2598 autobio¬

1170 2547 1265 2607 Stück
1299 2549 1434 2609 „Haus
1468 2547 1673 2607 Delorm“,
1722 2547 1770 2607 las
1799 2547 1952 2607 ungelähr

249 2580 449 2640 graphisches
483 2580 626 2640 Material
664 2583 785 2643 enthält
823 2582 878 2642 und
921 2581 976 2641 auf
1019 2583 1097 2643 Jahr

1172 2592 1226 2652 aus
1253 2592 1303 2652 der
1331 2589 1613 2649 Entstehungszeit
1637 2589 1686 2649 des
1737 2592 1860 2652 Jrünen
1892 2588 1955 2648 Ka¬

257 2624 356 2684 zehnte
388 2625 587 2685 zurückgeht
619 2626 673 2686 und
714 2626 786 2686 über
818 2625 922 2685 dessen
963 2625 1089 2685 Publika

1176 2632 1446 2692 kadu“ammt.
1483 2632 1594 2692 Dieses
1618 2634 1706 2694 Stück
1772 2634 1864 2694 vurde
1893 2634 1952 2694 nie¬

247 2665 307 2725 tion
359 2670 540 2730 Schnitzler
587 2670 731 2730 spezielle
783 2670 1002 2730 Verfügungen
1053 2668 1109 2728 ge¬

1168 2679 1245 2739 mals
1292 2679 1442 2739 gespielt,
1479 2676 1606 2736 obwohl
1625 2677 1656 2737 es
1698 2676 1752 2736 vor
1799 2679 1953 2739 ungefähr

251 2712 358 2772 troffen
401 2714 470 2774 hat,
504 2712 643 2772 befinden
686 2713 751 2773 sich
793 2713 821 2773 im
872 2712 1008 2772 Nachlaß
1055 2711 1105 2771 des

1174 2721 1205 2781 26
1233 2721 1347 2781 Jahren
1374 2720 1488 2780 bereits
1512 2718 1565 2778 auf
1589 2721 1639 2781 den
1666 2719 1780 2779 Proben
1812 2721 1862 2781 des
1885 2718 1957 2778 Ber¬

251 2754 394 2814 Dichters
423 2756 479 2816 des
512 2755 656 2815 weiteren
699 2756 754 2816 das
787 2756 982 2816 Manuskript
1025 2756 1108 2816 eines

1177 2765 1253 2825 liner
1277 2764 1406 2824 Kleinen
1440 2763 1583 2823 Theaters
1627 2763 1722 2823 Unter
1751 2765 1803 2825 den
1837 2762 1947 2822 Linden

245 2801 544 2861 begonnenen
578 2801 780 2861 Romans.

1176 2807 1255 2867 war,
1298 2807 1405 2867 dessen
1462 2807 1620 2867 Direktion
1677 2807 1793 2867 damals
1845 2807 1956 2867 Viktor

1170 2851 1443 2911 Barnowsky
1477 2849 1597 2909 führte.
1621 2851 1683 2911 Das
1713 2851 1803 2911 Stück
1861 2849 1952 2909 sollte

286 2854 370 2914 Dann
422 2855 468 2915 ein
506 2855 746 2915 Verseinakter,
789 2854 840 2914 der
888 2855 916 2915 im
958 2855 1080 2915 Lands¬

1175 2896 1207 2956 an
1236 2894 1315 2954 einem
1353 2894 1455 2954 Abend
1479 2894 1534 2954 mit
1553 2894 1604 2954 dem
1637 2894 1777 2954 „Grünen
1801 2893 1950 2953 Kakadu“

288 2897 512 2957 knecht-Milieu
551 2900 603 2960 des
637 2900 900 2960 Dreißigjährigen
943 2897 1072 2957 Krieges

1177 2938 1311 2998 gespielt
1335 2935 1470 2995 werden.
1508 2935 1569 2995 Vor
1597 2938 1648 2998 der
1672 2935 1863 2995 Aufführung
1892 2935 1961 2995 ent¬

285 2941 394 3001 spielt,
413 2941 517 3001 ferner
563 2941 608 3001 ein
640 2943 730 3003 Stück
781 2941 840 3001 aus
886 2941 940 3001 dem
986 2941 1072 3001 Peter

1177 2982 1283 3042 schloß
1332 2980 1389 3040 sich
1419 2980 1611 3040 Schnitzler,
1632 2980 1679 3040 das
1709 2980 1820 3040 Stück,
1844 2980 1897 3040 das
1927 2980 1950 3040 im

289 2986 566 3046 Altenberg-Kreis
590 2986 644 3046 des
667 2986 881 3046 vergangenen
914 2985 1018 3045 Wien,
1037 2986 1068 3046 an

1178 3025 1269 3085 Milieu
1318 3022 1405 3082 einer
1430 3022 1695 3082 Theaterlamilie,
1735 3023 1788 3083 der
1827 3023 1957 3083 Familie

285 3028 337 3088 dem
382 3028 430 3088 der
462 3028 590 3088 Dichter
622 3029 674 3089 mit
702 3029 893 3089 besonderer
920 3028 1079 3088 Herzlich¬

1178 3067 1360 3127 Sandrock,
1379 3067 1505 3127 spielte,
1524 3067 1804 3127 zurüclzuziehen.
1842 3067 1884 3127 Er
1908 3067 1958 3127 hat

287 3071 352 3131 keit
375 3073 459 3133 hing.
477 3073 556 3133 Doch
583 3073 698 3133 konnte
725 3073 755 3133 er
778 3073 835 3133 sich
862 3073 986 3133 niemals
1013 3069 1079 3129 ent¬

1174 3112 1209 3172 es
1253 3112 1329 3172 auch
1360 3112 1386 3172 in
1418 3112 1457 3172 all
1485 3110 1537 3170 den
1587 3111 1786 3171 kommenden
1840 3109 1955 3169 Jahren

287 3118 459 3178 schließen,
486 3118 539 3178 das
566 3118 658 3178 Stück
694 3118 747 3178 dem
792 3118 889 3178 Druck
925 3118 955 3178 zu
991 3118 1079 3178 über¬

1177 3156 1265 3216 nicht
1286 3156 1369 3216 mehr
1394 3156 1448 3216 zur
1468 3154 1665 3214 Aufführung
1690 3156 1960 3216 herausgegeben.

283 3163 380 3223 geben
411 3162 464 3222 und
495 3162 526 3222 an
575 3162 623 3222 die
650 3163 773 3223 Bühnen
818 3162 989 3222 versenden
1039 3162 1069 3222 zu

2014 1792 2170 1852 Nunmehr
2187 1792 2279 1852 klagt
2296 1789 2328 1849 er
2355 1787 2398 1847 die
2420 1786 2610 1846 Urgarische
2638 1780 2865 1840 Nationalbank

2014 1835 2069 1895 auf
2091 1834 2335 1894 Schadenersatz
2364 1832 2391 1892 in
2424 1831 2474 1891 der
2519 1828 2596 1888 oben
2647 1825 2862 1885 angegebenen

2020 1879 2096 1939 Höhe
2127 1879 2182 1939 mit
2203 1877 2259 1937 der
2280 1875 2509 1935 Pegründung,

2052 1930 2106 1990 daß
2134 1931 2167 1991 er
2190 1930 2288 1990 wegen
2322 1930 2371 1990 der
2399 1930 2587 1990 einjährigen
2615 1921 2686 1981 Haft
2726 1922 2825 1982 seinen

2052 1974 2276 2034 Banklerberuf
2309 1974 2397 2034 nicht
2425 1971 2561 2031 ausüben
2617 1965 2752 2025 konnte,
2780 1965 2840 2025 wo¬

2055 2019 2145 2079 durch
2179 2019 2222 2079 ihm
2266 2018 2380 2078 großer
2409 2016 2543 2076 Schaden
2577 2010 2754 2070 erwachsen
2783 2009 2845 2069 sel.

2050 2070 2104 2130 Die
2129 2068 2247 2128 gleiche
2277 2068 2375 2128 Klage
2425 2063 2552 2123 richtete
2602 2062 2636 2122 er
2676 2059 2774 2119 gegen
2824 2058 2873 2118 die

2012 2112 2165 2172 Deutsche
2190 2112 2401 2172 Reichsbank.
2420 2109 2444 2169 In
2473 2108 2574 2168 diesem
2613 2106 2693 2166 Falle
2718 2103 2823 2163 erhebt
2848 2104 2876 2164 er

2020 2156 2118 2216 jedoch
2168 2155 2256 2215 einen
2291 2153 2695 2213 Schadenersatzanspruch
2744 2152 2773 2212 in
2823 2147 2877 2207 der

2019 2201 2101 2261 Höhe
2129 2201 2183 2261 von

2250 2243 2330 2303 neun
2358 2243 2510 2303 Millionen
2543 2240 2645 2300 Mark.

2051 2296 2083 2356 In
2116 2295 2279 2355 Budapest
2312 2294 2480 2354 verlautet,
2524 2291 2583 2351 daß
2638 2291 2686 2351 die
2720 2288 2876 2348 Deutsche

2018 2338 2213 2398 Reichsbank
2245 2339 2301 2399 mit
2322 2338 2533 2398 Blumenstein
2559 2335 2595 2395 zu
2621 2335 2703 2395 einem

2189 2394 2507 2454 außergerichtlichen
2546 2390 2710 2450 Ausgleich

2018 2446 2198 2506 gekommen
2249 2445 2304 2505 ist.
2350 2443 2379 2503 In
2415 2443 2606 2503 Bedapester
2636 2440 2872 2500 Finanzkreisen

2017 2491 2125 2551 glaubt
2145 2490 2233 2550 man,
2249 2488 2303 2548 daß
2337 2488 2386 2548 der
2411 2485 2618 2545 Ungarischen
2648 2485 2874 2545 Nationalbank

2017 2534 2090 2594 auch
2125 2532 2189 2592 kein
2224 2531 2352 2591 anderer
2377 2530 2504 2590 Ausweg
2534 2530 2623 2590 übrig
2653 2530 2766 2590 bleiben
2801 2527 2884 2587 wird,

2020 2576 2067 2636 als
2096 2577 2154 2637 sich
2188 2574 2245 2634 mit
2274 2574 2485 2634 Blumenstein
2519 2574 2595 2634 über
2644 2574 2691 2634 die
2744 2571 2878 2631 gütliche

2024 2619 2219 2679 Austragung
2250 2617 2301 2677 des
2333 2619 2497 2679 Konflikts
2523 2619 2559 2679 zu
2590 2619 2729 2679 einigen.
