3392 4320
149 312 274 372 12.

340 311 920 371 Schnitzler's
987 308 1224 368 Death

463 705 1182 765 OBSERVER

547 753 576 813 I.
589 753 705 813 österr.
718 760 868 820 behördl.
877 766 1177 826 konzessioniertes

499 793 737 853 Unternehmen
764 799 816 859 für
842 808 1227 868 Zeitungs-Ausschnitte

549 852 699 912 WIEN,
726 861 772 921 I.,
799 864 1089 924 WOLLZEILE
1136 872 1174 932 11

638 908 861 968 TELEPHON
898 918 1074 978 R-23-0-43

437 1044 659 1104 Ausschnitt
687 1050 784 1110 aus:

762 1146 873 1206 Pester
886 1158 1008 1218 Lloya,
1033 1172 1200 1232 Busapesi

550 1175 644 1235 73.
663 1176 720 1236 0K

438 1266 546 1326 vom:
648 1270 1147 1330 ABENDAUSGABE

382 1364 438 1424 Die
464 1359 657 1419 Beisetzung
689 1351 790 1411 Artur
815 1345 1034 1405 Schnitzters.
1060 1339 1129 1399 Aus
1161 1333 1248 1393 Wien
1280 1325 1424 1385 telegra¬

298 1411 407 1471 phiert
436 1406 531 1466 unser
560 1396 855 1456 Korrespondent:
898 1385 1031 1445 Schon“
1060 1380 1097 1440 um
1146 1375 1178 1435 11
1208 1372 1278 1432 Uhr
1308 1367 1412 1427 hatten

299 1454 357 1514 sich
398 1448 457 1508 vor
489 1446 543 1506 dem
598 1439 824 1499 Trauerhause
860 1431 887 1491 in
924 1428 982 1488 der
1015 1417 1327 1477 Sternwartestraße
1363 1404 1426 1464 un¬

297 1496 416 1556 gefähr
445 1489 501 1549 200
531 1486 582 1546 bis
607 1482 664 1542 300
698 1478 859 1538 Personen
893 1467 1131 1527 eingefunden.
1155 1461 1212 1521 Die
1246 1452 1426 1512 Angehöri¬

302 1543 354 1603 gen
390 1536 447 1596 des
474 1531 557 1591 toten
597 1524 746 1584 Dichters
777 1518 918 1578 begaben
953 1512 1014 1572 sich
1050 1505 1080 1565 in
1112 1502 1160 1562 die
1195 1499 1270 1559 Villa
1305 1494 1331 1554 in
1367 1494 1424 1554 das

302 1579 559 1639 Schlafzimmer
585 1568 610 1628 im
658 1565 786 1625 zweilen
821 1558 936 1618 Stock,
958 1554 1004 1614 wo
1035 1549 1090 1609 der
1117 1546 1172 1606 aus
1202 1542 1300 1602 rohem
1348 1536 1429 1596 Holz

309 1620 513 1680 gezimmerte
546 1612 622 1672 Sarg
655 1605 860 1665 ausgebahrt
889 1597 973 1657 war.
1018 1592 1054 1652 Um
1135 1587 1187 1647 den
1228 1583 1304 1643 Sarg
1340 1579 1424 1639 lagen

305 1664 411 1724 cinige
450 1658 591 1718 Kränze,
617 1650 775 1710 darunter
810 1644 865 1704 vom
921 1634 1139 1694 Burgtbeater
1170 1625 1229 1685 mit
1259 1622 1315 1682 der
1354 1616 1417 1676 Wid

312 1709 408 1769 mung
478 1701 570 1761 „Das
641 1691 860 1751 Burgtheater
930 1679 1035 1739 seinem
1123 1668 1268 1728 großen,
1299 1662 1434 1722 Dichter

313 1746 564 1806 1895—1931“.
590 1736 651 1796 Der
683 1735 757 1795 Sarg
793 1728 863 1788 war
895 1722 973 1782 noch
1009 1718 1097 1778 offen
1132 1712 1193 1772 und
1233 1705 1343 1765 wurde
1374 1700 1440 1760 erst

316 1792 391 1852 kurz
426 1786 479 1846 vor
514 1784 584 1844 halb
620 1780 655 1840 12
690 1775 760 1835 Uhr
787 1767 1016 1827 geschlossen.
1047 1761 1073 1821 In
1113 1753 1165 1813 der
1201 1750 1275 1810 Villa
1311 1746 1429 1806 fanden

312 1836 371 1896 sich
410 1831 487 1891 nach
522 1824 581 1884 und
616 1820 697 1880 nach
732 1816 800 1876 ein:
848 1811 950 1871 Franz
985 1800 1126 1860 Werfel,
1169 1794 1310 1854 Richard
1349 1787 1443 1847 Beer¬

318 1876 508 1936 Hofmann,
531 1866 616 1926 Felix
649 1861 780 1921 Salten,
803 1856 866 1916 Dr.
889 1850 970 1910 Karl
993 1842 1201 1902 Schönherr,
1225 1835 1274 1895 die
1306 1829 1441 1889 Hofräte

317 1920 405 1980 Hugo
441 1915 564 1975 Thimig
600 1906 657 1966 und
693 1901 807 1961 Albert
834 1895 935 1955 Heine
962 1887 1020 1947 vom
1069 1880 1303 1940 Burgtheater,
1326 1871 1449 1931 Hofrat

321 1960 556 2020 Frankfurter,
600 1948 728 2008 Hofrat
754 1944 818 2004 Dr.
844 1936 973 1996 Thenen
1012 1929 1067 1989 von
1102 1923 1157 1983 der
1188 1916 1440 1976 Arztekammer

320 2004 473 2064 Direktor
527 1994 628 2054 Jakob
664 1986 918 2046 Feldhammer,
963 1968 1227 2028 Klawervirtuos
1276 1956 1451 2016 Professor

327 2044 532 2104 Weingarten
562 2034 621 2094 und
652 2028 732 2088 viele
759 2024 895 2084 andere.
917 2018 959 2078 Um
1002 2013 1074 2073 halb
1109 2009 1138 2069 12
1169 2005 1232 2065 Uhr
1258 2000 1369 2060 wurde
1395 1996 1450 2056 der

323 2091 400 2151 Sarg
434 2086 459 2146 in
494 2081 553 2141 das
584 2072 805 2132 Leichenauto
840 2064 895 2124 der
926 2054 1100 2114 Gemeinde
1156 2046 1245 2106 Wien
1301 2040 1446 2100 gehoben

330 2134 389 2194 und
420 2127 470 2187 der
497 2119 680 2179 Trauerzug
711 2109 851 2169 bewegte
877 2104 937 2164 sich
971 2100 1030 2160 nun
1065 2094 1120 2154 zum
1159 2084 1462 2144 Zentralfriedhof,

326 2178 351 2238 In
394 2171 450 2231 der
484 2159 794 2219 Zeremonienhalle
829 2148 945 2208 sprach
988 2137 1202 2197 Oberkantor
1237 2128 1374 2188 Fischer
1405 2123 1456 2183 die

326 2216 475 2276 rituellen
510 2205 642 2265 Gebete.
668 2198 736 2258 Auf
762 2195 817 2255 dem
865 2188 1027 2248 Friedhof
1058 2180 1113 2240 vor
1165 2175 1220 2235 dem
1289 2170 1348 2230 vou
1404 2166 1459 2226 der

333 2253 623 2313 Kultusgemeinde
659 2238 870 2298 gewidmeten
910 2228 1103 2288 Ehrengrab
1139 2219 1244 2279 hatten
1284 2213 1350 2273 sich
1412 2207 1455 2267 ein

339 2299 496 2359 Vertreter
530 2292 587 2352 des
625 2274 1098 2334 Unterrichtsministeriums,
1145 2260 1269 2320 Genera
1290 2253 1464 2313 intendant

339 2340 603 2400 Schneiderhan,
625 2326 812 2386 zahlreiche
847 2315 1025 2375 Mitglieder
1056 2307 1111 2367 des
1141 2299 1380 2359 Burgtieuters
1406 2293 1465 2353 mit

342 2387 398 2447 den
430 2378 622 2438 Direktoren
654 2368 790 2428 Paulsen
826 2362 882 2422 und
918 2354 1107 2414 Hertezich,
1129 2345 1204 2405 viele
1230 2338 1467 2398 Schriftsteller

338 2429 400 2489 und
438 2422 579 2482 sonstige
612 2411 820 2471 prominente
875 2396 1179 2456 Persönlichkeiten
1237 2380 1478 2440 eingefunden.

345 2465 592 2525 Entsprechend
617 2457 673 2517 dem
707 2454 821 2514 letzten
846 2446 984 2506 Wunsch
1008 2440 1065 2500 des
1079 2437 1175 2497 Toten
1213 2429 1347 2489 wurden
1380 2424 1470 2484 keine

343 2512 571 2572 Trauerreden
605 2499 780 2559 gehalten.

339 2861 1047 2921 OBSERVER

425 2923 446 2983 J.
460 2921 580 2981 österr.
594 2921 745 2981 behördl.
758 2918 1057 2978 konzessioniertes

370 2965 608 3025 Unternehmen
638 2960 686 3020 für
712 2960 1105 3020 Zeitungs-Ausschnitte

426 3020 580 3080 WIEN,
607 3023 652 3083 I.,
684 3020 968 3080 WOLLZEILE
1021 3015 1059 3075 11

526 3071 748 3131 TELEPHON
785 3068 966 3128 R-23-0-43

336 3217 551 3277 Ausschnitt
579 3216 666 3276 aus:

662 3250 784 3310 INZER
818 3258 1057 3318 TAGEGEDER

625 3337 832 3397 23.041

777 3372 976 3432 Abeeirg

422 3456 558 3516 Arthur
602 3456 790 3516 Schnitzlers
834 3453 919 3513 letzte
955 3453 1083 3513 Fahrt.
1127 3450 1229 3510 Heute

364 3503 501 3563 mittags
544 3502 622 3562 fand
654 3500 680 3560 in
718 3499 844 3559 Wien
882 3497 907 3557 in
945 3494 1097 3554 schlichter
1130 3492 1229 3552 Weise

368 3547 415 3607 die
453 3544 670 3604 Leichenfeier
713 3540 771 3600 für
809 3539 941 3599 Arthur
979 3536 1233 3596 Schnitzler

366 3589 455 3649 statt.
482 3590 524 3650 Im
572 3587 672 3647 Laufe
705 3584 757 3644 des
784 3584 1001 3644 Vormittags
1028 3581 1144 3641 fanden
1181 3580 1228 3640 sich

367 3632 393 3692 im
441 3632 540 3692 Hause
567 3632 762 3692 Schnitzlers
789 3629 872 3689 Karl
899 3624 1104 3684 Schönherr,
1121 3623 1231 3683 Franz

369 3678 512 3738 Werfel,
537 3674 675 3734 Richard
710 3670 982 3730 Beer=Hofmann
1022 3667 1085 3727 und
1121 3667 1238 3727 andere

373 3721 521 3781 Freunde
546 3718 599 3778 der
625 3717 768 3777 Familie
793 3715 861 3775 ein.
877 3714 1025 3774 Mittags
1050 3712 1163 3772 wurde
1183 3709 1236 3769 der

372 3764 454 3824 Sarg
502 3764 564 3824 auf
601 3763 657 3823 den
704 3760 959 3820 Leichenwagen
1012 3754 1152 3814 gestellt,
1189 3755 1240 3815 ge¬

371 3809 513 3869 schmuckt
553 3806 616 3866 mit
651 3805 705 3865 dem
755 3805 862 3865 Kranz
892 3800 945 3860 des
980 3799 1245 3859 Burgtheaters.

367 3850 413 3910 Es
445 3851 569 3911 folgten
605 3849 652 3909 die
684 3847 885 3907 Mitglieder
912 3847 968 3907 der
1000 3844 1145 3904 Familie
1176 3841 1238 3901 und

372 3897 421 3957 die
451 3896 602 3956 Freunde
637 3891 691 3951 des
726 3891 887 3951 Dichters.
912 3886 976 3946 Der
1011 3886 1162 3946 Kondukt
1187 3882 1240 3942 be¬

371 3942 474 4002 wegte
513 3938 562 3998 sich
602 3938 694 3998 durch
734 3934 783 3994 die
813 3930 1137 3990 Sternwartestraße
1167 3927 1220 3987 zum

377 3982 677 4042 Zentralfriedhof,
704 3981 745 4041 wo
783 3978 835 4038 der
868 3977 956 4037 Sarg
994 3974 1020 4034 in
1057 3972 1109 4032 der
1141 3972 1241 4032 Zere¬

374 4028 595 4088 monienhalle
637 4024 844 4084 aufgebahrt
880 4020 1009 4080 wurde.
1051 4017 1139 4077 Nach
1181 4014 1231 4074 den

374 4071 711 4131 Trauerzeremonien
762 4066 903 4126 erfolgte
949 4062 1029 4122 dann
1085 4059 1131 4119 die
1166 4059 1246 4119 Bei¬

379 4117 494 4177 setzung
520 4115 549 4175 in
580 4112 630 4172 dem
676 4112 735 4172 von
766 4109 821 4169 der
847 4106 1068 4166 israelitischen
1104 4102 1244 4162 Kultus¬

380 4160 546 4220 gemeinde
582 4159 800 4219 gewidmeten
841 4150 1078 4210 Ehrengrabe.

1444 300 1565 360 box
1642 297 1879 357 43/25

1929 807 2636 867 OBSERVER

2012 867 2038 927 I.
2056 867 2173 927 österr.
2190 866 2338 926 behördl.
2356 864 2642 924 konzessioniertes

1986 908 2210 968 Unternehmen
2242 906 2288 966 für
2310 903 2678 963 Zeitungs-Ausschnitte

2034 964 2184 1024 WIEN,
2197 968 2243 1028 I.,
2270 966 2552 1026 WOLLZEILE
2592 963 2637 1023 11

2125 1015 2338 1075 TELEPHON
2370 1013 2547 1073 R-23-0-43

1927 1163 2149 1223 Ausschnitt
2171 1157 2240 1217 aus

2233 1207 2409 1267 SAUMALA
2440 1209 2677 1269 TAAKSEOTK

1929 1383 2033 1443 vom:
2124 1389 2188 1449 73
2237 1390 2366 1450 OKI.

1993 1537 2385 1597 Arthur-Schnitzler
2421 1537 2457 1597 in
2502 1539 2599 1599 aller
2627 1539 2751 1599 Stille

2128 1596 2140 1656 —
2251 1604 2480 1664 begraben.

1998 1664 2111 1724 Wien,
2128 1664 2182 1724 23.
2199 1664 2258 1724 (E.
2275 1667 2335 1727 D.)
2352 1667 2416 1727 Dem
2461 1665 2558 1725 letzten
2592 1665 2706 1725 Willen
2739 1664 2792 1724 des

1936 1709 2083 1769 Dichters
2118 1709 2339 1769 entsprechend
2394 1708 2452 1768 hat
2487 1709 2580 1769 heute
2610 1709 2792 1769 vormittag

1941 1751 1965 1811 in
1996 1754 2071 1814 aller
2097 1754 2192 1814 Stille
2213 1754 2273 1814 das
2293 1753 2485 1813 Begräbnis
2511 1754 2636 1814 Arthur
2657 1753 2797 1813 Schnitz¬

1941 1798 2002 1858 lers
2034 1799 2292 1859 stattgefunden.
2313 1799 2359 1859 In
2396 1797 2447 1857 den
2484 1797 2597 1857 frühen
2639 1796 2799 1856 Morgen¬

1939 1839 2067 1899 stunden
2125 1840 2244 1900 fanden
2281 1840 2332 1900 sich
2385 1841 2560 1901 zahlreiche
2597 1840 2799 1900 Kondolenz¬

1941 1885 2061 1945 besuche
2087 1885 2117 1945 im
2163 1884 2380 1944 Trauerhaus
2416 1885 2482 1945 ein.
2502 1885 2567 1945 Die
2593 1885 2694 1945 Leiche
2730 1882 2795 1942 war

1948 1927 1968 1987 im
2010 1930 2262 1990 Schlafzimmer
2288 1927 2339 1987 des
2371 1930 2520 1990 Dichters
2552 1929 2644 1989 neben
2681 1929 2778 1989 seinem

1941 1972 2016 2032 Bett
2038 1974 2254 2034 aufgebahrt.
2271 1972 2336 2032 Auf
2358 1972 2406 2032 dem
2450 1974 2536 2034 Sarg
2564 1974 2715 2034 befanden
2749 1972 2797 2032 sich

1939 2019 2017 2079 zwei
2042 2019 2185 2079 Kränze,
2200 2017 2258 2077 von
2289 2017 2386 2077 denen
2416 2017 2470 2077 der
2495 2017 2563 2077 eine
2594 2017 2647 2077 vom
2692 2017 2804 2077 Burg¬

1941 2061 2061 2121 theater
2097 2061 2263 2121 stammte.
2304 2058 2348 2118 Um
2399 2059 2469 2119 ½12
2500 2061 2570 2121 Uhr
2601 2059 2711 2119 wurde
2747 2058 2797 2118 der

1944 2105 2028 2165 Sarg
2061 2104 2241 2164 geschlossen
2279 2102 2336 2162 und
2369 2102 2433 2162 auf
2460 2103 2544 2163 einen
2582 2103 2794 2163 Kraftwagen

1948 2148 2101 2208 gehoben.
2128 2148 2191 2208 Der
2224 2148 2414 2208 Trauerzug
2452 2147 2536 2207 nahm
2589 2148 2684 2208 seinen
2722 2148 2795 2208 Weg

1941 2193 1977 2253 am
2026 2193 2247 2253 Burgtheater
2274 2190 2389 2250 vorbei
2411 2193 2463 2253 zum
2506 2191 2806 2251 Zentralfriedhof,

1946 2231 1993 2291 wo
2020 2236 2230 2296 Oberkantor
2257 2232 2378 2292 Fischer
2405 2234 2431 2294 in
2468 2234 2520 2294 der
2547 2234 2636 2294 Halle
2663 2234 2705 2294 ein
2742 2233 2800 2293 Ge¬

1949 2277 1992 2337 bet
2021 2280 2225 2340 verrichtete.
2248 2279 2314 2339 Auf
2337 2279 2386 2339 dem
2431 2278 2592 2338 Friedhof
2620 2279 2708 2339 selbst
2731 2276 2808 2336 hat¬

1944 2322 1992 2382 ten
2031 2325 2079 2385 sich
2117 2323 2290 2383 zahlreiche
2318 2324 2485 2384 Vertreter
2518 2322 2572 2382 der
2599 2321 2809 2381 Regierung,

1944 2366 1998 2426 der
2031 2368 2138 2428 Stadt
2161 2366 2280 2426 Wien,
2318 2366 2377 2426 der
2405 2366 2632 2426 israelitischen
2666 2365 2806 2425 Kultus¬

1954 2414 2133 2474 gemeinde,
2170 2411 2223 2471 der
2250 2411 2455 2471 Concordia,
2498 2411 2603 2471 ferner
2635 2408 2824 2468 zahlreiche,

1952 2455 2195 2515 Schriftsteller,
2218 2455 2545 2515 Theaterdirektoren
2585 2452 2645 2512 und
2679 2452 2807 2512 Schau¬

1954 2500 2061 2560 spieler
2090 2498 2322 2558 eingefunden.
2345 2500 2447 2560 Reden
2482 2499 2617 2559 wurden
2652 2497 2731 2557 keine
2760 2495 2810 2555 #¬

1958 2545 2084 2605 halten.

1949 3026 2664 3086 OBSERVER

2031 3082 2052 3142 I.
2071 3084 2186 3144 österr.
2200 3082 2347 3142 behördl.
2361 3085 2665 3145 konzessioniertes

1988 3124 2221 3184 Unternehmen
2253 3122 2297 3182 für
2324 3127 2707 3187 Zeitungs-Ausschnitte

2040 3181 2189 3241 WIEN,
2210 3185 2263 3245 I.,
2285 3187 2571 3247 WOLLZEILE
2619 3189 2659 3249 11

2135 3234 2347 3294 TELEPHON
2386 3238 2561 3298 R-23-0-43

1932 3376 2152 3436 Ausschnitt
2180 3378 2267 3438 aus:

2318 3407 2394 3467 Der
2412 3412 2556 3472 Abend,

1935 3597 2042 3657 vom:

2398 3676 2485 3736 23.
2505 3674 2629 3734 OKT.
2660 3676 2765 3736 1931

1943 3780 2035 3840 Artur
2067 3779 2236 3839 Schnitzlers
2267 3778 2437 3838 Begräbnis
2464 3775 2561 3835 findet
2587 3775 2670 3835 heute
2696 3775 2799 3835 mittag
2830 3775 2881 3835 auf
2907 3775 2958 3835 dem

1834 3823 2086 3883 Zentralfriedhof
2102 3822 2194 3882 statt.
2210 3819 2256 3879 In
2287 3817 2379 3877 seinen
2411 3814 2498 3874 letzten
2535 3814 2745 3874 Verfügungen
2777 3813 2895 3873 schreibt
2921 3813 2972 3873 der

1840 3862 1947 3922 Dichter
1979 3859 2168 3919 ausdrucklich
2200 3850 2271 3910 vor,
2298 3852 2359 3912 daß
2395 3855 2451 3915 iem
2503 3853 2786 3913 Leichenbegängnis
2838 3850 2863 3910 in
2899 3853 2971 3913 aller

1833 3900 1921 3960 Stille
1945 3900 2113 3960 stattfinden
2151 3894 2240 3954 müsse
2269 3892 2310 3952 als
2343 3892 2512 3952 Begrabnis
2540 3891 2633 3951 tevter
2658 3894 2774 3954 Klasse.
