<?xml version="1.0" encoding="UTF-8" standalone="yes"?>
<PcGts xmlns="http://schema.primaresearch.org/PAGE/gts/pagecontent/2013-07-15" xmlns:xsi="http://www.w3.org/2001/XMLSchema-instance" xsi:schemaLocation="http://schema.primaresearch.org/PAGE/gts/pagecontent/2013-07-15 http://schema.primaresearch.org/PAGE/gts/pagecontent/2013-07-15/pagecontent.xsd">
    <Metadata>
        <Creator>prov=READ-COOP:name=PyLaia@TranskribusPlatform:version=2.12.1:model_id=39995:lm=none:date=09_04_2024_22:51</Creator>
        <Created>2019-10-07T20:39:25.204+02:00</Created>
        <LastChange>2024-04-09T22:51:12.661+02:00</LastChange>
        <TranskribusMetadata docId="224459" pageId="9582712" pageNr="478" tsid="157630609" status="IN_PROGRESS" userId="64420" imgUrl="https://files.transkribus.eu/Get?id=ZXVTNDGOCVAQAVYNPWVOMVUS&amp;fileType=view" xmlUrl="https://files.transkribus.eu/Get?id=GEPGJFBAETSNKSJYIUANDVMU" imageId="6209229"/>
    </Metadata>
    <Page imageFilename="224459_0478.jpeg" imageWidth="3344" imageHeight="4384">
        <ReadingOrder>
            <OrderedGroup id="ro_1712938186306" caption="Regions reading order">
                <RegionRefIndexed index="0" regionRef="tr_1"/>
                <RegionRefIndexed index="1" regionRef="tr_2"/>
                <RegionRefIndexed index="2" regionRef="tr_3"/>
            </OrderedGroup>
        </ReadingOrder>
        <TextRegion orientation="0.0" id="tr_1" custom="readingOrder {index:0;}">
            <Coords points="179,1398 179,4233 1033,4233 1033,1398"/>
            <TextLine id="tr_1_tl_1" custom="readingOrder {index:0;}">
                <Coords points="405,1442 444,1451 467,1437 577,1433 630,1449 674,1429 721,1446 797,1428 797,1362 739,1376 697,1358 541,1401 446,1358 405,1374"/>
                <Baseline points="412,1427 437,1425 463,1424 489,1424 515,1424 541,1424 567,1423 593,1421 618,1421 644,1422 670,1423 696,1424 722,1424 748,1424 774,1424 800,1427"/>
                <Word id="tr_1_tl_1_w1" custom="readingOrder {index:0;}">
                    <Coords points="415,1384 415,1444 551,1444 551,1384"/>
                    <TextEquiv>
                        <Unicode>Arthur</Unicode>
                    </TextEquiv>
                </Word>
                <Word id="tr_1_tl_1_w2" custom="readingOrder {index:1;}">
                    <Coords points="579,1383 579,1443 784,1443 784,1383"/>
                    <TextEquiv>
                        <Unicode>Schnitzler.</Unicode>
                    </TextEquiv>
                </Word>
                <TextEquiv>
                    <Unicode>Arthur Schnitzler.</Unicode>
                </TextEquiv>
            </TextLine>
            <TextLine id="tr_1_tl_2" custom="readingOrder {index:1;}">
                <Coords points="231,1529 667,1546 803,1530 803,1465 547,1483 231,1453"/>
                <Baseline points="238,1517 266,1517 294,1517 323,1517 351,1517 380,1517 408,1517 436,1518 465,1520 493,1518 522,1518 550,1520 578,1520 607,1520 635,1520 664,1520 692,1520 720,1520 749,1521 777,1523 806,1523"/>
                <Word id="tr_1_tl_2_w1" custom="readingOrder {index:0;}">
                    <Coords points="233,1477 233,1537 331,1537 331,1477"/>
                    <TextEquiv>
                        <Unicode>Från</Unicode>
                    </TextEquiv>
                </Word>
                <Word id="tr_1_tl_2_w2" custom="readingOrder {index:1;}">
                    <Coords points="369,1477 369,1537 466,1537 466,1477"/>
                    <TextEquiv>
                        <Unicode>Wien</Unicode>
                    </TextEquiv>
                </Word>
                <Word id="tr_1_tl_2_w3" custom="readingOrder {index:2;}">
                    <Coords points="510,1480 510,1540 787,1540 787,1480"/>
                    <TextEquiv>
                        <Unicode>telegraferas:</Unicode>
                    </TextEquiv>
                </Word>
                <TextEquiv>
                    <Unicode>Från Wien telegraferas:</Unicode>
                </TextEquiv>
            </TextLine>
            <TextLine id="tr_1_tl_3" custom="readingOrder {index:2;}">
                <Coords points="234,1584 1023,1579 1023,1522 999,1518 806,1546 364,1522 234,1542"/>
                <Baseline points="241,1570 280,1567 319,1567 358,1567 398,1566 437,1565 476,1567 516,1567 555,1567 594,1567 634,1567 673,1567 712,1567 751,1567 791,1568 830,1570 869,1567 909,1570 948,1568 987,1567 1027,1570"/>
                <Word id="tr_1_tl_3_w1" custom="readingOrder {index:0;}">
                    <Coords points="234,1527 234,1587 376,1587 376,1527"/>
                    <TextEquiv>
                        <Unicode>Arthur</Unicode>
                    </TextEquiv>
                </Word>
                <Word id="tr_1_tl_3_w2" custom="readingOrder {index:1;}">
                    <Coords points="413,1527 413,1587 635,1587 635,1527"/>
                    <TextEquiv>
                        <Unicode>Schnitzler</Unicode>
                    </TextEquiv>
                </Word>
                <Word id="tr_1_tl_3_w3" custom="readingOrder {index:2;}">
                    <Coords points="673,1527 673,1587 773,1587 773,1527"/>
                    <TextEquiv>
                        <Unicode>avled</Unicode>
                    </TextEquiv>
                </Word>
                <Word id="tr_1_tl_3_w4" custom="readingOrder {index:3;}">
                    <Coords points="831,1527 831,1587 899,1587 899,1527"/>
                    <TextEquiv>
                        <Unicode>här</Unicode>
                    </TextEquiv>
                </Word>
                <Word id="tr_1_tl_3_w5" custom="readingOrder {index:4;}">
                    <Coords points="947,1527 947,1587 1005,1587 1005,1527"/>
                    <TextEquiv>
                        <Unicode>vid</Unicode>
                    </TextEquiv>
                </Word>
                <TextEquiv>
                    <Unicode>Arthur Schnitzler avled här vid</Unicode>
                </TextEquiv>
            </TextLine>
            <TextLine id="tr_1_tl_4" custom="readingOrder {index:3;}">
                <Coords points="187,1620 881,1626 881,1598 811,1576 187,1588"/>
                <Baseline points="194,1618 228,1616 262,1615 297,1615 331,1615 366,1615 400,1617 435,1618 469,1618 504,1618 538,1616 572,1615 607,1615 641,1615 676,1615 710,1615 745,1615 779,1615 814,1618 848,1620 883,1618"/>
                <Word id="tr_1_tl_4_w1" custom="readingOrder {index:0;}">
                    <Coords points="186,1575 186,1635 348,1635 348,1575"/>
                    <TextEquiv>
                        <Unicode>sjutiden</Unicode>
                    </TextEquiv>
                </Word>
                <Word id="tr_1_tl_4_w2" custom="readingOrder {index:1;}">
                    <Coords points="412,1577 412,1637 456,1637 456,1577"/>
                    <TextEquiv>
                        <Unicode>på</Unicode>
                    </TextEquiv>
                </Word>
                <Word id="tr_1_tl_4_w3" custom="readingOrder {index:2;}">
                    <Coords points="521,1575 521,1635 870,1635 870,1575"/>
                    <TextEquiv>
                        <Unicode>onsdagsaftonen.</Unicode>
                    </TextEquiv>
                </Word>
                <TextEquiv>
                    <Unicode>sjutiden på onsdagsaftonen.</Unicode>
                </TextEquiv>
            </TextLine>
            <TextLine id="tr_1_tl_5" custom="readingOrder {index:4;}">
                <Coords points="940,1626 954,1624 975,1632 980,1630 991,1638 1004,1636 1011,1643 1018,1638 1032,1637 1030,1581 988,1577 979,1582 974,1577 964,1581 959,1576 952,1579 947,1574 938,1576"/>
                <Baseline points="946,1618 975,1618 1004,1619 1033,1621"/>
                <Word id="tr_1_tl_5_w1" custom="readingOrder {index:0;}">
                    <Coords points="946,1578 946,1638 1002,1638 1002,1578"/>
                    <TextEquiv>
                        <Unicode>Dä</Unicode>
                    </TextEquiv>
                </Word>
                <TextEquiv>
                    <Unicode>Dä</Unicode>
                </TextEquiv>
            </TextLine>
            <TextLine id="tr_1_tl_6" custom="readingOrder {index:5;}">
                <Coords points="184,1679 1009,1673 1007,1637 920,1622 863,1648 183,1615"/>
                <Baseline points="191,1663 232,1663 273,1663 314,1663 355,1663 396,1663 437,1664 478,1666 519,1666 560,1666 601,1666 642,1666 683,1666 724,1666 765,1666 806,1666 847,1666 888,1666 929,1666 970,1666 1012,1663"/>
                <Word id="tr_1_tl_6_w1" custom="readingOrder {index:0;}">
                    <Coords points="183,1623 183,1683 414,1683 414,1623"/>
                    <TextEquiv>
                        <Unicode>författaren</Unicode>
                    </TextEquiv>
                </Word>
                <Word id="tr_1_tl_6_w2" custom="readingOrder {index:1;}">
                    <Coords points="458,1626 458,1686 500,1686 500,1626"/>
                    <TextEquiv>
                        <Unicode>på</Unicode>
                    </TextEquiv>
                </Word>
                <Word id="tr_1_tl_6_w3" custom="readingOrder {index:2;}">
                    <Coords points="542,1626 542,1686 838,1686 838,1626"/>
                    <TextEquiv>
                        <Unicode>eftermiddagen</Unicode>
                    </TextEquiv>
                </Word>
                <Word id="tr_1_tl_6_w4" custom="readingOrder {index:3;}">
                    <Coords points="907,1626 907,1686 1007,1686 1007,1626"/>
                    <TextEquiv>
                        <Unicode>äter-</Unicode>
                    </TextEquiv>
                </Word>
                <TextEquiv>
                    <Unicode>författaren på eftermiddagen äter-</Unicode>
                </TextEquiv>
            </TextLine>
            <TextLine id="tr_1_tl_7" custom="readingOrder {index:6;}">
                <Coords points="193,1722 1018,1728 1018,1672 193,1675"/>
                <Baseline points="200,1714 241,1711 282,1711 323,1711 364,1711 405,1713 446,1714 487,1714 528,1714 569,1714 610,1714 651,1714 692,1714 733,1714 774,1714 815,1714 856,1714 897,1714 938,1714 979,1714 1021,1717"/>
                <Word id="tr_1_tl_7_w1" custom="readingOrder {index:0;}">
                    <Coords points="193,1671 193,1731 306,1731 306,1671"/>
                    <TextEquiv>
                        <Unicode>vände</Unicode>
                    </TextEquiv>
                </Word>
                <Word id="tr_1_tl_7_w2" custom="readingOrder {index:1;}">
                    <Coords points="338,1671 338,1731 420,1731 420,1671"/>
                    <TextEquiv>
                        <Unicode>från</Unicode>
                    </TextEquiv>
                </Word>
                <Word id="tr_1_tl_7_w3" custom="readingOrder {index:2;}">
                    <Coords points="462,1674 462,1734 498,1734 498,1674"/>
                    <TextEquiv>
                        <Unicode>en</Unicode>
                    </TextEquiv>
                </Word>
                <Word id="tr_1_tl_7_w4" custom="readingOrder {index:3;}">
                    <Coords points="540,1674 540,1734 772,1734 772,1674"/>
                    <TextEquiv>
                        <Unicode>promenad,</Unicode>
                    </TextEquiv>
                </Word>
                <Word id="tr_1_tl_7_w5" custom="readingOrder {index:4;}">
                    <Coords points="794,1674 794,1734 1011,1734 1011,1674"/>
                    <TextEquiv>
                        <Unicode>drabbades</Unicode>
                    </TextEquiv>
                </Word>
                <TextEquiv>
                    <Unicode>vände från en promenad, drabbades</Unicode>
                </TextEquiv>
            </TextLine>
            <TextLine id="tr_1_tl_8" custom="readingOrder {index:7;}">
                <Coords points="184,1771 1023,1771 1023,1728 184,1729"/>
                <Baseline points="191,1758 232,1758 274,1761 316,1761 358,1761 400,1763 441,1764 483,1762 525,1761 567,1761 609,1761 650,1762 692,1764 734,1764 776,1764 818,1764 859,1764 901,1764 943,1764 985,1764 1027,1764"/>
                <Word id="tr_1_tl_8_w1" custom="readingOrder {index:0;}">
                    <Coords points="184,1718 184,1778 252,1778 252,1718"/>
                    <TextEquiv>
                        <Unicode>han</Unicode>
                    </TextEquiv>
                </Word>
                <Word id="tr_1_tl_8_w2" custom="readingOrder {index:1;}">
                    <Coords points="289,1721 289,1781 331,1781 331,1721"/>
                    <TextEquiv>
                        <Unicode>av</Unicode>
                    </TextEquiv>
                </Word>
                <Word id="tr_1_tl_8_w3" custom="readingOrder {index:2;}">
                    <Coords points="363,1722 363,1782 578,1782 578,1722"/>
                    <TextEquiv>
                        <Unicode>slaganfall</Unicode>
                    </TextEquiv>
                </Word>
                <Word id="tr_1_tl_8_w4" custom="readingOrder {index:3;}">
                    <Coords points="600,1721 600,1781 657,1781 657,1721"/>
                    <TextEquiv>
                        <Unicode>och</Unicode>
                    </TextEquiv>
                </Word>
                <Word id="tr_1_tl_8_w5" custom="readingOrder {index:4;}">
                    <Coords points="695,1724 695,1784 794,1784 794,1724"/>
                    <TextEquiv>
                        <Unicode>avled</Unicode>
                    </TextEquiv>
                </Word>
                <Word id="tr_1_tl_8_w6" custom="readingOrder {index:5;}">
                    <Coords points="832,1724 832,1784 915,1784 915,1724"/>
                    <TextEquiv>
                        <Unicode>utan</Unicode>
                    </TextEquiv>
                </Word>
                <Word id="tr_1_tl_8_w7" custom="readingOrder {index:6;}">
                    <Coords points="948,1724 948,1784 1005,1784 1005,1724"/>
                    <TextEquiv>
                        <Unicode>att</Unicode>
                    </TextEquiv>
                </Word>
                <TextEquiv>
                    <Unicode>han av slaganfall och avled utan att</Unicode>
                </TextEquiv>
            </TextLine>
            <TextLine id="tr_1_tl_9" custom="readingOrder {index:8;}">
                <Coords points="187,1818 745,1825 758,1787 684,1770 186,1771"/>
                <Baseline points="194,1809 222,1809 250,1809 279,1809 307,1809 335,1809 364,1809 392,1809 420,1809 449,1809 477,1810 505,1812 534,1810 562,1810 590,1812 619,1812 647,1812 675,1812 704,1812 732,1812 761,1812"/>
                <Word id="tr_1_tl_9_w1" custom="readingOrder {index:0;}">
                    <Coords points="181,1769 181,1829 222,1829 222,1769"/>
                    <TextEquiv>
                        <Unicode>ha</Unicode>
                    </TextEquiv>
                </Word>
                <Word id="tr_1_tl_9_w2" custom="readingOrder {index:1;}">
                    <Coords points="264,1769 264,1829 426,1829 426,1769"/>
                    <TextEquiv>
                        <Unicode>återfått</Unicode>
                    </TextEquiv>
                </Word>
                <Word id="tr_1_tl_9_w3" custom="readingOrder {index:2;}">
                    <Coords points="463,1772 463,1832 756,1832 756,1772"/>
                    <TextEquiv>
                        <Unicode>medvetandet.</Unicode>
                    </TextEquiv>
                </Word>
                <TextEquiv>
                    <Unicode>ha återfått medvetandet.</Unicode>
                </TextEquiv>
            </TextLine>
            <TextLine id="tr_1_tl_10" custom="readingOrder {index:9;}">
                <Coords points="827,1820 898,1827 915,1818 921,1824 943,1817 980,1825 1016,1818 1016,1777 1002,1770 984,1785 966,1772 922,1782 899,1770 827,1780"/>
                <Baseline points="833,1815 859,1814 885,1812 912,1812 938,1812 965,1812 991,1812 1018,1812"/>
                <Word id="tr_1_tl_10_w1" custom="readingOrder {index:0;}">
                    <Coords points="827,1772 827,1832 1014,1832 1014,1772"/>
                    <TextEquiv>
                        <Unicode>Schnitz-</Unicode>
                    </TextEquiv>
                </Word>
                <TextEquiv>
                    <Unicode>Schnitz-</Unicode>
                </TextEquiv>
            </TextLine>
            <TextLine id="tr_1_tl_11" custom="readingOrder {index:10;}">
                <Coords points="187,1873 1016,1884 1015,1819 186,1818"/>
                <Baseline points="194,1857 235,1857 276,1857 317,1859 358,1860 400,1860 441,1860 482,1861 523,1863 564,1862 606,1860 647,1860 688,1860 729,1860 770,1860 812,1862 853,1861 894,1860 935,1862 976,1862 1018,1863"/>
                <Word id="tr_1_tl_11_w1" custom="readingOrder {index:0;}">
                    <Coords points="187,1817 187,1877 236,1877 236,1817"/>
                    <TextEquiv>
                        <Unicode>ler</Unicode>
                    </TextEquiv>
                </Word>
                <Word id="tr_1_tl_11_w2" custom="readingOrder {index:1;}">
                    <Coords points="264,1819 264,1879 386,1879 386,1819"/>
                    <TextEquiv>
                        <Unicode>skulle</Unicode>
                    </TextEquiv>
                </Word>
                <Word id="tr_1_tl_11_w3" custom="readingOrder {index:2;}">
                    <Coords points="414,1820 414,1880 424,1880 424,1820"/>
                    <TextEquiv>
                        <Unicode>i</Unicode>
                    </TextEquiv>
                </Word>
                <Word id="tr_1_tl_11_w4" custom="readingOrder {index:3;}">
                    <Coords points="453,1821 453,1881 536,1881 536,1821"/>
                    <TextEquiv>
                        <Unicode>maj</Unicode>
                    </TextEquiv>
                </Word>
                <Word id="tr_1_tl_11_w5" custom="readingOrder {index:4;}">
                    <Coords points="553,1820 553,1880 658,1880 658,1820"/>
                    <TextEquiv>
                        <Unicode>nästa</Unicode>
                    </TextEquiv>
                </Word>
                <Word id="tr_1_tl_11_w6" custom="readingOrder {index:5;}">
                    <Coords points="692,1820 692,1880 730,1880 730,1820"/>
                    <TextEquiv>
                        <Unicode>år</Unicode>
                    </TextEquiv>
                </Word>
                <Word id="tr_1_tl_11_w7" custom="readingOrder {index:6;}">
                    <Coords points="759,1820 759,1880 797,1880 797,1820"/>
                    <TextEquiv>
                        <Unicode>ha</Unicode>
                    </TextEquiv>
                </Word>
                <Word id="tr_1_tl_11_w8" custom="readingOrder {index:7;}">
                    <Coords points="831,1820 831,1880 941,1880 941,1820"/>
                    <TextEquiv>
                        <Unicode>blivit</Unicode>
                    </TextEquiv>
                </Word>
                <Word id="tr_1_tl_11_w9" custom="readingOrder {index:8;}">
                    <Coords points="970,1822 970,1882 1008,1882 1008,1822"/>
                    <TextEquiv>
                        <Unicode>70</Unicode>
                    </TextEquiv>
                </Word>
                <TextEquiv>
                    <Unicode>ler skulle i maj nästa år ha blivit 70</Unicode>
                </TextEquiv>
            </TextLine>
            <TextLine id="tr_1_tl_12" custom="readingOrder {index:11;}">
                <Coords points="178,1916 230,1925 252,1911 272,1930 284,1920 314,1929 332,1918 378,1922 394,1913 444,1926 444,1867 403,1882 362,1866 267,1882 231,1865 177,1863"/>
                <Baseline points="185,1908 211,1908 237,1908 263,1908 289,1908 316,1908 342,1908 368,1908 394,1910 420,1911 447,1911"/>
                <Word id="tr_1_tl_12_w1" custom="readingOrder {index:0;}">
                    <Coords points="177,1868 177,1928 220,1928 220,1868"/>
                    <TextEquiv>
                        <Unicode>år</Unicode>
                    </TextEquiv>
                </Word>
                <Word id="tr_1_tl_12_w2" custom="readingOrder {index:1;}">
                    <Coords points="255,1868 255,1928 447,1928 447,1868"/>
                    <TextEquiv>
                        <Unicode>gammal.</Unicode>
                    </TextEquiv>
                </Word>
                <TextEquiv>
                    <Unicode>år gammal.</Unicode>
                </TextEquiv>
            </TextLine>
            <TextLine id="tr_1_tl_13" custom="readingOrder {index:12;}">
                <Coords points="229,1962 1018,1979 1018,1911 940,1935 229,1916"/>
                <Baseline points="235,1956 274,1956 313,1958 352,1959 392,1958 431,1957 470,1959 510,1959 549,1959 588,1959 628,1959 667,1959 706,1959 745,1958 785,1957 824,1959 863,1959 903,1959 942,1959 981,1959 1021,1959"/>
                <Word id="tr_1_tl_13_w1" custom="readingOrder {index:0;}">
                    <Coords points="230,1918 230,1978 450,1978 450,1918"/>
                    <TextEquiv>
                        <Unicode>Schnitzler</Unicode>
                    </TextEquiv>
                </Word>
                <Word id="tr_1_tl_13_w2" custom="readingOrder {index:1;}">
                    <Coords points="484,1919 484,1979 577,1979 577,1919"/>
                    <TextEquiv>
                        <Unicode>hade</Unicode>
                    </TextEquiv>
                </Word>
                <Word id="tr_1_tl_13_w3" custom="readingOrder {index:2;}">
                    <Coords points="611,1919 611,1979 733,1979 733,1919"/>
                    <TextEquiv>
                        <Unicode>under</Unicode>
                    </TextEquiv>
                </Word>
                <Word id="tr_1_tl_13_w4" custom="readingOrder {index:3;}">
                    <Coords points="767,1917 767,1977 827,1977 827,1917"/>
                    <TextEquiv>
                        <Unicode>den</Unicode>
                    </TextEquiv>
                </Word>
                <Word id="tr_1_tl_13_w5" custom="readingOrder {index:4;}">
                    <Coords points="867,1919 867,1979 1004,1979 1004,1919"/>
                    <TextEquiv>
                        <Unicode>senare</Unicode>
                    </TextEquiv>
                </Word>
                <TextEquiv>
                    <Unicode>Schnitzler hade under den senare</Unicode>
                </TextEquiv>
            </TextLine>
            <TextLine id="tr_1_tl_14" custom="readingOrder {index:13;}">
                <Coords points="181,2032 417,2007 1016,2021 1015,1982 893,1963 654,1982 472,1958 418,1990 180,1967"/>
                <Baseline points="188,2003 229,2006 271,2003 312,2005 354,2006 395,2006 437,2006 478,2006 520,2007 561,2009 603,2008 644,2007 686,2009 727,2009 769,2006 810,2006 852,2006 893,2006 935,2006 976,2008 1018,2012"/>
                <Word id="tr_1_tl_14_w1" custom="readingOrder {index:0;}">
                    <Coords points="181,1965 181,2025 280,2025 280,1965"/>
                    <TextEquiv>
                        <Unicode>tiden</Unicode>
                    </TextEquiv>
                </Word>
                <Word id="tr_1_tl_14_w2" custom="readingOrder {index:1;}">
                    <Coords points="319,1966 319,2026 396,2026 396,1966"/>
                    <TextEquiv>
                        <Unicode>rätt</Unicode>
                    </TextEquiv>
                </Word>
                <Word id="tr_1_tl_14_w3" custom="readingOrder {index:2;}">
                    <Coords points="425,1966 425,2026 502,2026 502,1966"/>
                    <TextEquiv>
                        <Unicode>ofta</Unicode>
                    </TextEquiv>
                </Word>
                <Word id="tr_1_tl_14_w4" custom="readingOrder {index:3;}">
                    <Coords points="542,1967 542,2027 686,2027 686,1967"/>
                    <TextEquiv>
                        <Unicode>uttalat</Unicode>
                    </TextEquiv>
                </Word>
                <Word id="tr_1_tl_14_w5" custom="readingOrder {index:4;}">
                    <Coords points="714,1966 714,2026 813,2026 813,1966"/>
                    <TextEquiv>
                        <Unicode>inför</Unicode>
                    </TextEquiv>
                </Word>
                <Word id="tr_1_tl_14_w6" custom="readingOrder {index:5;}">
                    <Coords points="847,1966 847,2026 1019,2026 1019,1966"/>
                    <TextEquiv>
                        <Unicode>vänner,</Unicode>
                    </TextEquiv>
                </Word>
                <TextEquiv>
                    <Unicode>tiden rätt ofta uttalat inför vänner,</Unicode>
                </TextEquiv>
            </TextLine>
            <TextLine id="tr_1_tl_15" custom="readingOrder {index:14;}">
                <Coords points="178,2066 1020,2065 1020,2018 889,2048 829,2010 178,2032"/>
                <Baseline points="185,2054 226,2054 268,2054 310,2056 352,2057 394,2057 435,2057 477,2057 519,2057 561,2057 603,2057 644,2057 686,2057 728,2057 770,2057 812,2057 853,2060 895,2057 937,2057 979,2057 1021,2060"/>
                <Word id="tr_1_tl_15_w1" custom="readingOrder {index:0;}">
                    <Coords points="179,2014 179,2074 240,2074 240,2014"/>
                    <TextEquiv>
                        <Unicode>att</Unicode>
                    </TextEquiv>
                </Word>
                <Word id="tr_1_tl_15_w2" custom="readingOrder {index:1;}">
                    <Coords points="264,2016 264,2076 359,2076 359,2016"/>
                    <TextEquiv>
                        <Unicode>hans</Unicode>
                    </TextEquiv>
                </Word>
                <Word id="tr_1_tl_15_w3" custom="readingOrder {index:2;}">
                    <Coords points="389,2017 389,2077 512,2077 512,2017"/>
                    <TextEquiv>
                        <Unicode>hjärta</Unicode>
                    </TextEquiv>
                </Word>
                <Word id="tr_1_tl_15_w4" custom="readingOrder {index:3;}">
                    <Coords points="547,2017 547,2077 700,2077 700,2017"/>
                    <TextEquiv>
                        <Unicode>började</Unicode>
                    </TextEquiv>
                </Word>
                <Word id="tr_1_tl_15_w5" custom="readingOrder {index:4;}">
                    <Coords points="729,2017 729,2077 859,2077 859,2017"/>
                    <TextEquiv>
                        <Unicode>svika.</Unicode>
                    </TextEquiv>
                </Word>
                <Word id="tr_1_tl_15_w6" custom="readingOrder {index:5;}">
                    <Coords points="916,2017 916,2077 989,2077 989,2017"/>
                    <TextEquiv>
                        <Unicode>Som</Unicode>
                    </TextEquiv>
                </Word>
                <TextEquiv>
                    <Unicode>att hans hjärta började svika. Som</Unicode>
                </TextEquiv>
            </TextLine>
            <TextLine id="tr_1_tl_16" custom="readingOrder {index:15;}">
                <Coords points="187,2113 1018,2116 1018,2065 187,2063"/>
                <Baseline points="194,2105 235,2102 276,2102 318,2102 359,2104 400,2105 442,2105 483,2105 524,2105 566,2105 607,2105 648,2105 690,2105 731,2105 772,2105 814,2105 855,2105 896,2105 938,2105 979,2105 1021,2108"/>
                <Word id="tr_1_tl_16_w1" custom="readingOrder {index:0;}">
                    <Coords points="188,2062 188,2122 311,2122 311,2062"/>
                    <TextEquiv>
                        <Unicode>läkare</Unicode>
                    </TextEquiv>
                </Word>
                <Word id="tr_1_tl_16_w2" custom="readingOrder {index:1;}">
                    <Coords points="340,2064 340,2124 408,2124 408,2064"/>
                    <TextEquiv>
                        <Unicode>var</Unicode>
                    </TextEquiv>
                </Word>
                <Word id="tr_1_tl_16_w3" custom="readingOrder {index:2;}">
                    <Coords points="437,2065 437,2125 465,2125 465,2065"/>
                    <TextEquiv>
                        <Unicode>ju</Unicode>
                    </TextEquiv>
                </Word>
                <Word id="tr_1_tl_16_w4" custom="readingOrder {index:3;}">
                    <Coords points="499,2065 499,2125 715,2125 715,2065"/>
                    <TextEquiv>
                        <Unicode>Schnitzler</Unicode>
                    </TextEquiv>
                </Word>
                <Word id="tr_1_tl_16_w5" custom="readingOrder {index:4;}">
                    <Coords points="738,2065 738,2125 782,2125 782,2065"/>
                    <TextEquiv>
                        <Unicode>på</Unicode>
                    </TextEquiv>
                </Word>
                <Word id="tr_1_tl_16_w6" custom="readingOrder {index:5;}">
                    <Coords points="811,2065 811,2125 874,2125 874,2065"/>
                    <TextEquiv>
                        <Unicode>det</Unicode>
                    </TextEquiv>
                </Word>
                <Word id="tr_1_tl_16_w7" custom="readingOrder {index:6;}">
                    <Coords points="897,2065 897,2125 1003,2125 1003,2065"/>
                    <TextEquiv>
                        <Unicode>klara</Unicode>
                    </TextEquiv>
                </Word>
                <TextEquiv>
                    <Unicode>läkare var ju Schnitzler på det klara</Unicode>
                </TextEquiv>
            </TextLine>
            <TextLine id="tr_1_tl_17" custom="readingOrder {index:16;}">
                <Coords points="187,2164 1016,2171 1016,2125 975,2114 187,2124"/>
                <Baseline points="194,2153 235,2153 276,2153 317,2153 358,2153 400,2155 441,2156 482,2156 523,2156 564,2156 606,2156 647,2156 688,2156 729,2156 770,2153 812,2153 853,2153 894,2153 935,2155 976,2156 1018,2156"/>
                <Word id="tr_1_tl_17_w1" custom="readingOrder {index:0;}">
                    <Coords points="182,2113 182,2173 257,2173 257,2113"/>
                    <TextEquiv>
                        <Unicode>med</Unicode>
                    </TextEquiv>
                </Word>
                <Word id="tr_1_tl_17_w2" custom="readingOrder {index:1;}">
                    <Coords points="296,2113 296,2173 355,2173 355,2113"/>
                    <TextEquiv>
                        <Unicode>att</Unicode>
                    </TextEquiv>
                </Word>
                <Word id="tr_1_tl_17_w3" custom="readingOrder {index:2;}">
                    <Coords points="383,2116 383,2176 583,2176 583,2116"/>
                    <TextEquiv>
                        <Unicode>krafterna</Unicode>
                    </TextEquiv>
                </Word>
                <Word id="tr_1_tl_17_w4" custom="readingOrder {index:3;}">
                    <Coords points="639,2116 639,2176 791,2176 791,2116"/>
                    <TextEquiv>
                        <Unicode>började</Unicode>
                    </TextEquiv>
                </Word>
                <Word id="tr_1_tl_17_w5" custom="readingOrder {index:4;}">
                    <Coords points="851,2114 851,2174 1013,2174 1013,2114"/>
                    <TextEquiv>
                        <Unicode>avtaga.</Unicode>
                    </TextEquiv>
                </Word>
                <TextEquiv>
                    <Unicode>med att krafterna började avtaga.</Unicode>
                </TextEquiv>
            </TextLine>
            <TextLine id="tr_1_tl_18" custom="readingOrder {index:17;}">
                <Coords points="181,2213 1023,2224 1023,2176 887,2162 181,2157"/>
                <Baseline points="188,2203 232,2200 276,2200 320,2203 364,2203 408,2203 452,2203 497,2203 541,2203 585,2203 629,2203 673,2203 717,2208 762,2207 806,2204 850,2203 894,2203 938,2203 982,2203 1027,2206"/>
                <Word id="tr_1_tl_18_w1" custom="readingOrder {index:0;}">
                    <Coords points="182,2160 182,2220 260,2220 260,2160"/>
                    <TextEquiv>
                        <Unicode>Han</Unicode>
                    </TextEquiv>
                </Word>
                <Word id="tr_1_tl_18_w2" custom="readingOrder {index:1;}">
                    <Coords points="301,2163 301,2223 397,2223 397,2163"/>
                    <TextEquiv>
                        <Unicode>hade</Unicode>
                    </TextEquiv>
                </Word>
                <Word id="tr_1_tl_18_w3" custom="readingOrder {index:2;}">
                    <Coords points="431,2163 431,2223 521,2223 521,2163"/>
                    <TextEquiv>
                        <Unicode>dock</Unicode>
                    </TextEquiv>
                </Word>
                <Word id="tr_1_tl_18_w4" custom="readingOrder {index:3;}">
                    <Coords points="561,2163 561,2223 680,2223 680,2163"/>
                    <TextEquiv>
                        <Unicode>aldrig</Unicode>
                    </TextEquiv>
                </Word>
                <Word id="tr_1_tl_18_w5" custom="readingOrder {index:4;}">
                    <Coords points="715,2166 715,2226 833,2226 833,2166"/>
                    <TextEquiv>
                        <Unicode>yppat</Unicode>
                    </TextEquiv>
                </Word>
                <Word id="tr_1_tl_18_w6" custom="readingOrder {index:5;}">
                    <Coords points="874,2163 874,2223 997,2223 997,2163"/>
                    <TextEquiv>
                        <Unicode>nâgon</Unicode>
                    </TextEquiv>
                </Word>
                <TextEquiv>
                    <Unicode>Han hade dock aldrig yppat nâgon</Unicode>
                </TextEquiv>
            </TextLine>
            <TextLine id="tr_1_tl_19" custom="readingOrder {index:18;}">
                <Coords points="178,2269 1014,2262 1014,2213 968,2210 178,2218"/>
                <Baseline points="185,2251 226,2251 268,2251 309,2251 351,2251 392,2251 434,2253 475,2254 517,2254 558,2254 600,2254 641,2254 683,2254 724,2254 766,2251 807,2251 849,2251 890,2253 932,2254 973,2254 1015,2251"/>
                <Word id="tr_1_tl_19_w1" custom="readingOrder {index:0;}">
                    <Coords points="178,2211 178,2271 334,2271 334,2211"/>
                    <TextEquiv>
                        <Unicode>fruktan</Unicode>
                    </TextEquiv>
                </Word>
                <Word id="tr_1_tl_19_w2" custom="readingOrder {index:1;}">
                    <Coords points="362,2211 362,2271 442,2271 442,2211"/>
                    <TextEquiv>
                        <Unicode>för,</Unicode>
                    </TextEquiv>
                </Word>
                <Word id="tr_1_tl_19_w3" custom="readingOrder {index:2;}">
                    <Coords points="460,2214 460,2274 513,2274 513,2214"/>
                    <TextEquiv>
                        <Unicode>att</Unicode>
                    </TextEquiv>
                </Word>
                <Word id="tr_1_tl_19_w4" custom="readingOrder {index:3;}">
                    <Coords points="536,2214 536,2274 649,2274 649,2214"/>
                    <TextEquiv>
                        <Unicode>döden</Unicode>
                    </TextEquiv>
                </Word>
                <Word id="tr_1_tl_19_w5" custom="readingOrder {index:4;}">
                    <Coords points="682,2212 682,2272 801,2272 801,2212"/>
                    <TextEquiv>
                        <Unicode>skulle</Unicode>
                    </TextEquiv>
                </Word>
                <Word id="tr_1_tl_19_w6" custom="readingOrder {index:5;}">
                    <Coords points="828,2212 828,2272 914,2272 914,2212"/>
                    <TextEquiv>
                        <Unicode>vara</Unicode>
                    </TextEquiv>
                </Word>
                <Word id="tr_1_tl_19_w7" custom="readingOrder {index:6;}">
                    <Coords points="942,2213 942,2273 1011,2273 1011,2213"/>
                    <TextEquiv>
                        <Unicode>nä-</Unicode>
                    </TextEquiv>
                </Word>
                <TextEquiv>
                    <Unicode>fruktan för, att döden skulle vara nä-</Unicode>
                </TextEquiv>
            </TextLine>
            <TextLine id="tr_1_tl_20" custom="readingOrder {index:19;}">
                <Coords points="181,2314 256,2303 320,2325 371,2306 407,2321 429,2310 450,2326 528,2306 563,2312 562,2293 486,2262 442,2274 370,2262 354,2276 298,2258 180,2267"/>
                <Baseline points="188,2302 213,2300 238,2299 263,2299 289,2300 314,2301 339,2302 364,2302 390,2302 415,2302 440,2302 465,2302 491,2302 516,2302 541,2302 567,2305"/>
                <Word id="tr_1_tl_20_w1" custom="readingOrder {index:0;}">
                    <Coords points="181,2261 181,2321 215,2321 215,2261"/>
                    <TextEquiv>
                        <Unicode>ra</Unicode>
                    </TextEquiv>
                </Word>
                <Word id="tr_1_tl_20_w2" custom="readingOrder {index:1;}">
                    <Coords points="255,2262 255,2322 537,2322 537,2262"/>
                    <TextEquiv>
                        <Unicode>förestäende.</Unicode>
                    </TextEquiv>
                </Word>
                <TextEquiv>
                    <Unicode>ra förestäende.</Unicode>
                </TextEquiv>
            </TextLine>
            <TextLine id="tr_1_tl_21" custom="readingOrder {index:20;}">
                <Coords points="609,2322 673,2306 772,2323 919,2306 979,2327 1015,2322 1015,2272 932,2263 807,2280 609,2261"/>
                <Baseline points="615,2305 640,2303 665,2302 690,2302 715,2302 740,2302 766,2302 791,2302 816,2302 841,2302 866,2302 892,2302 917,2302 942,2302 967,2302 992,2303 1018,2305"/>
                <Word id="tr_1_tl_21_w1" custom="readingOrder {index:0;}">
                    <Coords points="609,2262 609,2322 767,2322 767,2262"/>
                    <TextEquiv>
                        <Unicode>Tvärtom</Unicode>
                    </TextEquiv>
                </Word>
                <Word id="tr_1_tl_21_w2" custom="readingOrder {index:1;}">
                    <Coords points="828,2262 828,2322 893,2322 893,2262"/>
                    <TextEquiv>
                        <Unicode>var</Unicode>
                    </TextEquiv>
                </Word>
                <Word id="tr_1_tl_21_w3" custom="readingOrder {index:2;}">
                    <Coords points="931,2262 931,2322 1002,2322 1002,2262"/>
                    <TextEquiv>
                        <Unicode>han</Unicode>
                    </TextEquiv>
                </Word>
                <TextEquiv>
                    <Unicode>Tvärtom var han</Unicode>
                </TextEquiv>
            </TextLine>
            <TextLine id="tr_1_tl_22" custom="readingOrder {index:21;}">
                <Coords points="178,2374 1015,2364 1015,2322 177,2311"/>
                <Baseline points="185,2350 226,2350 268,2350 309,2350 351,2350 393,2350 434,2350 476,2350 518,2350 559,2350 601,2350 643,2350 684,2350 726,2353 768,2350 809,2350 851,2350 893,2350 934,2352 976,2353 1018,2350"/>
                <Word id="tr_1_tl_22_w1" custom="readingOrder {index:0;}">
                    <Coords points="177,2310 177,2370 252,2370 252,2310"/>
                    <TextEquiv>
                        <Unicode>full</Unicode>
                    </TextEquiv>
                </Word>
                <Word id="tr_1_tl_22_w2" custom="readingOrder {index:1;}">
                    <Coords points="275,2310 275,2370 312,2370 312,2310"/>
                    <TextEquiv>
                        <Unicode>av</Unicode>
                    </TextEquiv>
                </Word>
                <Word id="tr_1_tl_22_w3" custom="readingOrder {index:2;}">
                    <Coords points="340,2310 340,2370 475,2370 475,2310"/>
                    <TextEquiv>
                        <Unicode>planer</Unicode>
                    </TextEquiv>
                </Word>
                <Word id="tr_1_tl_22_w4" custom="readingOrder {index:3;}">
                    <Coords points="503,2310 503,2370 562,2370 562,2310"/>
                    <TextEquiv>
                        <Unicode>för</Unicode>
                    </TextEquiv>
                </Word>
                <Word id="tr_1_tl_22_w5" custom="readingOrder {index:4;}">
                    <Coords points="584,2311 584,2371 817,2371 817,2311"/>
                    <TextEquiv>
                        <Unicode>framtiden,</Unicode>
                    </TextEquiv>
                </Word>
                <Word id="tr_1_tl_22_w6" custom="readingOrder {index:5;}">
                    <Coords points="834,2310 834,2370 899,2370 899,2310"/>
                    <TextEquiv>
                        <Unicode>och</Unicode>
                    </TextEquiv>
                </Word>
                <Word id="tr_1_tl_22_w7" custom="readingOrder {index:6;}">
                    <Coords points="932,2312 932,2372 1002,2372 1002,2312"/>
                    <TextEquiv>
                        <Unicode>han</Unicode>
                    </TextEquiv>
                </Word>
                <TextEquiv>
                    <Unicode>full av planer för framtiden, och han</Unicode>
                </TextEquiv>
            </TextLine>
            <TextLine id="tr_1_tl_23" custom="readingOrder {index:22;}">
                <Coords points="178,2411 940,2401 1020,2426 996,2358 178,2375"/>
                <Baseline points="185,2398 226,2398 268,2398 310,2400 352,2401 394,2399 435,2398 477,2398 519,2399 561,2401 603,2401 644,2401 686,2401 728,2401 770,2401 812,2401 853,2401 895,2401 937,2401 979,2401 1021,2404"/>
                <Word id="tr_1_tl_23_w1" custom="readingOrder {index:0;}">
                    <Coords points="179,2358 179,2418 360,2418 360,2358"/>
                    <TextEquiv>
                        <Unicode>arbetade</Unicode>
                    </TextEquiv>
                </Word>
                <Word id="tr_1_tl_23_w2" custom="readingOrder {index:1;}">
                    <Coords points="394,2358 394,2418 498,2418 498,2358"/>
                    <TextEquiv>
                        <Unicode>varje</Unicode>
                    </TextEquiv>
                </Word>
                <Word id="tr_1_tl_23_w3" custom="readingOrder {index:2;}">
                    <Coords points="532,2361 532,2421 598,2421 598,2361"/>
                    <TextEquiv>
                        <Unicode>dag</Unicode>
                    </TextEquiv>
                </Word>
                <Word id="tr_1_tl_23_w4" custom="readingOrder {index:3;}">
                    <Coords points="632,2361 632,2421 714,2421 714,2361"/>
                    <TextEquiv>
                        <Unicode>från</Unicode>
                    </TextEquiv>
                </Word>
                <Word id="tr_1_tl_23_w5" custom="readingOrder {index:4;}">
                    <Coords points="748,2361 748,2421 907,2421 907,2361"/>
                    <TextEquiv>
                        <Unicode>morgon</Unicode>
                    </TextEquiv>
                </Word>
                <Word id="tr_1_tl_23_w6" custom="readingOrder {index:5;}">
                    <Coords points="947,2361 947,2421 1012,2421 1012,2361"/>
                    <TextEquiv>
                        <Unicode>till</Unicode>
                    </TextEquiv>
                </Word>
                <TextEquiv>
                    <Unicode>arbetade varje dag från morgon till</Unicode>
                </TextEquiv>
            </TextLine>
            <TextLine id="tr_1_tl_24" custom="readingOrder {index:23;}">
                <Coords points="181,2464 1016,2462 1016,2419 948,2406 181,2411"/>
                <Baseline points="188,2445 229,2445 271,2448 312,2448 354,2448 395,2448 437,2448 478,2448 520,2449 561,2450 603,2448 644,2448 686,2448 727,2448 769,2448 810,2448 852,2448 893,2448 935,2450 976,2451 1018,2451"/>
                <Word id="tr_1_tl_24_w1" custom="readingOrder {index:0;}">
                    <Coords points="181,2405 181,2465 304,2465 304,2405"/>
                    <TextEquiv>
                        <Unicode>kväll.</Unicode>
                    </TextEquiv>
                </Word>
                <Word id="tr_1_tl_24_w2" custom="readingOrder {index:1;}">
                    <Coords points="366,2408 366,2468 453,2468 453,2408"/>
                    <TextEquiv>
                        <Unicode>Just</Unicode>
                    </TextEquiv>
                </Word>
                <Word id="tr_1_tl_24_w3" custom="readingOrder {index:2;}">
                    <Coords points="490,2408 490,2468 505,2468 505,2408"/>
                    <TextEquiv>
                        <Unicode>i</Unicode>
                    </TextEquiv>
                </Word>
                <Word id="tr_1_tl_24_w4" custom="readingOrder {index:3;}">
                    <Coords points="531,2409 531,2469 633,2469 633,2409"/>
                    <TextEquiv>
                        <Unicode>dessa</Unicode>
                    </TextEquiv>
                </Word>
                <Word id="tr_1_tl_24_w5" custom="readingOrder {index:4;}">
                    <Coords points="675,2408 675,2468 793,2468 793,2408"/>
                    <TextEquiv>
                        <Unicode>dagar</Unicode>
                    </TextEquiv>
                </Word>
                <Word id="tr_1_tl_24_w6" custom="readingOrder {index:5;}">
                    <Coords points="830,2408 830,2468 891,2468 891,2408"/>
                    <TextEquiv>
                        <Unicode>var</Unicode>
                    </TextEquiv>
                </Word>
                <Word id="tr_1_tl_24_w7" custom="readingOrder {index:6;}">
                    <Coords points="928,2410 928,2470 994,2470 994,2410"/>
                    <TextEquiv>
                        <Unicode>han</Unicode>
                    </TextEquiv>
                </Word>
                <TextEquiv>
                    <Unicode>kväll. Just i dessa dagar var han</Unicode>
                </TextEquiv>
            </TextLine>
            <TextLine id="tr_1_tl_25" custom="readingOrder {index:24;}">
                <Coords points="178,2513 1020,2504 1020,2466 925,2451 178,2461"/>
                <Baseline points="185,2496 226,2496 268,2496 310,2496 352,2496 394,2496 435,2496 477,2496 519,2496 561,2496 603,2496 644,2497 686,2499 728,2499 770,2499 812,2499 853,2499 895,2499 937,2497 979,2498 1021,2499"/>
                <Word id="tr_1_tl_25_w1" custom="readingOrder {index:0;}">
                    <Coords points="178,2456 178,2516 194,2516 194,2456"/>
                    <TextEquiv>
                        <Unicode>i</Unicode>
                    </TextEquiv>
                </Word>
                <Word id="tr_1_tl_25_w2" custom="readingOrder {index:1;}">
                    <Coords points="222,2456 222,2516 302,2516 302,2456"/>
                    <TextEquiv>
                        <Unicode>färd</Unicode>
                    </TextEquiv>
                </Word>
                <Word id="tr_1_tl_25_w3" custom="readingOrder {index:2;}">
                    <Coords points="340,2456 340,2516 422,2516 422,2456"/>
                    <TextEquiv>
                        <Unicode>med</Unicode>
                    </TextEquiv>
                </Word>
                <Word id="tr_1_tl_25_w4" custom="readingOrder {index:3;}">
                    <Coords points="460,2456 460,2516 519,2516 519,2456"/>
                    <TextEquiv>
                        <Unicode>att</Unicode>
                    </TextEquiv>
                </Word>
                <Word id="tr_1_tl_25_w5" custom="readingOrder {index:4;}">
                    <Coords points="546,2456 546,2516 698,2516 698,2456"/>
                    <TextEquiv>
                        <Unicode>avsluta</Unicode>
                    </TextEquiv>
                </Word>
                <Word id="tr_1_tl_25_w6" custom="readingOrder {index:5;}">
                    <Coords points="736,2459 736,2519 768,2519 768,2459"/>
                    <TextEquiv>
                        <Unicode>en</Unicode>
                    </TextEquiv>
                </Word>
                <Word id="tr_1_tl_25_w7" custom="readingOrder {index:6;}">
                    <Coords points="812,2458 812,2518 1012,2518 1012,2458"/>
                    <TextEquiv>
                        <Unicode>omarbet-</Unicode>
                    </TextEquiv>
                </Word>
                <TextEquiv>
                    <Unicode>i färd med att avsluta en omarbet-</Unicode>
                </TextEquiv>
            </TextLine>
            <TextLine id="tr_1_tl_26" custom="readingOrder {index:25;}">
                <Coords points="181,2549 1016,2561 1016,2508 980,2503 181,2519"/>
                <Baseline points="188,2547 229,2544 271,2547 312,2547 354,2545 395,2546 437,2547 478,2547 520,2547 561,2547 603,2547 644,2547 686,2547 727,2547 769,2547 810,2550 852,2550 893,2548 935,2547 976,2547 1018,2550"/>
                <Word id="tr_1_tl_26_w1" custom="readingOrder {index:0;}">
                    <Coords points="182,2504 182,2564 263,2564 263,2504"/>
                    <TextEquiv>
                        <Unicode>ning</Unicode>
                    </TextEquiv>
                </Word>
                <Word id="tr_1_tl_26_w2" custom="readingOrder {index:1;}">
                    <Coords points="298,2506 298,2566 338,2566 338,2506"/>
                    <TextEquiv>
                        <Unicode>av</Unicode>
                    </TextEquiv>
                </Word>
                <Word id="tr_1_tl_26_w3" custom="readingOrder {index:2;}">
                    <Coords points="373,2507 373,2567 536,2567 536,2507"/>
                    <TextEquiv>
                        <Unicode>"Verruf</Unicode>
                    </TextEquiv>
                </Word>
                <Word id="tr_1_tl_26_w4" custom="readingOrder {index:3;}">
                    <Coords points="565,2507 565,2567 623,2567 623,2507"/>
                    <TextEquiv>
                        <Unicode>des</Unicode>
                    </TextEquiv>
                </Word>
                <Word id="tr_1_tl_26_w5" custom="readingOrder {index:4;}">
                    <Coords points="653,2507 653,2567 844,2567 844,2507"/>
                    <TextEquiv>
                        <Unicode>Lebens”,</Unicode>
                    </TextEquiv>
                </Word>
                <Word id="tr_1_tl_26_w6" custom="readingOrder {index:5;}">
                    <Coords points="862,2508 862,2568 902,2568 902,2508"/>
                    <TextEquiv>
                        <Unicode>pà</Unicode>
                    </TextEquiv>
                </Word>
                <Word id="tr_1_tl_26_w7" custom="readingOrder {index:6;}">
                    <Coords points="938,2507 938,2567 1012,2567 1012,2507"/>
                    <TextEquiv>
                        <Unicode>vil¬</Unicode>
                    </TextEquiv>
                </Word>
                <TextEquiv>
                    <Unicode>ning av "Verruf des Lebens”, pà vil¬</Unicode>
                </TextEquiv>
            </TextLine>
            <TextLine id="tr_1_tl_27" custom="readingOrder {index:26;}">
                <Coords points="178,2606 1020,2615 1020,2572 926,2552 390,2572 178,2547"/>
                <Baseline points="185,2592 226,2592 268,2595 310,2595 352,2595 394,2595 435,2595 477,2595 519,2596 561,2598 603,2598 644,2597 686,2596 728,2598 770,2598 812,2598 853,2595 895,2598 937,2598 979,2598 1021,2601"/>
                <Word id="tr_1_tl_27_w1" custom="readingOrder {index:0;}">
                    <Coords points="179,2552 179,2612 244,2612 244,2552"/>
                    <TextEquiv>
                        <Unicode>ket</Unicode>
                    </TextEquiv>
                </Word>
                <Word id="tr_1_tl_27_w2" custom="readingOrder {index:1;}">
                    <Coords points="267,2555 267,2615 394,2615 394,2555"/>
                    <TextEquiv>
                        <Unicode>arbete</Unicode>
                    </TextEquiv>
                </Word>
                <Word id="tr_1_tl_27_w3" custom="readingOrder {index:2;}">
                    <Coords points="428,2555 428,2615 495,2615 495,2555"/>
                    <TextEquiv>
                        <Unicode>han</Unicode>
                    </TextEquiv>
                </Word>
                <Word id="tr_1_tl_27_w4" custom="readingOrder {index:3;}">
                    <Coords points="529,2558 529,2618 639,2618 639,2558"/>
                    <TextEquiv>
                        <Unicode>redan</Unicode>
                    </TextEquiv>
                </Word>
                <Word id="tr_1_tl_27_w5" custom="readingOrder {index:4;}">
                    <Coords points="673,2557 673,2617 756,2617 756,2557"/>
                    <TextEquiv>
                        <Unicode>nätt</Unicode>
                    </TextEquiv>
                </Word>
                <Word id="tr_1_tl_27_w6" custom="readingOrder {index:5;}">
                    <Coords points="785,2557 785,2617 845,2617 845,2557"/>
                    <TextEquiv>
                        <Unicode>till</Unicode>
                    </TextEquiv>
                </Word>
                <Word id="tr_1_tl_27_w7" custom="readingOrder {index:6;}">
                    <Coords points="868,2558 868,2618 1000,2618 1000,2558"/>
                    <TextEquiv>
                        <Unicode>mitten</Unicode>
                    </TextEquiv>
                </Word>
                <TextEquiv>
                    <Unicode>ket arbete han redan nätt till mitten</Unicode>
                </TextEquiv>
            </TextLine>
            <TextLine id="tr_1_tl_28" custom="readingOrder {index:27;}">
                <Coords points="175,2657 1016,2674 1004,2613 175,2608"/>
                <Baseline points="182,2645 223,2642 265,2642 307,2642 349,2644 391,2645 432,2645 474,2645 516,2645 558,2645 600,2645 641,2645 683,2645 725,2645 767,2648 809,2645 850,2645 892,2645 934,2645 976,2645 1018,2648"/>
                <Word id="tr_1_tl_28_w1" custom="readingOrder {index:0;}">
                    <Coords points="181,2603 181,2663 226,2663 226,2603"/>
                    <TextEquiv>
                        <Unicode>av</Unicode>
                    </TextEquiv>
                </Word>
                <Word id="tr_1_tl_28_w2" custom="readingOrder {index:1;}">
                    <Coords points="255,2602 255,2662 345,2662 345,2602"/>
                    <TextEquiv>
                        <Unicode>sista</Unicode>
                    </TextEquiv>
                </Word>
                <Word id="tr_1_tl_28_w3" custom="readingOrder {index:2;}">
                    <Coords points="374,2605 374,2665 509,2665 509,2605"/>
                    <TextEquiv>
                        <Unicode>akten,</Unicode>
                    </TextEquiv>
                </Word>
                <Word id="tr_1_tl_28_w4" custom="readingOrder {index:3;}">
                    <Coords points="532,2605 532,2665 571,2665 571,2605"/>
                    <TextEquiv>
                        <Unicode>då</Unicode>
                    </TextEquiv>
                </Word>
                <Word id="tr_1_tl_28_w5" custom="readingOrder {index:4;}">
                    <Coords points="606,2605 606,2665 719,2665 719,2605"/>
                    <TextEquiv>
                        <Unicode>döden</Unicode>
                    </TextEquiv>
                </Word>
                <Word id="tr_1_tl_28_w6" custom="readingOrder {index:5;}">
                    <Coords points="759,2605 759,2665 888,2665 888,2605"/>
                    <TextEquiv>
                        <Unicode>ryckte</Unicode>
                    </TextEquiv>
                </Word>
                <Word id="tr_1_tl_28_w7" custom="readingOrder {index:6;}">
                    <Coords points="918,2605 918,2665 1013,2665 1013,2605"/>
                    <TextEquiv>
                        <Unicode>pen-</Unicode>
                    </TextEquiv>
                </Word>
                <TextEquiv>
                    <Unicode>av sista akten, då döden ryckte pen-</Unicode>
                </TextEquiv>
            </TextLine>
            <TextLine id="tr_1_tl_29" custom="readingOrder {index:28;}">
                <Coords points="175,2702 1012,2715 1012,2672 947,2657 681,2652 630,2684 551,2656 175,2664"/>
                <Baseline points="182,2693 223,2693 265,2690 306,2692 348,2693 390,2693 431,2693 473,2693 515,2693 556,2693 598,2694 640,2695 681,2693 723,2696 765,2696 806,2696 848,2696 890,2696 931,2696 973,2696 1015,2699"/>
                <Word id="tr_1_tl_29_w1" custom="readingOrder {index:0;}">
                    <Coords points="180,2653 180,2713 248,2713 248,2653"/>
                    <TextEquiv>
                        <Unicode>nan</Unicode>
                    </TextEquiv>
                </Word>
                <Word id="tr_1_tl_29_w2" custom="readingOrder {index:1;}">
                    <Coords points="281,2651 281,2711 322,2711 322,2651"/>
                    <TextEquiv>
                        <Unicode>ur</Unicode>
                    </TextEquiv>
                </Word>
                <Word id="tr_1_tl_29_w3" custom="readingOrder {index:2;}">
                    <Coords points="349,2653 349,2713 444,2713 444,2653"/>
                    <TextEquiv>
                        <Unicode>hans</Unicode>
                    </TextEquiv>
                </Word>
                <Word id="tr_1_tl_29_w4" custom="readingOrder {index:3;}">
                    <Coords points="476,2653 476,2713 598,2713 598,2653"/>
                    <TextEquiv>
                        <Unicode>hand.</Unicode>
                    </TextEquiv>
                </Word>
                <Word id="tr_1_tl_29_w5" custom="readingOrder {index:4;}">
                    <Coords points="662,2653 662,2713 714,2713 714,2653"/>
                    <TextEquiv>
                        <Unicode>En</Unicode>
                    </TextEquiv>
                </Word>
                <Word id="tr_1_tl_29_w6" custom="readingOrder {index:5;}">
                    <Coords points="746,2656 746,2716 867,2716 867,2656"/>
                    <TextEquiv>
                        <Unicode>annan</Unicode>
                    </TextEquiv>
                </Word>
                <Word id="tr_1_tl_29_w7" custom="readingOrder {index:6;}">
                    <Coords points="905,2656 905,2716 1015,2716 1015,2656"/>
                    <TextEquiv>
                        <Unicode>plan,</Unicode>
                    </TextEquiv>
                </Word>
                <TextEquiv>
                    <Unicode>nan ur hans hand. En annan plan,</Unicode>
                </TextEquiv>
            </TextLine>
            <TextLine id="tr_1_tl_30" custom="readingOrder {index:29;}">
                <Coords points="181,2755 1016,2756 1016,2712 982,2706 911,2728 742,2699 181,2707"/>
                <Baseline points="188,2744 229,2741 271,2741 312,2741 354,2741 395,2741 437,2743 478,2743 520,2742 561,2743 603,2741 644,2741 686,2741 727,2744 769,2744 810,2744 852,2744 893,2746 935,2745 976,2744 1018,2744"/>
                <Word id="tr_1_tl_30_w1" custom="readingOrder {index:0;}">
                    <Coords points="182,2702 182,2762 247,2762 247,2702"/>
                    <TextEquiv>
                        <Unicode>han</Unicode>
                    </TextEquiv>
                </Word>
                <Word id="tr_1_tl_30_w2" custom="readingOrder {index:1;}">
                    <Coords points="287,2701 287,2761 403,2761 403,2701"/>
                    <TextEquiv>
                        <Unicode>ivrigt</Unicode>
                    </TextEquiv>
                </Word>
                <Word id="tr_1_tl_30_w3" custom="readingOrder {index:2;}">
                    <Coords points="437,2702 437,2762 664,2762 664,2702"/>
                    <TextEquiv>
                        <Unicode>sysselsatte</Unicode>
                    </TextEquiv>
                </Word>
                <Word id="tr_1_tl_30_w4" custom="readingOrder {index:3;}">
                    <Coords points="698,2703 698,2763 747,2763 747,2703"/>
                    <TextEquiv>
                        <Unicode>sig</Unicode>
                    </TextEquiv>
                </Word>
                <Word id="tr_1_tl_30_w5" custom="readingOrder {index:4;}">
                    <Coords points="786,2704 786,2764 891,2764 891,2704"/>
                    <TextEquiv>
                        <Unicode>med,</Unicode>
                    </TextEquiv>
                </Word>
                <Word id="tr_1_tl_30_w6" custom="readingOrder {index:5;}">
                    <Coords points="942,2704 942,2764 1008,2764 1008,2704"/>
                    <TextEquiv>
                        <Unicode>var</Unicode>
                    </TextEquiv>
                </Word>
                <TextEquiv>
                    <Unicode>han ivrigt sysselsatte sig med, var</Unicode>
                </TextEquiv>
            </TextLine>
            <TextLine id="tr_1_tl_31" custom="readingOrder {index:30;}">
                <Coords points="181,2815 1016,2795 1016,2766 945,2744 181,2756"/>
                <Baseline points="188,2789 229,2789 271,2792 312,2792 354,2792 395,2792 437,2792 478,2792 520,2792 561,2792 603,2792 644,2791 686,2789 727,2792 769,2795 810,2792 852,2792 893,2794 935,2793 976,2792 1018,2792"/>
                <Word id="tr_1_tl_31_w1" custom="readingOrder {index:0;}">
                    <Coords points="182,2752 182,2812 508,2812 508,2752"/>
                    <TextEquiv>
                        <Unicode>filmatiseringen</Unicode>
                    </TextEquiv>
                </Word>
                <Word id="tr_1_tl_31_w2" custom="readingOrder {index:1;}">
                    <Coords points="548,2752 548,2812 591,2812 591,2752"/>
                    <TextEquiv>
                        <Unicode>av</Unicode>
                    </TextEquiv>
                </Word>
                <Word id="tr_1_tl_31_w3" custom="readingOrder {index:2;}">
                    <Coords points="631,2749 631,2809 725,2809 725,2749"/>
                    <TextEquiv>
                        <Unicode>"Der</Unicode>
                    </TextEquiv>
                </Word>
                <Word id="tr_1_tl_31_w4" custom="readingOrder {index:3;}">
                    <Coords points="759,2752 759,2812 875,2812 875,2752"/>
                    <TextEquiv>
                        <Unicode>junge</Unicode>
                    </TextEquiv>
                </Word>
                <Word id="tr_1_tl_31_w5" custom="readingOrder {index:4;}">
                    <Coords points="931,2752 931,2812 1013,2812 1013,2752"/>
                    <TextEquiv>
                        <Unicode>Me¬</Unicode>
                    </TextEquiv>
                </Word>
                <TextEquiv>
                    <Unicode>filmatiseringen av "Der junge Me¬</Unicode>
                </TextEquiv>
            </TextLine>
            <TextLine id="tr_1_tl_32" custom="readingOrder {index:31;}">
                <Coords points="178,2849 1023,2855 1007,2792 178,2814"/>
                <Baseline points="185,2840 227,2840 269,2840 311,2840 353,2840 395,2840 437,2840 479,2840 521,2840 563,2840 606,2840 648,2840 690,2841 732,2842 774,2840 816,2843 858,2843 900,2843 942,2843 984,2843 1027,2846"/>
                <Word id="tr_1_tl_32_w1" custom="readingOrder {index:0;}">
                    <Coords points="178,2800 178,2860 362,2860 362,2800"/>
                    <TextEquiv>
                        <Unicode>dardus",</Unicode>
                    </TextEquiv>
                </Word>
                <Word id="tr_1_tl_32_w2" custom="readingOrder {index:1;}">
                    <Coords points="394,2800 394,2860 456,2860 456,2800"/>
                    <TextEquiv>
                        <Unicode>och</Unicode>
                    </TextEquiv>
                </Word>
                <Word id="tr_1_tl_32_w3" custom="readingOrder {index:2;}">
                    <Coords points="505,2800 505,2860 572,2860 572,2800"/>
                    <TextEquiv>
                        <Unicode>han</Unicode>
                    </TextEquiv>
                </Word>
                <Word id="tr_1_tl_32_w4" custom="readingOrder {index:3;}">
                    <Coords points="621,2800 621,2860 715,2860 715,2800"/>
                    <TextEquiv>
                        <Unicode>hade</Unicode>
                    </TextEquiv>
                </Word>
                <Word id="tr_1_tl_32_w5" custom="readingOrder {index:4;}">
                    <Coords points="758,2803 758,2863 894,2863 894,2803"/>
                    <TextEquiv>
                        <Unicode>vunnit</Unicode>
                    </TextEquiv>
                </Word>
                <Word id="tr_1_tl_32_w6" custom="readingOrder {index:5;}">
                    <Coords points="932,2803 932,2863 994,2863 994,2803"/>
                    <TextEquiv>
                        <Unicode>den</Unicode>
                    </TextEquiv>
                </Word>
                <TextEquiv>
                    <Unicode>dardus", och han hade vunnit den</Unicode>
                </TextEquiv>
            </TextLine>
            <TextLine id="tr_1_tl_33" custom="readingOrder {index:32;}">
                <Coords points="178,2900 1020,2904 983,2846 841,2867 395,2841 322,2870 177,2847"/>
                <Baseline points="185,2887 226,2887 268,2887 310,2887 352,2887 394,2887 435,2887 477,2889 519,2890 561,2890 603,2890 644,2890 686,2890 728,2890 770,2890 812,2890 853,2890 895,2890 937,2890 979,2892 1021,2893"/>
                <Word id="tr_1_tl_33_w1" custom="readingOrder {index:0;}">
                    <Coords points="178,2847 178,2907 299,2907 299,2847"/>
                    <TextEquiv>
                        <Unicode>kände</Unicode>
                    </TextEquiv>
                </Word>
                <Word id="tr_1_tl_33_w2" custom="readingOrder {index:1;}">
                    <Coords points="355,2849 355,2909 653,2909 653,2849"/>
                    <TextEquiv>
                        <Unicode>skådespelaren</Unicode>
                    </TextEquiv>
                </Word>
                <Word id="tr_1_tl_33_w3" custom="readingOrder {index:2;}">
                    <Coords points="687,2850 687,2910 824,2910 824,2850"/>
                    <TextEquiv>
                        <Unicode>Joseph</Unicode>
                    </TextEquiv>
                </Word>
                <Word id="tr_1_tl_33_w4" custom="readingOrder {index:3;}">
                    <Coords points="858,2850 858,2910 1007,2910 1007,2850"/>
                    <TextEquiv>
                        <Unicode>Schild-</Unicode>
                    </TextEquiv>
                </Word>
                <TextEquiv>
                    <Unicode>kände skådespelaren Joseph Schild-</Unicode>
                </TextEquiv>
            </TextLine>
            <TextLine id="tr_1_tl_34" custom="readingOrder {index:33;}">
                <Coords points="181,2952 1016,2943 1016,2900 988,2898 638,2895 595,2924 443,2894 181,2903"/>
                <Baseline points="188,2938 229,2935 271,2935 312,2937 354,2938 395,2938 437,2938 478,2938 520,2938 561,2939 603,2941 644,2940 686,2938 727,2938 769,2938 810,2938 852,2938 893,2938 935,2938 976,2938 1018,2941"/>
                <Word id="tr_1_tl_34_w1" custom="readingOrder {index:0;}">
                    <Coords points="182,2895 182,2955 291,2955 291,2895"/>
                    <TextEquiv>
                        <Unicode>kraut</Unicode>
                    </TextEquiv>
                </Word>
                <Word id="tr_1_tl_34_w2" custom="readingOrder {index:1;}">
                    <Coords points="314,2897 314,2957 375,2957 375,2897"/>
                    <TextEquiv>
                        <Unicode>för</Unicode>
                    </TextEquiv>
                </Word>
                <Word id="tr_1_tl_34_w3" custom="readingOrder {index:2;}">
                    <Coords points="398,2898 398,2958 558,2958 558,2898"/>
                    <TextEquiv>
                        <Unicode>planen.</Unicode>
                    </TextEquiv>
                </Word>
                <Word id="tr_1_tl_34_w4" custom="readingOrder {index:3;}">
                    <Coords points="614,2900 614,2960 669,2960 669,2900"/>
                    <TextEquiv>
                        <Unicode>De</Unicode>
                    </TextEquiv>
                </Word>
                <Word id="tr_1_tl_34_w5" custom="readingOrder {index:4;}">
                    <Coords points="698,2898 698,2958 786,2958 786,2898"/>
                    <TextEquiv>
                        <Unicode>båda</Unicode>
                    </TextEquiv>
                </Word>
                <Word id="tr_1_tl_34_w6" custom="readingOrder {index:5;}">
                    <Coords points="814,2898 814,2958 908,2958 908,2898"/>
                    <TextEquiv>
                        <Unicode>hade</Unicode>
                    </TextEquiv>
                </Word>
                <Word id="tr_1_tl_34_w7" custom="readingOrder {index:6;}">
                    <Coords points="931,2898 931,2958 1013,2958 1013,2898"/>
                    <TextEquiv>
                        <Unicode>till-</Unicode>
                    </TextEquiv>
                </Word>
                <TextEquiv>
                    <Unicode>kraut för planen. De båda hade till-</Unicode>
                </TextEquiv>
            </TextLine>
            <TextLine id="tr_1_tl_35" custom="readingOrder {index:34;}">
                <Coords points="178,3006 1014,2999 1014,2958 961,2945 178,2959"/>
                <Baseline points="185,2986 226,2986 268,2986 309,2986 351,2986 392,2986 434,2988 475,2988 517,2986 558,2986 600,2986 641,2986 683,2986 724,2986 766,2986 807,2986 849,2988 890,2989 932,2989 973,2989 1015,2992"/>
                <Word id="tr_1_tl_35_w1" custom="readingOrder {index:0;}">
                    <Coords points="179,2946 179,3006 376,3006 376,2946"/>
                    <TextEquiv>
                        <Unicode>sammans</Unicode>
                    </TextEquiv>
                </Word>
                <Word id="tr_1_tl_35_w2" custom="readingOrder {index:1;}">
                    <Coords points="417,2947 417,3007 557,3007 557,2947"/>
                    <TextEquiv>
                        <Unicode>träffat</Unicode>
                    </TextEquiv>
                </Word>
                <Word id="tr_1_tl_35_w3" custom="readingOrder {index:2;}">
                    <Coords points="598,2946 598,3006 881,3006 881,2946"/>
                    <TextEquiv>
                        <Unicode>förberedelser</Unicode>
                    </TextEquiv>
                </Word>
                <Word id="tr_1_tl_35_w4" custom="readingOrder {index:3;}">
                    <Coords points="944,2949 944,3009 999,3009 999,2949"/>
                    <TextEquiv>
                        <Unicode>för</Unicode>
                    </TextEquiv>
                </Word>
                <TextEquiv>
                    <Unicode>sammans träffat förberedelser för</Unicode>
                </TextEquiv>
            </TextLine>
            <TextLine id="tr_1_tl_36" custom="readingOrder {index:35;}">
                <Coords points="178,3055 1009,3053 1009,3010 972,2999 178,3009"/>
                <Baseline points="185,3034 226,3037 267,3037 309,3035 350,3034 391,3036 433,3037 474,3036 515,3034 557,3035 598,3037 639,3037 681,3037 722,3037 763,3037 805,3037 846,3037 887,3039 929,3038 970,3037 1012,3040"/>
                <Word id="tr_1_tl_36_w1" custom="readingOrder {index:0;}">
                    <Coords points="178,2995 178,3055 420,3055 420,2995"/>
                    <TextEquiv>
                        <Unicode>upptagning</Unicode>
                    </TextEquiv>
                </Word>
                <Word id="tr_1_tl_36_w2" custom="readingOrder {index:1;}">
                    <Coords points="463,2995 463,3055 505,3055 505,2995"/>
                    <TextEquiv>
                        <Unicode>av</Unicode>
                    </TextEquiv>
                </Word>
                <Word id="tr_1_tl_36_w3" custom="readingOrder {index:2;}">
                    <Coords points="542,2997 542,3057 700,3057 700,2997"/>
                    <TextEquiv>
                        <Unicode>filmen,</Unicode>
                    </TextEquiv>
                </Word>
                <Word id="tr_1_tl_36_w4" custom="readingOrder {index:3;}">
                    <Coords points="727,2997 727,3057 806,3057 806,2997"/>
                    <TextEquiv>
                        <Unicode>men</Unicode>
                    </TextEquiv>
                </Word>
                <Word id="tr_1_tl_36_w5" custom="readingOrder {index:4;}">
                    <Coords points="849,2998 849,3058 891,3058 891,2998"/>
                    <TextEquiv>
                        <Unicode>nu</Unicode>
                    </TextEquiv>
                </Word>
                <Word id="tr_1_tl_36_w6" custom="readingOrder {index:5;}">
                    <Coords points="939,2997 939,3057 1007,3057 1007,2997"/>
                    <TextEquiv>
                        <Unicode>har</Unicode>
                    </TextEquiv>
                </Word>
                <TextEquiv>
                    <Unicode>upptagning av filmen, men nu har</Unicode>
                </TextEquiv>
            </TextLine>
            <TextLine id="tr_1_tl_37" custom="readingOrder {index:36;}">
                <Coords points="178,3091 839,3102 925,3090 924,3048 177,3054"/>
                <Baseline points="185,3084 222,3081 259,3081 296,3081 333,3082 370,3084 407,3081 445,3083 482,3084 519,3084 556,3084 593,3084 630,3084 667,3084 705,3084 742,3084 779,3084 816,3084 853,3084 890,3084 928,3084"/>
                <Word id="tr_1_tl_37_w1" custom="readingOrder {index:0;}">
                    <Coords points="182,3041 182,3101 290,3101 290,3041"/>
                    <TextEquiv>
                        <Unicode>alltsà</Unicode>
                    </TextEquiv>
                </Word>
                <Word id="tr_1_tl_37_w2" custom="readingOrder {index:1;}">
                    <Coords points="322,3043 322,3103 430,3103 430,3043"/>
                    <TextEquiv>
                        <Unicode>ocksà</Unicode>
                    </TextEquiv>
                </Word>
                <Word id="tr_1_tl_37_w3" custom="readingOrder {index:2;}">
                    <Coords points="462,3044 462,3104 586,3104 586,3044"/>
                    <TextEquiv>
                        <Unicode>denna</Unicode>
                    </TextEquiv>
                </Word>
                <Word id="tr_1_tl_37_w4" custom="readingOrder {index:3;}">
                    <Coords points="613,3044 613,3104 695,3104 695,3044"/>
                    <TextEquiv>
                        <Unicode>plan</Unicode>
                    </TextEquiv>
                </Word>
                <Word id="tr_1_tl_37_w5" custom="readingOrder {index:4;}">
                    <Coords points="727,3044 727,3104 923,3104 923,3044"/>
                    <TextEquiv>
                        <Unicode>strandat.</Unicode>
                    </TextEquiv>
                </Word>
                <TextEquiv>
                    <Unicode>alltsà ocksà denna plan strandat.</Unicode>
                </TextEquiv>
            </TextLine>
            <TextLine id="tr_1_tl_38" custom="readingOrder {index:37;}">
                <Coords points="229,3138 1015,3148 1015,3106 948,3080 734,3112 229,3089"/>
                <Baseline points="235,3129 274,3132 313,3132 352,3132 391,3132 430,3132 469,3132 509,3132 548,3132 587,3132 626,3132 665,3132 704,3133 743,3135 783,3134 822,3132 861,3135 900,3132 939,3132 978,3134 1018,3132"/>
                <Word id="tr_1_tl_38_w1" custom="readingOrder {index:0;}">
                    <Coords points="230,3092 230,3152 340,3152 340,3092"/>
                    <TextEquiv>
                        <Unicode>Intill</Unicode>
                    </TextEquiv>
                </Word>
                <Word id="tr_1_tl_38_w2" custom="readingOrder {index:1;}">
                    <Coords points="368,3092 368,3152 429,3152 429,3092"/>
                    <TextEquiv>
                        <Unicode>det</Unicode>
                    </TextEquiv>
                </Word>
                <Word id="tr_1_tl_38_w3" custom="readingOrder {index:2;}">
                    <Coords points="457,3092 457,3152 551,3152 551,3092"/>
                    <TextEquiv>
                        <Unicode>sista</Unicode>
                    </TextEquiv>
                </Word>
                <Word id="tr_1_tl_38_w4" custom="readingOrder {index:3;}">
                    <Coords points="591,3092 591,3152 712,3152 712,3092"/>
                    <TextEquiv>
                        <Unicode>deltog</Unicode>
                    </TextEquiv>
                </Word>
                <Word id="tr_1_tl_38_w5" custom="readingOrder {index:4;}">
                    <Coords points="785,3092 785,3152 1007,3152 1007,3092"/>
                    <TextEquiv>
                        <Unicode>Schnitzler</Unicode>
                    </TextEquiv>
                </Word>
                <TextEquiv>
                    <Unicode>Intill det sista deltog Schnitzler</Unicode>
                </TextEquiv>
            </TextLine>
            <TextLine id="tr_1_tl_39" custom="readingOrder {index:38;}">
                <Coords points="178,3188 1007,3189 1007,3148 970,3141 765,3136 718,3164 653,3139 178,3143"/>
                <Baseline points="185,3180 226,3180 267,3180 308,3180 349,3180 391,3180 432,3180 473,3180 514,3180 555,3180 597,3180 638,3180 679,3180 720,3183 761,3183 803,3181 844,3182 885,3181 926,3180 967,3181 1009,3180"/>
                <Word id="tr_1_tl_39_w1" custom="readingOrder {index:0;}">
                    <Coords points="179,3140 179,3200 306,3200 306,3140"/>
                    <TextEquiv>
                        <Unicode>livligt</Unicode>
                    </TextEquiv>
                </Word>
                <Word id="tr_1_tl_39_w2" custom="readingOrder {index:1;}">
                    <Coords points="330,3140 330,3200 341,3200 341,3140"/>
                    <TextEquiv>
                        <Unicode>i</Unicode>
                    </TextEquiv>
                </Word>
                <Word id="tr_1_tl_39_w3" custom="readingOrder {index:2;}">
                    <Coords points="365,3140 365,3200 492,3200 492,3140"/>
                    <TextEquiv>
                        <Unicode>Wiens</Unicode>
                    </TextEquiv>
                </Word>
                <Word id="tr_1_tl_39_w4" custom="readingOrder {index:3;}">
                    <Coords points="516,3140 516,3200 713,3200 713,3140"/>
                    <TextEquiv>
                        <Unicode>teaterliv.</Unicode>
                    </TextEquiv>
                </Word>
                <Word id="tr_1_tl_39_w5" custom="readingOrder {index:4;}">
                    <Coords points="766,3141 766,3201 870,3201 870,3141"/>
                    <TextEquiv>
                        <Unicode>Annu</Unicode>
                    </TextEquiv>
                </Word>
                <Word id="tr_1_tl_39_w6" custom="readingOrder {index:5;}">
                    <Coords points="906,3140 906,3200 1009,3200 1009,3140"/>
                    <TextEquiv>
                        <Unicode>kväl-</Unicode>
                    </TextEquiv>
                </Word>
                <TextEquiv>
                    <Unicode>livligt i Wiens teaterliv. Annu kväl-</Unicode>
                </TextEquiv>
            </TextLine>
            <TextLine id="tr_1_tl_40" custom="readingOrder {index:39;}">
                <Coords points="181,3240 1018,3258 1018,3203 920,3187 181,3193"/>
                <Baseline points="188,3228 229,3228 271,3228 312,3230 354,3231 396,3231 437,3231 479,3231 521,3231 562,3231 604,3231 646,3231 687,3231 729,3231 771,3231 812,3231 854,3231 896,3231 937,3231 979,3233 1021,3234"/>
                <Word id="tr_1_tl_40_w1" custom="readingOrder {index:0;}">
                    <Coords points="181,3188 181,3248 207,3248 207,3188"/>
                    <TextEquiv>
                        <Unicode>In</Unicode>
                    </TextEquiv>
                </Word>
                <Word id="tr_1_tl_40_w2" custom="readingOrder {index:1;}">
                    <Coords points="245,3189 245,3249 350,3249 350,3189"/>
                    <TextEquiv>
                        <Unicode>förut</Unicode>
                    </TextEquiv>
                </Word>
                <Word id="tr_1_tl_40_w3" custom="readingOrder {index:2;}">
                    <Coords points="377,3191 377,3251 471,3251 471,3191"/>
                    <TextEquiv>
                        <Unicode>hade</Unicode>
                    </TextEquiv>
                </Word>
                <Word id="tr_1_tl_40_w4" custom="readingOrder {index:3;}">
                    <Coords points="504,3191 504,3251 572,3251 572,3191"/>
                    <TextEquiv>
                        <Unicode>han</Unicode>
                    </TextEquiv>
                </Word>
                <Word id="tr_1_tl_40_w5" custom="readingOrder {index:4;}">
                    <Coords points="609,3191 609,3251 714,3251 714,3191"/>
                    <TextEquiv>
                        <Unicode>varit</Unicode>
                    </TextEquiv>
                </Word>
                <Word id="tr_1_tl_40_w6" custom="readingOrder {index:5;}">
                    <Coords points="736,3191 736,3251 1000,3251 1000,3191"/>
                    <TextEquiv>
                        <Unicode>tillsammans</Unicode>
                    </TextEquiv>
                </Word>
                <TextEquiv>
                    <Unicode>In förut hade han varit tillsammans</Unicode>
                </TextEquiv>
            </TextLine>
            <TextLine id="tr_1_tl_41" custom="readingOrder {index:40;}">
                <Coords points="181,3291 877,3320 1010,3310 1009,3257 180,3240"/>
                <Baseline points="188,3279 229,3279 270,3279 311,3279 352,3279 394,3281 435,3280 476,3280 517,3282 558,3282 600,3282 641,3282 682,3282 723,3282 764,3282 806,3282 847,3282 888,3282 929,3282 970,3282 1012,3282"/>
                <Word id="tr_1_tl_41_w1" custom="readingOrder {index:0;}">
                    <Coords points="181,3239 181,3299 257,3299 257,3239"/>
                    <TextEquiv>
                        <Unicode>med</Unicode>
                    </TextEquiv>
                </Word>
                <Word id="tr_1_tl_41_w2" custom="readingOrder {index:1;}">
                    <Coords points="293,3239 293,3299 405,3299 405,3239"/>
                    <TextEquiv>
                        <Unicode>några</Unicode>
                    </TextEquiv>
                </Word>
                <Word id="tr_1_tl_41_w3" custom="readingOrder {index:2;}">
                    <Coords points="441,3241 441,3301 588,3301 588,3241"/>
                    <TextEquiv>
                        <Unicode>vännen</Unicode>
                    </TextEquiv>
                </Word>
                <Word id="tr_1_tl_41_w4" custom="readingOrder {index:3;}">
                    <Coords points="624,3242 624,3302 659,3302 659,3242"/>
                    <TextEquiv>
                        <Unicode>på</Unicode>
                    </TextEquiv>
                </Word>
                <Word id="tr_1_tl_41_w5" custom="readingOrder {index:4;}">
                    <Coords points="695,3242 695,3302 735,3302 735,3242"/>
                    <TextEquiv>
                        <Unicode>en</Unicode>
                    </TextEquiv>
                </Word>
                <Word id="tr_1_tl_41_w6" custom="readingOrder {index:5;}">
                    <Coords points="766,3242 766,3302 806,3302 806,3242"/>
                    <TextEquiv>
                        <Unicode>av</Unicode>
                    </TextEquiv>
                </Word>
                <Word id="tr_1_tl_41_w7" custom="readingOrder {index:6;}">
                    <Coords points="842,3242 842,3302 1007,3302 1007,3242"/>
                    <TextEquiv>
                        <Unicode>teatrar-</Unicode>
                    </TextEquiv>
                </Word>
                <TextEquiv>
                    <Unicode>med några vännen på en av teatrar-</Unicode>
                </TextEquiv>
            </TextLine>
            <TextLine id="tr_1_tl_42" custom="readingOrder {index:41;}">
                <Coords points="234,3391 1010,3401 1009,3359 918,3332 643,3362 493,3305 234,3341"/>
                <Baseline points="241,3383 279,3383 318,3383 356,3385 395,3386 433,3386 472,3386 510,3389 549,3386 587,3386 626,3386 665,3387 703,3389 742,3389 780,3389 819,3389 857,3389 896,3389 934,3389 973,3389 1012,3386"/>
                <Word id="tr_1_tl_42_w1" custom="readingOrder {index:0;}">
                    <Coords points="238,3343 238,3403 308,3403 308,3343"/>
                    <TextEquiv>
                        <Unicode>Till</Unicode>
                    </TextEquiv>
                </Word>
                <Word id="tr_1_tl_42_w2" custom="readingOrder {index:1;}">
                    <Coords points="338,3345 338,3405 408,3405 408,3345"/>
                    <TextEquiv>
                        <Unicode>den</Unicode>
                    </TextEquiv>
                </Word>
                <Word id="tr_1_tl_42_w3" custom="readingOrder {index:2;}">
                    <Coords points="453,3346 453,3406 760,3406 760,3346"/>
                    <TextEquiv>
                        <Unicode>världsberömde</Unicode>
                    </TextEquiv>
                </Word>
                <Word id="tr_1_tl_42_w4" custom="readingOrder {index:3;}">
                    <Coords points="826,3349 826,3409 1011,3409 1011,3349"/>
                    <TextEquiv>
                        <Unicode>författa-</Unicode>
                    </TextEquiv>
                </Word>
                <TextEquiv>
                    <Unicode>Till den världsberömde författa-</Unicode>
                </TextEquiv>
            </TextLine>
            <TextLine id="tr_1_tl_43" custom="readingOrder {index:42;}">
                <Coords points="184,3446 1015,3451 990,3396 184,3398"/>
                <Baseline points="191,3434 232,3431 273,3431 315,3433 356,3434 397,3434 439,3434 480,3434 521,3435 563,3437 604,3437 645,3437 687,3437 728,3437 769,3437 811,3437 852,3439 893,3438 935,3437 976,3439 1018,3440"/>
                <Word id="tr_1_tl_43_w1" custom="readingOrder {index:0;}">
                    <Coords points="179,3391 179,3451 263,3451 263,3391"/>
                    <TextEquiv>
                        <Unicode>rens</Unicode>
                    </TextEquiv>
                </Word>
                <Word id="tr_1_tl_43_w2" custom="readingOrder {index:1;}">
                    <Coords points="290,3394 290,3454 513,3454 513,3394"/>
                    <TextEquiv>
                        <Unicode>stundande</Unicode>
                    </TextEquiv>
                </Word>
                <Word id="tr_1_tl_43_w3" custom="readingOrder {index:2;}">
                    <Coords points="546,3397 546,3457 742,3457 742,3397"/>
                    <TextEquiv>
                        <Unicode>70-arsdag</Unicode>
                    </TextEquiv>
                </Word>
                <Word id="tr_1_tl_43_w4" custom="readingOrder {index:3;}">
                    <Coords points="774,3397 774,3457 870,3457 870,3397"/>
                    <TextEquiv>
                        <Unicode>hade</Unicode>
                    </TextEquiv>
                </Word>
                <Word id="tr_1_tl_43_w5" custom="readingOrder {index:4;}">
                    <Coords points="902,3397 902,3457 1002,3457 1002,3397"/>
                    <TextEquiv>
                        <Unicode>stora</Unicode>
                    </TextEquiv>
                </Word>
                <TextEquiv>
                    <Unicode>rens stundande 70-arsdag hade stora</Unicode>
                </TextEquiv>
            </TextLine>
            <TextLine id="tr_1_tl_44" custom="readingOrder {index:43;}">
                <Coords points="181,3493 678,3488 678,3446 619,3460 572,3438 458,3459 354,3440 181,3446"/>
                <Baseline points="188,3485 213,3483 239,3482 265,3484 291,3484 317,3482 343,3483 369,3485 395,3485 421,3485 446,3485 472,3485 498,3485 524,3485 550,3485 576,3485 602,3485 628,3485 654,3486 680,3488"/>
                <Word id="tr_1_tl_44_w1" custom="readingOrder {index:0;}">
                    <Coords points="176,3443 176,3503 420,3503 420,3443"/>
                    <TextEquiv>
                        <Unicode>festligheter</Unicode>
                    </TextEquiv>
                </Word>
                <Word id="tr_1_tl_44_w2" custom="readingOrder {index:1;}">
                    <Coords points="448,3445 448,3505 666,3505 666,3445"/>
                    <TextEquiv>
                        <Unicode>planerats.</Unicode>
                    </TextEquiv>
                </Word>
                <TextEquiv>
                    <Unicode>festligheter planerats.</Unicode>
                </TextEquiv>
            </TextLine>
            <TextLine id="tr_1_tl_45" custom="readingOrder {index:44;}">
                <Coords points="225,3534 1009,3549 995,3482 225,3498"/>
                <Baseline points="232,3532 271,3532 310,3532 349,3532 388,3532 427,3532 466,3532 505,3532 544,3532 583,3532 622,3534 661,3535 700,3534 739,3532 778,3533 817,3535 856,3535 895,3537 934,3536 973,3535 1012,3535"/>
                <Word id="tr_1_tl_45_w1" custom="readingOrder {index:0;}">
                    <Coords points="230,3492 230,3552 404,3552 404,3492"/>
                    <TextEquiv>
                        <Unicode>Rörande</Unicode>
                    </TextEquiv>
                </Word>
                <Word id="tr_1_tl_45_w2" custom="readingOrder {index:1;}">
                    <Coords points="436,3492 436,3552 721,3552 721,3492"/>
                    <TextEquiv>
                        <Unicode>begravningen</Unicode>
                    </TextEquiv>
                </Word>
                <Word id="tr_1_tl_45_w3" custom="readingOrder {index:2;}">
                    <Coords points="754,3492 754,3552 796,3552 796,3492"/>
                    <TextEquiv>
                        <Unicode>ha</Unicode>
                    </TextEquiv>
                </Word>
                <Word id="tr_1_tl_45_w4" custom="readingOrder {index:3;}">
                    <Coords points="828,3495 828,3555 922,3555 922,3495"/>
                    <TextEquiv>
                        <Unicode>ännu</Unicode>
                    </TextEquiv>
                </Word>
                <Word id="tr_1_tl_45_w5" custom="readingOrder {index:4;}">
                    <Coords points="955,3495 955,3555 1007,3555 1007,3495"/>
                    <TextEquiv>
                        <Unicode>ic-</Unicode>
                    </TextEquiv>
                </Word>
                <TextEquiv>
                    <Unicode>Rörande begravningen ha ännu ic-</Unicode>
                </TextEquiv>
            </TextLine>
            <TextLine id="tr_1_tl_46" custom="readingOrder {index:45;}">
                <Coords points="181,3592 1016,3592 1016,3553 947,3539 181,3546"/>
                <Baseline points="188,3583 229,3580 271,3580 312,3582 354,3583 395,3583 437,3581 478,3580 520,3581 561,3583 603,3583 644,3582 686,3580 727,3583 769,3583 810,3583 852,3583 893,3585 935,3584 976,3583 1018,3583"/>
                <Word id="tr_1_tl_46_w1" custom="readingOrder {index:0;}">
                    <Coords points="181,3542 181,3602 220,3602 220,3542"/>
                    <TextEquiv>
                        <Unicode>ke</Unicode>
                    </TextEquiv>
                </Word>
                <Word id="tr_1_tl_46_w2" custom="readingOrder {index:1;}">
                    <Coords points="246,3541 246,3601 367,3601 367,3541"/>
                    <TextEquiv>
                        <Unicode>några</Unicode>
                    </TextEquiv>
                </Word>
                <Word id="tr_1_tl_46_w3" custom="readingOrder {index:2;}">
                    <Coords points="398,3542 398,3602 696,3602 696,3542"/>
                    <TextEquiv>
                        <Unicode>bestämmelser</Unicode>
                    </TextEquiv>
                </Word>
                <Word id="tr_1_tl_46_w4" custom="readingOrder {index:3;}">
                    <Coords points="716,3543 716,3603 893,3603 893,3543"/>
                    <TextEquiv>
                        <Unicode>träffats.</Unicode>
                    </TextEquiv>
                </Word>
                <Word id="tr_1_tl_46_w5" custom="readingOrder {index:4;}">
                    <Coords points="919,3543 919,3603 1009,3603 1009,3543"/>
                    <TextEquiv>
                        <Unicode>Pro-</Unicode>
                    </TextEquiv>
                </Word>
                <TextEquiv>
                    <Unicode>ke några bestämmelser träffats. Pro-</Unicode>
                </TextEquiv>
            </TextLine>
            <TextLine id="tr_1_tl_47" custom="readingOrder {index:46;}">
                <Coords points="181,3641 1016,3635 948,3590 181,3592"/>
                <Baseline points="188,3631 229,3628 271,3628 312,3630 354,3629 395,3630 437,3629 478,3629 520,3631 561,3631 603,3631 644,3631 686,3631 727,3631 769,3631 810,3631 852,3633 893,3632 935,3633 976,3632 1018,3631"/>
                <Word id="tr_1_tl_47_w1" custom="readingOrder {index:0;}">
                    <Coords points="181,3588 181,3648 323,3648 323,3588"/>
                    <TextEquiv>
                        <Unicode>fessorn</Unicode>
                    </TextEquiv>
                </Word>
                <Word id="tr_1_tl_47_w2" custom="readingOrder {index:1;}">
                    <Coords points="361,3589 361,3649 419,3649 419,3589"/>
                    <TextEquiv>
                        <Unicode>vid</Unicode>
                    </TextEquiv>
                </Word>
                <Word id="tr_1_tl_47_w3" custom="readingOrder {index:2;}">
                    <Coords points="457,3591 457,3651 583,3651 583,3591"/>
                    <TextEquiv>
                        <Unicode>Wiens</Unicode>
                    </TextEquiv>
                </Word>
                <Word id="tr_1_tl_47_w4" custom="readingOrder {index:3;}">
                    <Coords points="617,3591 617,3651 812,3651 812,3591"/>
                    <TextEquiv>
                        <Unicode>akademi,</Unicode>
                    </TextEquiv>
                </Word>
                <Word id="tr_1_tl_47_w5" custom="readingOrder {index:4;}">
                    <Coords points="840,3592 840,3652 902,3652 902,3592"/>
                    <TextEquiv>
                        <Unicode>d:r</Unicode>
                    </TextEquiv>
                </Word>
                <Word id="tr_1_tl_47_w6" custom="readingOrder {index:5;}">
                    <Coords points="935,3592 935,3652 1008,3652 1008,3592"/>
                    <TextEquiv>
                        <Unicode>De¬</Unicode>
                    </TextEquiv>
                </Word>
                <TextEquiv>
                    <Unicode>fessorn vid Wiens akademi, d:r De¬</Unicode>
                </TextEquiv>
            </TextLine>
            <TextLine id="tr_1_tl_48" custom="readingOrder {index:47;}">
                <Coords points="178,3691 599,3716 765,3685 817,3717 1014,3716 1014,3653 975,3638 178,3643"/>
                <Baseline points="185,3682 226,3679 268,3679 309,3679 351,3681 392,3682 434,3682 475,3682 517,3682 558,3682 600,3682 641,3682 683,3682 724,3682 766,3682 807,3682 849,3682 890,3682 932,3682 973,3684 1015,3688"/>
                <Word id="tr_1_tl_48_w1" custom="readingOrder {index:0;}">
                    <Coords points="178,3639 178,3699 264,3699 264,3639"/>
                    <TextEquiv>
                        <Unicode>litz,</Unicode>
                    </TextEquiv>
                </Word>
                <Word id="tr_1_tl_48_w2" custom="readingOrder {index:1;}">
                    <Coords points="281,3641 281,3701 454,3701 454,3641"/>
                    <TextEquiv>
                        <Unicode>kommer</Unicode>
                    </TextEquiv>
                </Word>
                <Word id="tr_1_tl_48_w3" custom="readingOrder {index:2;}">
                    <Coords points="476,3642 476,3702 529,3702 529,3642"/>
                    <TextEquiv>
                        <Unicode>att</Unicode>
                    </TextEquiv>
                </Word>
                <Word id="tr_1_tl_48_w4" custom="readingOrder {index:3;}">
                    <Coords points="552,3642 552,3702 638,3702 638,3642"/>
                    <TextEquiv>
                        <Unicode>taga</Unicode>
                    </TextEquiv>
                </Word>
                <Word id="tr_1_tl_48_w5" custom="readingOrder {index:4;}">
                    <Coords points="666,3642 666,3702 703,3702 703,3642"/>
                    <TextEquiv>
                        <Unicode>en</Unicode>
                    </TextEquiv>
                </Word>
                <Word id="tr_1_tl_48_w6" custom="readingOrder {index:5;}">
                    <Coords points="731,3642 731,3702 930,3702 930,3642"/>
                    <TextEquiv>
                        <Unicode>dödsmask</Unicode>
                    </TextEquiv>
                </Word>
                <Word id="tr_1_tl_48_w7" custom="readingOrder {index:6;}">
                    <Coords points="963,3644 963,3704 1001,3704 1001,3644"/>
                    <TextEquiv>
                        <Unicode>av</Unicode>
                    </TextEquiv>
                </Word>
                <TextEquiv>
                    <Unicode>litz, kommer att taga en dödsmask av</Unicode>
                </TextEquiv>
            </TextLine>
            <TextLine id="tr_1_tl_49" custom="readingOrder {index:48;}">
                <Coords points="182,3759 205,3755 223,3765 251,3747 264,3759 308,3754 333,3766 352,3753 418,3753 444,3742 444,3706 359,3702 333,3690 295,3699 181,3686"/>
                <Baseline points="188,3732 213,3730 239,3729 265,3729 291,3729 317,3729 343,3729 369,3729 395,3729 421,3731 447,3735"/>
                <Word id="tr_1_tl_49_w1" custom="readingOrder {index:0;}">
                    <Coords points="185,3689 185,3749 438,3749 438,3689"/>
                    <TextEquiv>
                        <Unicode>författaren.</Unicode>
                    </TextEquiv>
                </Word>
                <TextEquiv>
                    <Unicode>författaren.</Unicode>
                </TextEquiv>
            </TextLine>
            <TextLine id="tr_1_tl_50" custom="readingOrder {index:49;}">
                <Coords points="223,3876 1018,3890 1018,3841 929,3825 223,3828"/>
                <Baseline points="229,3876 268,3873 308,3875 347,3874 387,3873 427,3873 466,3873 506,3873 545,3873 585,3873 625,3873 664,3875 704,3876 743,3875 783,3873 823,3874 862,3876 902,3876 941,3876 981,3878 1021,3879"/>
                <Word id="tr_1_tl_50_w1" custom="readingOrder {index:0;}">
                    <Coords points="223,3834 223,3894 369,3894 369,3834"/>
                    <TextEquiv>
                        <Unicode>Arthur</Unicode>
                    </TextEquiv>
                </Word>
                <Word id="tr_1_tl_50_w2" custom="readingOrder {index:1;}">
                    <Coords points="408,3833 408,3893 630,3893 630,3833"/>
                    <TextEquiv>
                        <Unicode>Schnitzler</Unicode>
                    </TextEquiv>
                </Word>
                <Word id="tr_1_tl_50_w3" custom="readingOrder {index:2;}">
                    <Coords points="669,3835 669,3895 738,3895 738,3835"/>
                    <TextEquiv>
                        <Unicode>var</Unicode>
                    </TextEquiv>
                </Word>
                <Word id="tr_1_tl_50_w4" custom="readingOrder {index:3;}">
                    <Coords points="772,3833 772,3893 858,3893 858,3833"/>
                    <TextEquiv>
                        <Unicode>född</Unicode>
                    </TextEquiv>
                </Word>
                <Word id="tr_1_tl_50_w5" custom="readingOrder {index:4;}">
                    <Coords points="902,3836 902,3896 1010,3896 1010,3836"/>
                    <TextEquiv>
                        <Unicode>1862,</Unicode>
                    </TextEquiv>
                </Word>
                <TextEquiv>
                    <Unicode>Arthur Schnitzler var född 1862,</Unicode>
                </TextEquiv>
            </TextLine>
            <TextLine id="tr_1_tl_51" custom="readingOrder {index:50;}">
                <Coords points="172,3930 1014,3932 1014,3892 911,3883 172,3890"/>
                <Baseline points="179,3924 220,3924 262,3924 304,3924 346,3922 388,3923 429,3924 471,3922 513,3922 555,3924 597,3924 638,3924 680,3924 722,3924 764,3924 806,3924 847,3924 889,3924 931,3926 973,3927 1015,3927"/>
                <Word id="tr_1_tl_51_w1" custom="readingOrder {index:0;}">
                    <Coords points="177,3884 177,3944 240,3944 240,3884"/>
                    <TextEquiv>
                        <Unicode>son</Unicode>
                    </TextEquiv>
                </Word>
                <Word id="tr_1_tl_51_w2" custom="readingOrder {index:1;}">
                    <Coords points="272,3884 272,3944 330,3944 330,3884"/>
                    <TextEquiv>
                        <Unicode>till</Unicode>
                    </TextEquiv>
                </Word>
                <Word id="tr_1_tl_51_w3" custom="readingOrder {index:2;}">
                    <Coords points="357,3882 357,3942 393,3942 393,3882"/>
                    <TextEquiv>
                        <Unicode>en</Unicode>
                    </TextEquiv>
                </Word>
                <Word id="tr_1_tl_51_w4" custom="readingOrder {index:3;}">
                    <Coords points="426,3882 426,3942 578,3942 578,3882"/>
                    <TextEquiv>
                        <Unicode>berömd</Unicode>
                    </TextEquiv>
                </Word>
                <Word id="tr_1_tl_51_w5" custom="readingOrder {index:4;}">
                    <Coords points="611,3884 611,3944 869,3944 869,3884"/>
                    <TextEquiv>
                        <Unicode>Wienläkare.</Unicode>
                    </TextEquiv>
                </Word>
                <Word id="tr_1_tl_51_w6" custom="readingOrder {index:5;}">
                    <Coords points="917,3886 917,3946 996,3946 996,3886"/>
                    <TextEquiv>
                        <Unicode>Han</Unicode>
                    </TextEquiv>
                </Word>
                <TextEquiv>
                    <Unicode>son till en berömd Wienläkare. Han</Unicode>
                </TextEquiv>
            </TextLine>
            <TextLine id="tr_1_tl_52" custom="readingOrder {index:51;}">
                <Coords points="178,3985 1027,3990 1027,3947 989,3930 178,3935"/>
                <Baseline points="185,3971 227,3971 269,3971 311,3971 354,3971 396,3971 438,3969 480,3970 523,3971 565,3971 607,3971 649,3971 692,3971 734,3971 776,3972 818,3974 861,3971 903,3971 945,3971 987,3974 1030,3974"/>
                <Word id="tr_1_tl_52_w1" custom="readingOrder {index:0;}">
                    <Coords points="179,3931 179,3991 235,3991 235,3931"/>
                    <TextEquiv>
                        <Unicode>tog</Unicode>
                    </TextEquiv>
                </Word>
                <Word id="tr_1_tl_52_w2" custom="readingOrder {index:1;}">
                    <Coords points="264,3931 264,3991 450,3991 450,3931"/>
                    <TextEquiv>
                        <Unicode>medicine</Unicode>
                    </TextEquiv>
                </Word>
                <Word id="tr_1_tl_52_w3" custom="readingOrder {index:2;}">
                    <Coords points="479,3931 479,3991 774,3991 774,3931"/>
                    <TextEquiv>
                        <Unicode>doktorsgraden</Unicode>
                    </TextEquiv>
                </Word>
                <Word id="tr_1_tl_52_w4" custom="readingOrder {index:3;}">
                    <Coords points="809,3931 809,3991 916,3991 916,3931"/>
                    <TextEquiv>
                        <Unicode>1885,</Unicode>
                    </TextEquiv>
                </Word>
                <Word id="tr_1_tl_52_w5" custom="readingOrder {index:4;}">
                    <Coords points="934,3932 934,3992 995,3992 995,3932"/>
                    <TextEquiv>
                        <Unicode>och</Unicode>
                    </TextEquiv>
                </Word>
                <TextEquiv>
                    <Unicode>tog medicine doktorsgraden 1885, och</Unicode>
                </TextEquiv>
            </TextLine>
            <TextLine id="tr_1_tl_53" custom="readingOrder {index:52;}">
                <Coords points="178,4032 1014,4032 1004,3984 178,3985"/>
                <Baseline points="185,4016 226,4019 268,4019 309,4019 351,4019 392,4019 434,4017 475,4017 517,4019 558,4019 600,4019 641,4019 683,4019 724,4016 766,4016 807,4019 849,4019 890,4019 932,4019 973,4021 1015,4022"/>
                <Word id="tr_1_tl_53_w1" custom="readingOrder {index:0;}">
                    <Coords points="178,3979 178,4039 409,4039 409,3979"/>
                    <TextEquiv>
                        <Unicode>debuterade</Unicode>
                    </TextEquiv>
                </Word>
                <Word id="tr_1_tl_53_w2" custom="readingOrder {index:1;}">
                    <Coords points="451,3977 451,4037 512,4037 512,3977"/>
                    <TextEquiv>
                        <Unicode>som</Unicode>
                    </TextEquiv>
                </Word>
                <Word id="tr_1_tl_53_w3" custom="readingOrder {index:2;}">
                    <Coords points="570,3977 570,4037 827,4037 827,3977"/>
                    <TextEquiv>
                        <Unicode>skönlitterär</Unicode>
                    </TextEquiv>
                </Word>
                <Word id="tr_1_tl_53_w4" custom="readingOrder {index:3;}">
                    <Coords points="864,3979 864,4039 1002,4039 1002,3979"/>
                    <TextEquiv>
                        <Unicode>förfat-</Unicode>
                    </TextEquiv>
                </Word>
                <TextEquiv>
                    <Unicode>debuterade som skönlitterär förfat-</Unicode>
                </TextEquiv>
            </TextLine>
            <TextLine id="tr_1_tl_54" custom="readingOrder {index:53;}">
                <Coords points="178,4076 1020,4071 1020,4028 562,4021 492,4057 440,4027 178,4032"/>
                <Baseline points="185,4067 226,4067 268,4067 310,4067 352,4067 394,4067 435,4069 477,4070 519,4070 561,4069 603,4068 644,4070 686,4070 728,4070 770,4067 812,4067 853,4070 895,4070 937,4070 979,4070 1021,4070"/>
                <Word id="tr_1_tl_54_w1" custom="readingOrder {index:0;}">
                    <Coords points="178,4027 178,4087 259,4087 259,4027"/>
                    <TextEquiv>
                        <Unicode>tare</Unicode>
                    </TextEquiv>
                </Word>
                <Word id="tr_1_tl_54_w2" custom="readingOrder {index:1;}">
                    <Coords points="286,4027 286,4087 329,4087 329,4027"/>
                    <TextEquiv>
                        <Unicode>år</Unicode>
                    </TextEquiv>
                </Word>
                <Word id="tr_1_tl_54_w3" custom="readingOrder {index:2;}">
                    <Coords points="362,4028 362,4088 470,4088 470,4028"/>
                    <TextEquiv>
                        <Unicode>1893.</Unicode>
                    </TextEquiv>
                </Word>
                <Word id="tr_1_tl_54_w4" custom="readingOrder {index:3;}">
                    <Coords points="541,4028 541,4088 633,4088 633,4028"/>
                    <TextEquiv>
                        <Unicode>Sina</Unicode>
                    </TextEquiv>
                </Word>
                <Word id="tr_1_tl_54_w5" custom="readingOrder {index:4;}">
                    <Coords points="661,4029 661,4089 801,4089 801,4029"/>
                    <TextEquiv>
                        <Unicode>största</Unicode>
                    </TextEquiv>
                </Word>
                <Word id="tr_1_tl_54_w6" custom="readingOrder {index:5;}">
                    <Coords points="834,4030 834,4090 1007,4090 1007,4030"/>
                    <TextEquiv>
                        <Unicode>insatser</Unicode>
                    </TextEquiv>
                </Word>
                <TextEquiv>
                    <Unicode>tare år 1893. Sina största insatser</Unicode>
                </TextEquiv>
            </TextLine>
            <TextLine id="tr_1_tl_55" custom="readingOrder {index:54;}">
                <Coords points="181,4128 881,4127 881,4093 776,4073 685,4093 181,4077"/>
                <Baseline points="188,4121 222,4119 257,4118 292,4118 327,4118 361,4118 396,4118 431,4117 466,4115 500,4115 535,4115 570,4117 605,4118 639,4118 674,4118 709,4118 744,4118 778,4118 813,4118 848,4120 883,4124"/>
                <Word id="tr_1_tl_55_w1" custom="readingOrder {index:0;}">
                    <Coords points="181,4079 181,4139 246,4139 246,4079"/>
                    <TextEquiv>
                        <Unicode>har</Unicode>
                    </TextEquiv>
                </Word>
                <Word id="tr_1_tl_55_w2" custom="readingOrder {index:1;}">
                    <Coords points="279,4078 279,4138 348,4138 348,4078"/>
                    <TextEquiv>
                        <Unicode>han</Unicode>
                    </TextEquiv>
                </Word>
                <Word id="tr_1_tl_55_w3" custom="readingOrder {index:2;}">
                    <Coords points="387,4076 387,4136 489,4136 489,4076"/>
                    <TextEquiv>
                        <Unicode>gjort</Unicode>
                    </TextEquiv>
                </Word>
                <Word id="tr_1_tl_55_w4" custom="readingOrder {index:3;}">
                    <Coords points="517,4075 517,4135 581,4135 581,4075"/>
                    <TextEquiv>
                        <Unicode>som</Unicode>
                    </TextEquiv>
                </Word>
                <Word id="tr_1_tl_55_w5" custom="readingOrder {index:4;}">
                    <Coords points="630,4078 630,4138 873,4138 873,4078"/>
                    <TextEquiv>
                        <Unicode>dramaturg.</Unicode>
                    </TextEquiv>
                </Word>
                <TextEquiv>
                    <Unicode>har han gjort som dramaturg.</Unicode>
                </TextEquiv>
            </TextLine>
            <TextLine id="tr_1_tl_56" custom="readingOrder {index:55;}">
                <Coords points="178,4171 1015,4180 993,4123 940,4146 178,4133"/>
                <Baseline points="185,4168 226,4165 268,4165 309,4165 351,4165 393,4165 434,4165 476,4165 518,4165 559,4165 601,4165 643,4165 684,4165 726,4168 768,4168 809,4168 851,4165 893,4167 934,4168 976,4168 1018,4171"/>
                <Word id="tr_1_tl_56_w1" custom="readingOrder {index:0;}">
                    <Coords points="178,4125 178,4185 272,4185 272,4125"/>
                    <TextEquiv>
                        <Unicode>hans</Unicode>
                    </TextEquiv>
                </Word>
                <Word id="tr_1_tl_56_w2" custom="readingOrder {index:1;}">
                    <Coords points="298,4125 298,4185 308,4185 308,4125"/>
                    <TextEquiv>
                        <Unicode>i</Unicode>
                    </TextEquiv>
                </Word>
                <Word id="tr_1_tl_56_w3" custom="readingOrder {index:2;}">
                    <Coords points="328,4125 328,4185 479,4185 479,4125"/>
                    <TextEquiv>
                        <Unicode>Sverige</Unicode>
                    </TextEquiv>
                </Word>
                <Word id="tr_1_tl_56_w4" custom="readingOrder {index:3;}">
                    <Coords points="505,4125 505,4185 600,4185 600,4125"/>
                    <TextEquiv>
                        <Unicode>mest</Unicode>
                    </TextEquiv>
                </Word>
                <Word id="tr_1_tl_56_w5" custom="readingOrder {index:4;}">
                    <Coords points="621,4125 621,4185 741,4185 741,4125"/>
                    <TextEquiv>
                        <Unicode>kända</Unicode>
                    </TextEquiv>
                </Word>
                <Word id="tr_1_tl_56_w6" custom="readingOrder {index:5;}">
                    <Coords points="767,4125 767,4185 918,4185 918,4125"/>
                    <TextEquiv>
                        <Unicode>arbeten</Unicode>
                    </TextEquiv>
                </Word>
                <Word id="tr_1_tl_56_w7" custom="readingOrder {index:6;}">
                    <Coords points="948,4128 948,4188 998,4188 998,4128"/>
                    <TextEquiv>
                        <Unicode>må</Unicode>
                    </TextEquiv>
                </Word>
                <TextEquiv>
                    <Unicode>hans i Sverige mest kända arbeten må</Unicode>
                </TextEquiv>
            </TextLine>
            <TextLine id="tr_1_tl_57" custom="readingOrder {index:56;}">
                <Coords points="181,4223 943,4234 927,4178 181,4188"/>
                <Baseline points="188,4219 225,4216 263,4216 301,4216 339,4216 377,4215 415,4213 453,4216 491,4214 529,4213 567,4214 604,4216 642,4216 680,4216 718,4216 756,4216 794,4216 832,4216 870,4217 908,4219 946,4222"/>
                <Word id="tr_1_tl_57_w1" custom="readingOrder {index:0;}">
                    <Coords points="181,4176 181,4236 339,4236 339,4176"/>
                    <TextEquiv>
                        <Unicode>nämnas</Unicode>
                    </TextEquiv>
                </Word>
                <Word id="tr_1_tl_57_w2" custom="readingOrder {index:1;}">
                    <Coords points="371,4173 371,4233 640,4233 640,4173"/>
                    <TextEquiv>
                        <Unicode>Anatolserien</Unicode>
                    </TextEquiv>
                </Word>
                <Word id="tr_1_tl_57_w3" custom="readingOrder {index:2;}">
                    <Coords points="678,4176 678,4236 740,4236 740,4176"/>
                    <TextEquiv>
                        <Unicode>och</Unicode>
                    </TextEquiv>
                </Word>
                <Word id="tr_1_tl_57_w4" custom="readingOrder {index:3;}">
                    <Coords points="773,4176 773,4236 936,4236 936,4176"/>
                    <TextEquiv>
                        <Unicode>Alskog.</Unicode>
                    </TextEquiv>
                </Word>
                <TextEquiv>
                    <Unicode>nämnas Anatolserien och Alskog.</Unicode>
                </TextEquiv>
            </TextLine>
            <TextEquiv>
                <Unicode></Unicode>
            </TextEquiv>
        </TextRegion>
        <TextRegion orientation="0.0" id="tr_2" custom="readingOrder {index:1;}">
            <Coords points="1161,270 1161,4308 1976,4308 1976,270"/>
            <TextLine id="tr_2_tl_1" custom="readingOrder {index:0;}">
                <Coords points="1336,332 1498,296 1604,314 1906,305 1950,293 1951,258 1875,280 1824,256 1337,263"/>
                <Baseline points="1343,301 1373,298 1404,296 1434,296 1465,300 1495,299 1526,298 1556,298 1587,295 1617,292 1648,293 1678,295 1709,295 1739,295 1770,295 1800,293 1831,292 1861,292 1892,292 1922,292 1953,292"/>
                <Word id="tr_2_tl_1_w1" custom="readingOrder {index:0;}">
                    <Coords points="1338,256 1338,316 1476,316 1476,256"/>
                    <TextEquiv>
                        <Unicode>WIEN,</Unicode>
                    </TextEquiv>
                </Word>
                <Word id="tr_2_tl_1_w2" custom="readingOrder {index:1;}">
                    <Coords points="1501,258 1501,318 1549,318 1549,258"/>
                    <TextEquiv>
                        <Unicode>I.,</Unicode>
                    </TextEquiv>
                </Word>
                <Word id="tr_2_tl_1_w3" custom="readingOrder {index:2;}">
                    <Coords points="1580,255 1580,315 1863,315 1863,255"/>
                    <TextEquiv>
                        <Unicode>WOLLZEILE</Unicode>
                    </TextEquiv>
                </Word>
                <Word id="tr_2_tl_1_w4" custom="readingOrder {index:3;}">
                    <Coords points="1906,252 1906,312 1948,312 1948,252"/>
                    <TextEquiv>
                        <Unicode>11</Unicode>
                    </TextEquiv>
                </Word>
                <TextEquiv>
                    <Unicode>WIEN, I., WOLLZEILE 11</Unicode>
                </TextEquiv>
            </TextLine>
            <TextLine id="tr_2_tl_2" custom="readingOrder {index:1;}">
                <Coords points="1417,357 1868,346 1868,309 1846,300 1782,314 1603,314 1577,300 1553,315 1418,315"/>
                <Baseline points="1424,349 1450,347 1476,346 1503,346 1529,346 1555,346 1582,344 1608,343 1634,343 1661,343 1687,343 1713,343 1740,343 1766,341 1792,340 1819,340 1845,341 1872,343"/>
                <Word id="tr_2_tl_2_w1" custom="readingOrder {index:0;}">
                    <Coords points="1421,306 1421,366 1641,366 1641,306"/>
                    <TextEquiv>
                        <Unicode>TELEPHON</Unicode>
                    </TextEquiv>
                </Word>
                <Word id="tr_2_tl_2_w2" custom="readingOrder {index:1;}">
                    <Coords points="1675,301 1675,361 1857,361 1857,301"/>
                    <TextEquiv>
                        <Unicode>R-23-0-43</Unicode>
                    </TextEquiv>
                </Word>
                <TextEquiv>
                    <Unicode>TELEPHON R-23-0-43</Unicode>
                </TextEquiv>
            </TextLine>
            <TextLine id="tr_2_tl_3" custom="readingOrder {index:2;}">
                <Coords points="1268,572 1460,588 1557,566 1599,579 1692,567 1692,503 1589,531 1507,483 1371,515 1338,486 1299,507 1268,501"/>
                <Baseline points="1275,561 1301,565 1327,567 1353,567 1380,567 1406,567 1432,567 1459,567 1485,567 1511,567 1538,567 1564,567 1590,567 1617,567 1643,568 1669,569 1696,573"/>
                <Word id="tr_2_tl_3_w1" custom="readingOrder {index:0;}">
                    <Coords points="1279,527 1279,587 1656,587 1656,527"/>
                    <TextEquiv>
                        <Unicode>illund</Unicode>
                    </TextEquiv>
                </Word>
                <TextEquiv>
                    <Unicode>illund</Unicode>
                </TextEquiv>
            </TextLine>
            <TextLine id="tr_2_tl_4" custom="readingOrder {index:3;}">
                <Coords points="1467,686 1480,685 1493,675 1502,680 1520,670 1536,676 1562,664 1576,676 1600,659 1604,604 1589,601 1560,609 1542,601 1528,604 1515,594 1508,599 1472,595"/>
                <Baseline points="1475,665 1500,665 1526,665 1551,665 1577,662 1603,657"/>
                <Word id="tr_2_tl_4_w1" custom="readingOrder {index:0;}">
                    <Coords points="1474,625 1474,685 1548,685 1548,625"/>
                    <TextEquiv>
                        <Unicode>22</Unicode>
                    </TextEquiv>
                </Word>
                <TextEquiv>
                    <Unicode>22</Unicode>
                </TextEquiv>
            </TextLine>
            <TextLine id="tr_2_tl_5" custom="readingOrder {index:4;}">
                <Coords points="1498,745 1566,737 1598,711 1640,716 1651,705 1811,722 1823,635 1747,638 1668,667 1630,647 1601,651 1576,675 1562,664 1499,691"/>
                <Baseline points="1505,719 1531,715 1558,709 1584,702 1611,701 1637,701 1664,701 1691,701 1717,701 1744,701 1770,704 1797,708 1824,713"/>
                <Word id="tr_2_tl_5_w1" custom="readingOrder {index:0;}">
                    <Coords points="1504,669 1504,729 1604,729 1604,669"/>
                    <TextEquiv>
                        <Unicode>//0</Unicode>
                    </TextEquiv>
                </Word>
                <Word id="tr_2_tl_5_w2" custom="readingOrder {index:1;}">
                    <Coords points="1689,661 1689,721 1755,721 1755,661"/>
                    <TextEquiv>
                        <Unicode>193</Unicode>
                    </TextEquiv>
                </Word>
                <TextEquiv>
                    <Unicode>//0 193</Unicode>
                </TextEquiv>
            </TextLine>
            <TextLine id="tr_2_tl_6" custom="readingOrder {index:5;}">
                <Coords points="1248,865 1587,843 1925,871 1973,857 1972,811 1812,796 1637,820 1566,790 1487,815 1315,780 1246,798"/>
                <Baseline points="1254,833 1290,835 1326,838 1362,839 1398,840 1434,842 1470,842 1506,844 1542,845 1578,846 1615,848 1651,848 1687,848 1723,849 1759,852 1795,854 1831,854 1867,856 1903,856 1939,855 1976,857"/>
                <Word id="tr_2_tl_6_w1" custom="readingOrder {index:0;}">
                    <Coords points="1247,800 1247,860 1562,860 1562,800"/>
                    <TextEquiv>
                        <Unicode>riksantikvarien</Unicode>
                    </TextEquiv>
                </Word>
                <Word id="tr_2_tl_6_w2" custom="readingOrder {index:1;}">
                    <Coords points="1620,808 1620,868 1683,868 1683,808"/>
                    <TextEquiv>
                        <Unicode>att</Unicode>
                    </TextEquiv>
                </Word>
                <Word id="tr_2_tl_6_w3" custom="readingOrder {index:2;}">
                    <Coords points="1712,813 1712,873 1866,873 1866,813"/>
                    <TextEquiv>
                        <Unicode>vidtaga</Unicode>
                    </TextEquiv>
                </Word>
                <Word id="tr_2_tl_6_w4" custom="readingOrder {index:3;}">
                    <Coords points="1919,815 1919,875 1964,875 1964,815"/>
                    <TextEquiv>
                        <Unicode>de</Unicode>
                    </TextEquiv>
                </Word>
                <TextEquiv>
                    <Unicode>riksantikvarien att vidtaga de</Unicode>
                </TextEquiv>
            </TextLine>
            <TextLine id="tr_2_tl_7" custom="readingOrder {index:6;}">
                <Coords points="1235,889 1417,909 1449,937 1533,899 1935,918 1973,914 1972,859 1764,859 1715,888 1614,851 1234,859"/>
                <Baseline points="1242,883 1278,885 1315,888 1352,889 1388,890 1425,892 1462,895 1498,895 1535,895 1572,895 1609,896 1645,898 1682,900 1719,901 1755,901 1792,902 1829,904 1865,904 1902,904 1939,906 1976,907"/>
                <Word id="tr_2_tl_7_w1" custom="readingOrder {index:0;}">
                    <Coords points="1236,850 1236,910 1545,910 1545,850"/>
                    <TextEquiv>
                        <Unicode>atgärder,som</Unicode>
                    </TextEquiv>
                </Word>
                <Word id="tr_2_tl_7_w2" custom="readingOrder {index:1;}">
                    <Coords points="1615,858 1615,918 1684,918 1684,858"/>
                    <TextEquiv>
                        <Unicode>han</Unicode>
                    </TextEquiv>
                </Word>
                <Word id="tr_2_tl_7_w3" custom="readingOrder {index:2;}">
                    <Coords points="1748,861 1748,921 1817,921 1817,861"/>
                    <TextEquiv>
                        <Unicode>kan</Unicode>
                    </TextEquiv>
                </Word>
                <Word id="tr_2_tl_7_w4" custom="readingOrder {index:3;}">
                    <Coords points="1849,864 1849,924 1949,924 1949,864"/>
                    <TextEquiv>
                        <Unicode>finna</Unicode>
                    </TextEquiv>
                </Word>
                <TextEquiv>
                    <Unicode>atgärder,som han kan finna</Unicode>
                </TextEquiv>
            </TextLine>
            <TextLine id="tr_2_tl_8" custom="readingOrder {index:7;}">
                <Coords points="1239,952 1261,945 1284,953 1306,943 1323,956 1379,959 1408,983 1442,959 1438,894 1402,910 1355,900 1298,907 1236,891"/>
                <Baseline points="1245,934 1273,936 1301,938 1329,940 1357,940 1385,940 1413,942 1442,946"/>
                <Word id="tr_2_tl_8_w1" custom="readingOrder {index:0;}">
                    <Coords points="1240,900 1240,960 1443,960 1443,900"/>
                    <TextEquiv>
                        <Unicode>lämpliga.</Unicode>
                    </TextEquiv>
                </Word>
                <TextEquiv>
                    <Unicode>lämpliga.</Unicode>
                </TextEquiv>
            </TextLine>
            <TextLine id="tr_2_tl_9" custom="readingOrder {index:8;}">
                <Coords points="1460,990 1482,995 1490,990 1517,988 1536,1007 1547,1005 1544,904 1536,905 1510,927 1485,905 1480,911 1471,905 1456,908"/>
                <Baseline points="1466,970 1493,972 1521,973 1549,973"/>
                <TextEquiv>
                    <Unicode></Unicode>
                </TextEquiv>
            </TextLine>
            <TextLine id="tr_2_tl_10" custom="readingOrder {index:9;}">
                <Coords points="1154,1081 1908,1092 1953,1082 1951,991 1845,985 1798,1027 1708,995 1390,1011 1263,983 1153,1042"/>
                <Baseline points="1161,1069 1200,1066 1240,1061 1280,1058 1320,1060 1359,1063 1399,1064 1439,1066 1479,1066 1518,1066 1558,1069 1598,1071 1638,1072 1677,1072 1717,1072 1757,1073 1797,1074 1836,1072 1876,1078 1916,1078 1956,1084"/>
                <Word id="tr_2_tl_10_w1" custom="readingOrder {index:0;}">
                    <Coords points="1175,1019 1175,1079 1425,1079 1425,1019"/>
                    <TextEquiv>
                        <Unicode>—Arthur</Unicode>
                    </TextEquiv>
                </Word>
                <Word id="tr_2_tl_10_w2" custom="readingOrder {index:1;}">
                    <Coords points="1470,1031 1470,1091 1753,1091 1753,1031"/>
                    <TextEquiv>
                        <Unicode>Schnitzler</Unicode>
                    </TextEquiv>
                </Word>
                <Word id="tr_2_tl_10_w3" custom="readingOrder {index:2;}">
                    <Coords points="1809,1037 1809,1097 1938,1097 1938,1037"/>
                    <TextEquiv>
                        <Unicode>död.</Unicode>
                    </TextEquiv>
                </Word>
                <TextEquiv>
                    <Unicode>—Arthur Schnitzler död.</Unicode>
                </TextEquiv>
            </TextLine>
            <TextLine id="tr_2_tl_11" custom="readingOrder {index:10;}">
                <Coords points="1283,1141 1926,1154 1953,1149 1952,1081 1695,1108 1282,1087"/>
                <Baseline points="1290,1131 1323,1131 1356,1132 1389,1134 1423,1134 1456,1136 1489,1137 1523,1138 1556,1140 1589,1142 1623,1144 1656,1145 1689,1143 1722,1143 1756,1144 1789,1146 1822,1143 1856,1143 1889,1143 1922,1143 1956,1146"/>
                <Word id="tr_2_tl_11_w1" custom="readingOrder {index:0;}">
                    <Coords points="1287,1091 1287,1151 1401,1151 1401,1091"/>
                    <TextEquiv>
                        <Unicode>WIEN</Unicode>
                    </TextEquiv>
                </Word>
                <Word id="tr_2_tl_11_w2" custom="readingOrder {index:1;}">
                    <Coords points="1448,1096 1448,1156 1508,1156 1508,1096"/>
                    <TextEquiv>
                        <Unicode>den</Unicode>
                    </TextEquiv>
                </Word>
                <Word id="tr_2_tl_11_w3" custom="readingOrder {index:2;}">
                    <Coords points="1540,1101 1540,1161 1607,1161 1607,1101"/>
                    <TextEquiv>
                        <Unicode>21.</Unicode>
                    </TextEquiv>
                </Word>
                <Word id="tr_2_tl_11_w4" custom="readingOrder {index:3;}">
                    <Coords points="1647,1103 1647,1163 1754,1163 1754,1103"/>
                    <TextEquiv>
                        <Unicode>(TT)</Unicode>
                    </TextEquiv>
                </Word>
                <TextEquiv>
                    <Unicode>WIEN den 21. (TT)</Unicode>
                </TextEquiv>
            </TextLine>
            <TextLine id="tr_2_tl_12" custom="readingOrder {index:11;}">
                <Coords points="1274,1189 1972,1216 1961,1150 1723,1168 1273,1145"/>
                <Baseline points="1281,1185 1315,1185 1350,1185 1384,1185 1419,1185 1454,1188 1488,1188 1523,1189 1557,1191 1592,1191 1627,1193 1661,1194 1696,1195 1730,1197 1765,1197 1800,1197 1834,1197 1869,1197 1903,1200 1938,1202 1973,1200"/>
                <Word id="tr_2_tl_12_w1" custom="readingOrder {index:0;}">
                    <Coords points="1274,1145 1274,1205 1417,1205 1417,1145"/>
                    <TextEquiv>
                        <Unicode>Arthur</Unicode>
                    </TextEquiv>
                </Word>
                <Word id="tr_2_tl_12_w2" custom="readingOrder {index:1;}">
                    <Coords points="1445,1150 1445,1210 1649,1210 1649,1150"/>
                    <TextEquiv>
                        <Unicode>Schnitzler</Unicode>
                    </TextEquiv>
                </Word>
                <Word id="tr_2_tl_12_w3" custom="readingOrder {index:2;}">
                    <Coords points="1677,1156 1677,1216 1776,1216 1776,1156"/>
                    <TextEquiv>
                        <Unicode>avled</Unicode>
                    </TextEquiv>
                </Word>
                <Word id="tr_2_tl_12_w4" custom="readingOrder {index:3;}">
                    <Coords points="1810,1157 1810,1217 1876,1217 1876,1157"/>
                    <TextEquiv>
                        <Unicode>här</Unicode>
                    </TextEquiv>
                </Word>
                <Word id="tr_2_tl_12_w5" custom="readingOrder {index:4;}">
                    <Coords points="1899,1161 1899,1221 1948,1221 1948,1161"/>
                    <TextEquiv>
                        <Unicode>vid</Unicode>
                    </TextEquiv>
                </Word>
                <TextEquiv>
                    <Unicode>Arthur Schnitzler avled här vid</Unicode>
                </TextEquiv>
            </TextLine>
            <TextLine id="tr_2_tl_13" custom="readingOrder {index:12;}">
                <Coords points="1230,1251 1862,1251 1968,1274 1966,1216 1898,1200 1867,1231 1817,1205 1229,1200"/>
                <Baseline points="1236,1236 1272,1236 1309,1236 1345,1236 1382,1237 1419,1239 1455,1242 1492,1242 1528,1244 1565,1245 1602,1245 1638,1245 1675,1245 1711,1247 1748,1248 1785,1249 1821,1251 1858,1251 1894,1253 1931,1254 1968,1254"/>
                <Word id="tr_2_tl_13_w1" custom="readingOrder {index:0;}">
                    <Coords points="1230,1196 1230,1256 1389,1256 1389,1196"/>
                    <TextEquiv>
                        <Unicode>sjutiden</Unicode>
                    </TextEquiv>
                </Word>
                <Word id="tr_2_tl_13_w2" custom="readingOrder {index:1;}">
                    <Coords points="1423,1200 1423,1260 1461,1260 1461,1200"/>
                    <TextEquiv>
                        <Unicode>på</Unicode>
                    </TextEquiv>
                </Word>
                <Word id="tr_2_tl_13_w3" custom="readingOrder {index:2;}">
                    <Coords points="1490,1205 1490,1265 1844,1265 1844,1205"/>
                    <TextEquiv>
                        <Unicode>onsdagsaftonen.</Unicode>
                    </TextEquiv>
                </Word>
                <Word id="tr_2_tl_13_w4" custom="readingOrder {index:3;}">
                    <Coords points="1894,1213 1894,1273 1943,1273 1943,1213"/>
                    <TextEquiv>
                        <Unicode>Då</Unicode>
                    </TextEquiv>
                </Word>
                <TextEquiv>
                    <Unicode>sjutiden på onsdagsaftonen. Då</Unicode>
                </TextEquiv>
            </TextLine>
            <TextLine id="tr_2_tl_14" custom="readingOrder {index:13;}">
                <Coords points="1234,1294 1765,1325 1959,1316 1959,1280 1862,1252 1571,1268 1231,1244"/>
                <Baseline points="1239,1287 1275,1285 1311,1286 1347,1288 1383,1289 1419,1287 1455,1289 1492,1292 1528,1293 1564,1294 1600,1296 1636,1296 1672,1296 1708,1297 1745,1299 1781,1299 1817,1302 1853,1302 1889,1302 1925,1303 1962,1302"/>
                <Word id="tr_2_tl_14_w1" custom="readingOrder {index:0;}">
                    <Coords points="1231,1247 1231,1307 1458,1307 1458,1247"/>
                    <TextEquiv>
                        <Unicode>författaren</Unicode>
                    </TextEquiv>
                </Word>
                <Word id="tr_2_tl_14_w2" custom="readingOrder {index:1;}">
                    <Coords points="1491,1252 1491,1312 1532,1312 1532,1252"/>
                    <TextEquiv>
                        <Unicode>på</Unicode>
                    </TextEquiv>
                </Word>
                <Word id="tr_2_tl_14_w3" custom="readingOrder {index:2;}">
                    <Coords points="1565,1257 1565,1317 1867,1317 1867,1257"/>
                    <TextEquiv>
                        <Unicode>eftermiddagen</Unicode>
                    </TextEquiv>
                </Word>
                <Word id="tr_2_tl_14_w4" custom="readingOrder {index:3;}">
                    <Coords points="1915,1262 1915,1322 1951,1322 1951,1262"/>
                    <TextEquiv>
                        <Unicode>å-</Unicode>
                    </TextEquiv>
                </Word>
                <TextEquiv>
                    <Unicode>författaren på eftermiddagen å-</Unicode>
                </TextEquiv>
            </TextLine>
            <TextLine id="tr_2_tl_15" custom="readingOrder {index:14;}">
                <Coords points="1232,1347 1967,1371 1966,1327 1897,1301 1764,1325 1231,1294"/>
                <Baseline points="1239,1337 1275,1337 1311,1337 1348,1338 1384,1340 1421,1340 1457,1340 1494,1342 1530,1343 1567,1344 1603,1346 1639,1346 1676,1346 1712,1348 1749,1350 1785,1352 1822,1352 1858,1352 1895,1352 1931,1355 1968,1358"/>
                <Word id="tr_2_tl_15_w1" custom="readingOrder {index:0;}">
                    <Coords points="1231,1297 1231,1357 1406,1357 1406,1297"/>
                    <TextEquiv>
                        <Unicode>tervände</Unicode>
                    </TextEquiv>
                </Word>
                <Word id="tr_2_tl_15_w2" custom="readingOrder {index:1;}">
                    <Coords points="1428,1300 1428,1360 1512,1360 1512,1300"/>
                    <TextEquiv>
                        <Unicode>från</Unicode>
                    </TextEquiv>
                </Word>
                <Word id="tr_2_tl_15_w3" custom="readingOrder {index:2;}">
                    <Coords points="1539,1303 1539,1363 1576,1363 1576,1303"/>
                    <TextEquiv>
                        <Unicode>en</Unicode>
                    </TextEquiv>
                </Word>
                <Word id="tr_2_tl_15_w4" custom="readingOrder {index:3;}">
                    <Coords points="1603,1308 1603,1368 1832,1368 1832,1308"/>
                    <TextEquiv>
                        <Unicode>promenad,</Unicode>
                    </TextEquiv>
                </Word>
                <Word id="tr_2_tl_15_w5" custom="readingOrder {index:4;}">
                    <Coords points="1843,1312 1843,1372 1954,1372 1954,1312"/>
                    <TextEquiv>
                        <Unicode>drab.</Unicode>
                    </TextEquiv>
                </Word>
                <TextEquiv>
                    <Unicode>tervände från en promenad, drab.</Unicode>
                </TextEquiv>
            </TextLine>
            <TextLine id="tr_2_tl_16" custom="readingOrder {index:15;}">
                <Coords points="1229,1392 1961,1416 1959,1370 1905,1363 1228,1352"/>
                <Baseline points="1236,1385 1272,1387 1308,1388 1344,1388 1381,1389 1417,1391 1453,1394 1490,1394 1526,1394 1562,1395 1599,1397 1635,1397 1671,1399 1707,1400 1744,1400 1780,1400 1816,1403 1853,1405 1889,1406 1925,1405 1962,1400"/>
                <Word id="tr_2_tl_16_w1" custom="readingOrder {index:0;}">
                    <Coords points="1228,1347 1228,1407 1344,1407 1344,1347"/>
                    <TextEquiv>
                        <Unicode>bades</Unicode>
                    </TextEquiv>
                </Word>
                <Word id="tr_2_tl_16_w2" custom="readingOrder {index:1;}">
                    <Coords points="1371,1350 1371,1410 1434,1410 1434,1350"/>
                    <TextEquiv>
                        <Unicode>han</Unicode>
                    </TextEquiv>
                </Word>
                <Word id="tr_2_tl_16_w3" custom="readingOrder {index:2;}">
                    <Coords points="1472,1354 1472,1414 1513,1414 1513,1354"/>
                    <TextEquiv>
                        <Unicode>av</Unicode>
                    </TextEquiv>
                </Word>
                <Word id="tr_2_tl_16_w4" custom="readingOrder {index:3;}">
                    <Coords points="1540,1357 1540,1417 1757,1417 1757,1357"/>
                    <TextEquiv>
                        <Unicode>slaganfall</Unicode>
                    </TextEquiv>
                </Word>
                <Word id="tr_2_tl_16_w5" custom="readingOrder {index:4;}">
                    <Coords points="1774,1362 1774,1422 1837,1422 1837,1362"/>
                    <TextEquiv>
                        <Unicode>och</Unicode>
                    </TextEquiv>
                </Word>
                <Word id="tr_2_tl_16_w6" custom="readingOrder {index:5;}">
                    <Coords points="1890,1365 1890,1425 1953,1425 1953,1365"/>
                    <TextEquiv>
                        <Unicode>av¬</Unicode>
                    </TextEquiv>
                </Word>
                <TextEquiv>
                    <Unicode>bades han av slaganfall och av¬</Unicode>
                </TextEquiv>
            </TextLine>
            <TextLine id="tr_2_tl_17" custom="readingOrder {index:16;}">
                <Coords points="1226,1445 1927,1474 1953,1426 1225,1397"/>
                <Baseline points="1233,1439 1269,1439 1305,1439 1341,1440 1377,1442 1413,1442 1449,1442 1486,1444 1522,1445 1558,1446 1594,1448 1630,1448 1666,1448 1702,1449 1739,1452 1775,1454 1811,1454 1847,1454 1883,1454 1919,1454 1956,1454"/>
                <Word id="tr_2_tl_17_w1" custom="readingOrder {index:0;}">
                    <Coords points="1230,1399 1230,1459 1277,1459 1277,1399"/>
                    <TextEquiv>
                        <Unicode>led</Unicode>
                    </TextEquiv>
                </Word>
                <Word id="tr_2_tl_17_w2" custom="readingOrder {index:1;}">
                    <Coords points="1315,1400 1315,1460 1399,1460 1399,1400"/>
                    <TextEquiv>
                        <Unicode>utan</Unicode>
                    </TextEquiv>
                </Word>
                <Word id="tr_2_tl_17_w3" custom="readingOrder {index:2;}">
                    <Coords points="1437,1402 1437,1462 1495,1462 1495,1402"/>
                    <TextEquiv>
                        <Unicode>att</Unicode>
                    </TextEquiv>
                </Word>
                <Word id="tr_2_tl_17_w4" custom="readingOrder {index:3;}">
                    <Coords points="1527,1405 1527,1465 1569,1465 1569,1405"/>
                    <TextEquiv>
                        <Unicode>ha</Unicode>
                    </TextEquiv>
                </Word>
                <Word id="tr_2_tl_17_w5" custom="readingOrder {index:4;}">
                    <Coords points="1607,1408 1607,1468 1776,1468 1776,1408"/>
                    <TextEquiv>
                        <Unicode>âterfâtt</Unicode>
                    </TextEquiv>
                </Word>
                <Word id="tr_2_tl_17_w6" custom="readingOrder {index:5;}">
                    <Coords points="1803,1414 1803,1474 1951,1474 1951,1414"/>
                    <TextEquiv>
                        <Unicode>medve¬</Unicode>
                    </TextEquiv>
                </Word>
                <TextEquiv>
                    <Unicode>led utan att ha âterfâtt medve¬</Unicode>
                </TextEquiv>
            </TextLine>
            <TextLine id="tr_2_tl_18" custom="readingOrder {index:17;}">
                <Coords points="1229,1492 1954,1525 1952,1465 1228,1455"/>
                <Baseline points="1236,1487 1272,1489 1308,1490 1344,1491 1380,1493 1416,1493 1452,1495 1488,1496 1524,1496 1560,1497 1596,1499 1632,1499 1668,1501 1704,1502 1740,1503 1776,1505 1812,1505 1848,1505 1884,1506 1920,1509 1956,1511"/>
                <Word id="tr_2_tl_18_w1" custom="readingOrder {index:0;}">
                    <Coords points="1228,1449 1228,1509 1380,1509 1380,1449"/>
                    <TextEquiv>
                        <Unicode>tandet.</Unicode>
                    </TextEquiv>
                </Word>
                <Word id="tr_2_tl_18_w2" custom="readingOrder {index:1;}">
                    <Coords points="1424,1456 1424,1516 1636,1516 1636,1456"/>
                    <TextEquiv>
                        <Unicode>Schnitzler</Unicode>
                    </TextEquiv>
                </Word>
                <Word id="tr_2_tl_18_w3" custom="readingOrder {index:2;}">
                    <Coords points="1664,1462 1664,1522 1783,1522 1783,1462"/>
                    <TextEquiv>
                        <Unicode>skulle</Unicode>
                    </TextEquiv>
                </Word>
                <Word id="tr_2_tl_18_w4" custom="readingOrder {index:3;}">
                    <Coords points="1816,1465 1816,1525 1826,1525 1826,1465"/>
                    <TextEquiv>
                        <Unicode>i</Unicode>
                    </TextEquiv>
                </Word>
                <Word id="tr_2_tl_18_w5" custom="readingOrder {index:4;}">
                    <Coords points="1871,1468 1871,1528 1951,1528 1951,1468"/>
                    <TextEquiv>
                        <Unicode>maj</Unicode>
                    </TextEquiv>
                </Word>
                <TextEquiv>
                    <Unicode>tandet. Schnitzler skulle i maj</Unicode>
                </TextEquiv>
            </TextLine>
            <TextLine id="tr_2_tl_19" custom="readingOrder {index:18;}">
                <Coords points="1232,1550 1672,1557 1779,1599 1959,1577 1958,1524 1231,1504"/>
                <Baseline points="1239,1540 1275,1540 1311,1540 1347,1541 1383,1543 1419,1543 1455,1545 1492,1546 1528,1546 1564,1547 1600,1549 1636,1549 1672,1551 1708,1553 1745,1555 1781,1555 1817,1558 1853,1558 1889,1558 1925,1559 1962,1558"/>
                <Word id="tr_2_tl_19_w1" custom="readingOrder {index:0;}">
                    <Coords points="1232,1500 1232,1560 1330,1560 1330,1500"/>
                    <TextEquiv>
                        <Unicode>nästa</Unicode>
                    </TextEquiv>
                </Word>
                <Word id="tr_2_tl_19_w2" custom="readingOrder {index:1;}">
                    <Coords points="1365,1502 1365,1562 1399,1562 1399,1502"/>
                    <TextEquiv>
                        <Unicode>år</Unicode>
                    </TextEquiv>
                </Word>
                <Word id="tr_2_tl_19_w3" custom="readingOrder {index:2;}">
                    <Coords points="1429,1504 1429,1564 1469,1564 1469,1504"/>
                    <TextEquiv>
                        <Unicode>ha</Unicode>
                    </TextEquiv>
                </Word>
                <Word id="tr_2_tl_19_w4" custom="readingOrder {index:3;}">
                    <Coords points="1504,1506 1504,1566 1608,1566 1608,1506"/>
                    <TextEquiv>
                        <Unicode>blivit</Unicode>
                    </TextEquiv>
                </Word>
                <Word id="tr_2_tl_19_w5" custom="readingOrder {index:4;}">
                    <Coords points="1632,1509 1632,1569 1672,1569 1672,1509"/>
                    <TextEquiv>
                        <Unicode>70</Unicode>
                    </TextEquiv>
                </Word>
                <Word id="tr_2_tl_19_w6" custom="readingOrder {index:5;}">
                    <Coords points="1701,1513 1701,1573 1741,1573 1741,1513"/>
                    <TextEquiv>
                        <Unicode>år</Unicode>
                    </TextEquiv>
                </Word>
                <Word id="tr_2_tl_19_w7" custom="readingOrder {index:6;}">
                    <Coords points="1771,1518 1771,1578 1955,1578 1955,1518"/>
                    <TextEquiv>
                        <Unicode>gammal.</Unicode>
                    </TextEquiv>
                </Word>
                <TextEquiv>
                    <Unicode>nästa år ha blivit 70 år gammal.</Unicode>
                </TextEquiv>
            </TextLine>
            <TextLine id="tr_2_tl_20" custom="readingOrder {index:19;}">
                <Coords points="1266,1645 1930,1674 1950,1670 1947,1595 1787,1624 1501,1587 1443,1620 1264,1614"/>
                <Baseline points="1272,1642 1306,1642 1340,1642 1374,1643 1408,1645 1442,1645 1476,1647 1510,1648 1544,1648 1578,1651 1612,1651 1646,1651 1680,1651 1714,1654 1748,1656 1782,1658 1816,1660 1850,1657 1884,1657 1918,1657 1953,1657"/>
                <Word id="tr_2_tl_20_w1" custom="readingOrder {index:0;}">
                    <Coords points="1271,1602 1271,1662 1419,1662 1419,1602"/>
                    <TextEquiv>
                        <Unicode>Arthur</Unicode>
                    </TextEquiv>
                </Word>
                <Word id="tr_2_tl_20_w2" custom="readingOrder {index:1;}">
                    <Coords points="1455,1609 1455,1669 1674,1669 1674,1609"/>
                    <TextEquiv>
                        <Unicode>Schnitzler</Unicode>
                    </TextEquiv>
                </Word>
                <Word id="tr_2_tl_20_w3" custom="readingOrder {index:2;}">
                    <Coords points="1710,1615 1710,1675 1780,1675 1780,1615"/>
                    <TextEquiv>
                        <Unicode>var</Unicode>
                    </TextEquiv>
                </Word>
                <Word id="tr_2_tl_20_w4" custom="readingOrder {index:3;}">
                    <Coords points="1840,1617 1840,1677 1940,1677 1940,1617"/>
                    <TextEquiv>
                        <Unicode>Wie¬</Unicode>
                    </TextEquiv>
                </Word>
                <TextEquiv>
                    <Unicode>Arthur Schnitzler var Wie¬</Unicode>
                </TextEquiv>
            </TextLine>
            <TextLine id="tr_2_tl_21" custom="readingOrder {index:20;}">
                <Coords points="1226,1700 1665,1704 1808,1734 1849,1710 1958,1742 1956,1664 1225,1662"/>
                <Baseline points="1233,1693 1269,1690 1305,1692 1341,1692 1378,1693 1414,1696 1450,1696 1487,1698 1523,1699 1559,1699 1596,1700 1632,1702 1668,1704 1704,1705 1741,1705 1777,1706 1813,1708 1850,1708 1886,1710 1922,1711 1959,1711"/>
                <Word id="tr_2_tl_21_w1" custom="readingOrder {index:0;}">
                    <Coords points="1226,1650 1226,1710 1330,1710 1330,1650"/>
                    <TextEquiv>
                        <Unicode>nare,</Unicode>
                    </TextEquiv>
                </Word>
                <Word id="tr_2_tl_21_w2" custom="readingOrder {index:1;}">
                    <Coords points="1353,1658 1353,1718 1642,1718 1642,1658"/>
                    <TextEquiv>
                        <Unicode>"prototypen”</Unicode>
                    </TextEquiv>
                </Word>
                <Word id="tr_2_tl_21_w3" custom="readingOrder {index:2;}">
                    <Coords points="1677,1665 1677,1725 1821,1725 1821,1665"/>
                    <TextEquiv>
                        <Unicode>frestas</Unicode>
                    </TextEquiv>
                </Word>
                <Word id="tr_2_tl_21_w4" custom="readingOrder {index:3;}">
                    <Coords points="1851,1670 1851,1730 1931,1730 1931,1670"/>
                    <TextEquiv>
                        <Unicode>man</Unicode>
                    </TextEquiv>
                </Word>
                <TextEquiv>
                    <Unicode>nare, "prototypen” frestas man</Unicode>
                </TextEquiv>
            </TextLine>
            <TextLine id="tr_2_tl_22" custom="readingOrder {index:21;}">
                <Coords points="1218,1743 1294,1764 1690,1754 1766,1779 1940,1774 1946,1740 1216,1695"/>
                <Baseline points="1224,1738 1260,1740 1296,1743 1332,1744 1369,1744 1405,1744 1441,1747 1478,1747 1514,1747 1550,1748 1587,1750 1623,1753 1659,1753 1695,1754 1732,1755 1768,1755 1804,1755 1841,1757 1877,1758 1913,1758 1950,1758"/>
                <Word id="tr_2_tl_22_w1" custom="readingOrder {index:0;}">
                    <Coords points="1216,1700 1216,1760 1308,1760 1308,1700"/>
                    <TextEquiv>
                        <Unicode>säga</Unicode>
                    </TextEquiv>
                </Word>
                <Word id="tr_2_tl_22_w2" custom="readingOrder {index:1;}">
                    <Coords points="1341,1704 1341,1764 1401,1764 1401,1704"/>
                    <TextEquiv>
                        <Unicode>för</Unicode>
                    </TextEquiv>
                </Word>
                <Word id="tr_2_tl_22_w3" custom="readingOrder {index:2;}">
                    <Coords points="1434,1707 1434,1767 1569,1767 1569,1707"/>
                    <TextEquiv>
                        <Unicode>lynnet</Unicode>
                    </TextEquiv>
                </Word>
                <Word id="tr_2_tl_22_w4" custom="readingOrder {index:3;}">
                    <Coords points="1597,1713 1597,1773 1667,1773 1667,1713"/>
                    <TextEquiv>
                        <Unicode>hos</Unicode>
                    </TextEquiv>
                </Word>
                <Word id="tr_2_tl_22_w5" custom="readingOrder {index:4;}">
                    <Coords points="1722,1716 1722,1776 1944,1776 1944,1716"/>
                    <TextEquiv>
                        <Unicode>innevåna-</Unicode>
                    </TextEquiv>
                </Word>
                <TextEquiv>
                    <Unicode>säga för lynnet hos innevåna-</Unicode>
                </TextEquiv>
            </TextLine>
            <TextLine id="tr_2_tl_23" custom="readingOrder {index:22;}">
                <Coords points="1218,1792 1822,1827 1953,1811 1952,1766 1850,1786 1688,1754 1638,1774 1342,1749 1305,1771 1216,1748"/>
                <Baseline points="1224,1788 1260,1790 1297,1793 1333,1793 1370,1792 1407,1794 1443,1794 1480,1794 1516,1794 1553,1796 1590,1800 1626,1800 1663,1802 1699,1803 1736,1804 1773,1806 1809,1806 1846,1809 1882,1809 1919,1809 1956,1809"/>
                <Word id="tr_2_tl_23_w1" custom="readingOrder {index:0;}">
                    <Coords points="1217,1749 1217,1809 1273,1809 1273,1749"/>
                    <TextEquiv>
                        <Unicode>ren</Unicode>
                    </TextEquiv>
                </Word>
                <Word id="tr_2_tl_23_w2" custom="readingOrder {index:1;}">
                    <Coords points="1314,1753 1314,1813 1330,1813 1330,1753"/>
                    <TextEquiv>
                        <Unicode>i</Unicode>
                    </TextEquiv>
                </Word>
                <Word id="tr_2_tl_23_w3" custom="readingOrder {index:2;}">
                    <Coords points="1359,1754 1359,1814 1495,1814 1495,1754"/>
                    <TextEquiv>
                        <Unicode>staden</Unicode>
                    </TextEquiv>
                </Word>
                <Word id="tr_2_tl_23_w4" custom="readingOrder {index:3;}">
                    <Coords points="1535,1757 1535,1817 1597,1817 1597,1757"/>
                    <TextEquiv>
                        <Unicode>vid</Unicode>
                    </TextEquiv>
                </Word>
                <Word id="tr_2_tl_23_w5" custom="readingOrder {index:4;}">
                    <Coords points="1660,1764 1660,1824 1830,1824 1830,1764"/>
                    <TextEquiv>
                        <Unicode>Donau,</Unicode>
                    </TextEquiv>
                </Word>
                <Word id="tr_2_tl_23_w6" custom="readingOrder {index:5;}">
                    <Coords points="1876,1769 1876,1829 1938,1829 1938,1769"/>
                    <TextEquiv>
                        <Unicode>sâ-</Unicode>
                    </TextEquiv>
                </Word>
                <TextEquiv>
                    <Unicode>ren i staden vid Donau, sâ-</Unicode>
                </TextEquiv>
            </TextLine>
            <TextLine id="tr_2_tl_24" custom="readingOrder {index:23;}">
                <Coords points="1225,1845 1951,1872 1948,1808 1870,1838 1708,1807 1481,1827 1224,1804"/>
                <Baseline points="1230,1839 1266,1839 1302,1841 1338,1842 1374,1842 1410,1842 1446,1844 1483,1845 1519,1846 1555,1848 1591,1848 1627,1848 1663,1848 1699,1849 1736,1852 1772,1854 1808,1857 1844,1859 1880,1860 1916,1861 1953,1866"/>
                <Word id="tr_2_tl_24_w1" custom="readingOrder {index:0;}">
                    <Coords points="1224,1799 1224,1859 1289,1859 1289,1799"/>
                    <TextEquiv>
                        <Unicode>dan</Unicode>
                    </TextEquiv>
                </Word>
                <Word id="tr_2_tl_24_w2" custom="readingOrder {index:1;}">
                    <Coords points="1333,1802 1333,1862 1452,1862 1452,1802"/>
                    <TextEquiv>
                        <Unicode>denne</Unicode>
                    </TextEquiv>
                </Word>
                <Word id="tr_2_tl_24_w3" custom="readingOrder {index:2;}">
                    <Coords points="1491,1807 1491,1867 1589,1867 1589,1807"/>
                    <TextEquiv>
                        <Unicode>själv</Unicode>
                    </TextEquiv>
                </Word>
                <Word id="tr_2_tl_24_w4" custom="readingOrder {index:3;}">
                    <Coords points="1628,1808 1628,1868 1731,1868 1731,1808"/>
                    <TextEquiv>
                        <Unicode>helst</Unicode>
                    </TextEquiv>
                </Word>
                <Word id="tr_2_tl_24_w5" custom="readingOrder {index:4;}">
                    <Coords points="1764,1815 1764,1875 1823,1875 1823,1815"/>
                    <TextEquiv>
                        <Unicode>ser</Unicode>
                    </TextEquiv>
                </Word>
                <Word id="tr_2_tl_24_w6" custom="readingOrder {index:5;}">
                    <Coords points="1884,1820 1884,1880 1932,1880 1932,1820"/>
                    <TextEquiv>
                        <Unicode>sig</Unicode>
                    </TextEquiv>
                </Word>
                <TextEquiv>
                    <Unicode>dan denne själv helst ser sig</Unicode>
                </TextEquiv>
            </TextLine>
            <TextLine id="tr_2_tl_25" custom="readingOrder {index:24;}">
                <Coords points="1220,1897 1950,1931 1948,1871 1914,1863 1219,1854"/>
                <Baseline points="1227,1890 1263,1890 1299,1890 1335,1891 1372,1893 1408,1893 1444,1893 1481,1895 1517,1896 1553,1897 1590,1899 1626,1899 1662,1901 1698,1902 1735,1902 1771,1902 1807,1905 1844,1907 1880,1908 1916,1908 1953,1908"/>
                <Word id="tr_2_tl_25_w1" custom="readingOrder {index:0;}">
                    <Coords points="1220,1850 1220,1910 1277,1910 1277,1850"/>
                    <TextEquiv>
                        <Unicode>och</Unicode>
                    </TextEquiv>
                </Word>
                <Word id="tr_2_tl_25_w2" custom="readingOrder {index:1;}">
                    <Coords points="1313,1851 1313,1911 1382,1911 1382,1851"/>
                    <TextEquiv>
                        <Unicode>vill</Unicode>
                    </TextEquiv>
                </Word>
                <Word id="tr_2_tl_25_w3" custom="readingOrder {index:2;}">
                    <Coords points="1406,1853 1406,1913 1487,1913 1487,1853"/>
                    <TextEquiv>
                        <Unicode>ses.</Unicode>
                    </TextEquiv>
                </Word>
                <Word id="tr_2_tl_25_w4" custom="readingOrder {index:3;}">
                    <Coords points="1534,1859 1534,1919 1749,1919 1749,1859"/>
                    <TextEquiv>
                        <Unicode>Knappast</Unicode>
                    </TextEquiv>
                </Word>
                <Word id="tr_2_tl_25_w5" custom="readingOrder {index:4;}">
                    <Coords points="1779,1865 1779,1925 1848,1925 1848,1865"/>
                    <TextEquiv>
                        <Unicode>har</Unicode>
                    </TextEquiv>
                </Word>
                <Word id="tr_2_tl_25_w6" custom="readingOrder {index:5;}">
                    <Coords points="1872,1868 1872,1928 1941,1928 1941,1868"/>
                    <TextEquiv>
                        <Unicode>nå-</Unicode>
                    </TextEquiv>
                </Word>
                <TextEquiv>
                    <Unicode>och vill ses. Knappast har nå-</Unicode>
                </TextEquiv>
            </TextLine>
            <TextLine id="tr_2_tl_26" custom="readingOrder {index:25;}">
                <Coords points="1220,1950 1904,1975 1947,1967 1946,1925 1219,1910"/>
                <Baseline points="1227,1947 1263,1942 1299,1941 1335,1941 1371,1941 1407,1941 1443,1943 1480,1944 1516,1944 1552,1945 1588,1947 1624,1950 1660,1950 1696,1951 1733,1953 1769,1953 1805,1956 1841,1958 1877,1959 1913,1960 1950,1959"/>
                <Word id="tr_2_tl_26_w1" custom="readingOrder {index:0;}">
                    <Coords points="1219,1903 1219,1963 1279,1963 1279,1903"/>
                    <TextEquiv>
                        <Unicode>gon</Unicode>
                    </TextEquiv>
                </Word>
                <Word id="tr_2_tl_26_w2" custom="readingOrder {index:1;}">
                    <Coords points="1317,1901 1317,1961 1404,1961 1404,1901"/>
                    <TextEquiv>
                        <Unicode>före</Unicode>
                    </TextEquiv>
                </Word>
                <Word id="tr_2_tl_26_w3" custom="readingOrder {index:2;}">
                    <Coords points="1443,1904 1443,1964 1535,1964 1535,1904"/>
                    <TextEquiv>
                        <Unicode>eller</Unicode>
                    </TextEquiv>
                </Word>
                <Word id="tr_2_tl_26_w4" custom="readingOrder {index:3;}">
                    <Coords points="1574,1910 1574,1970 1677,1970 1677,1910"/>
                    <TextEquiv>
                        <Unicode>efter</Unicode>
                    </TextEquiv>
                </Word>
                <Word id="tr_2_tl_26_w5" custom="readingOrder {index:4;}">
                    <Coords points="1711,1913 1711,1973 1797,1973 1797,1913"/>
                    <TextEquiv>
                        <Unicode>nâtt</Unicode>
                    </TextEquiv>
                </Word>
                <Word id="tr_2_tl_26_w6" custom="readingOrder {index:5;}">
                    <Coords points="1858,1919 1858,1979 1928,1979 1928,1919"/>
                    <TextEquiv>
                        <Unicode>upp</Unicode>
                    </TextEquiv>
                </Word>
                <TextEquiv>
                    <Unicode>gon före eller efter nâtt upp</Unicode>
                </TextEquiv>
            </TextLine>
            <TextLine id="tr_2_tl_27" custom="readingOrder {index:26;}">
                <Coords points="1224,2005 1956,2021 1946,1964 1878,1986 1813,1959 1223,1950"/>
                <Baseline points="1230,1988 1266,1988 1302,1990 1339,1991 1375,1991 1412,1991 1448,1991 1485,1993 1521,1996 1558,1997 1594,1997 1630,1997 1667,1999 1703,2000 1740,2001 1776,2003 1813,2003 1849,2003 1886,2005 1922,2007 1959,2009"/>
                <Word id="tr_2_tl_27_w1" custom="readingOrder {index:0;}">
                    <Coords points="1224,1948 1224,2008 1277,2008 1277,1948"/>
                    <TextEquiv>
                        <Unicode>till</Unicode>
                    </TextEquiv>
                </Word>
                <Word id="tr_2_tl_27_w2" custom="readingOrder {index:1;}">
                    <Coords points="1301,1951 1301,2011 1401,2011 1401,1951"/>
                    <TextEquiv>
                        <Unicode>hans</Unicode>
                    </TextEquiv>
                </Word>
                <Word id="tr_2_tl_27_w3" custom="readingOrder {index:2;}">
                    <Coords points="1431,1953 1431,2013 1544,2013 1544,1953"/>
                    <TextEquiv>
                        <Unicode>konst</Unicode>
                    </TextEquiv>
                </Word>
                <Word id="tr_2_tl_27_w4" custom="readingOrder {index:3;}">
                    <Coords points="1574,1957 1574,2017 1585,2017 1585,1957"/>
                    <TextEquiv>
                        <Unicode>i</Unicode>
                    </TextEquiv>
                </Word>
                <Word id="tr_2_tl_27_w5" custom="readingOrder {index:4;}">
                    <Coords points="1609,1960 1609,2020 1852,2020 1852,1960"/>
                    <TextEquiv>
                        <Unicode>skildringen</Unicode>
                    </TextEquiv>
                </Word>
                <Word id="tr_2_tl_27_w6" custom="readingOrder {index:5;}">
                    <Coords points="1888,1966 1888,2026 1934,2026 1934,1966"/>
                    <TextEquiv>
                        <Unicode>av</Unicode>
                    </TextEquiv>
                </Word>
                <TextEquiv>
                    <Unicode>till hans konst i skildringen av</Unicode>
                </TextEquiv>
            </TextLine>
            <TextLine id="tr_2_tl_28" custom="readingOrder {index:27;}">
                <Coords points="1218,2054 1934,2068 1947,2016 1216,2016"/>
                <Baseline points="1224,2039 1260,2039 1296,2037 1332,2037 1369,2039 1405,2039 1441,2042 1478,2042 1514,2042 1550,2043 1587,2045 1623,2048 1659,2048 1695,2048 1732,2049 1768,2051 1804,2051 1841,2053 1877,2054 1913,2054 1950,2057"/>
                <Word id="tr_2_tl_28_w1" custom="readingOrder {index:0;}">
                    <Coords points="1217,1998 1217,2058 1310,2058 1310,1998"/>
                    <TextEquiv>
                        <Unicode>unge</Unicode>
                    </TextEquiv>
                </Word>
                <Word id="tr_2_tl_28_w2" custom="readingOrder {index:1;}">
                    <Coords points="1355,2001 1355,2061 1520,2061 1520,2001"/>
                    <TextEquiv>
                        <Unicode>wienske</Unicode>
                    </TextEquiv>
                </Word>
                <Word id="tr_2_tl_28_w3" custom="readingOrder {index:2;}">
                    <Coords points="1559,2008 1559,2068 1719,2068 1719,2008"/>
                    <TextEquiv>
                        <Unicode>bildade</Unicode>
                    </TextEquiv>
                </Word>
                <Word id="tr_2_tl_28_w4" custom="readingOrder {index:3;}">
                    <Coords points="1758,2013 1758,2073 1940,2073 1940,2013"/>
                    <TextEquiv>
                        <Unicode>levnads¬</Unicode>
                    </TextEquiv>
                </Word>
                <TextEquiv>
                    <Unicode>unge wienske bildade levnads¬</Unicode>
                </TextEquiv>
            </TextLine>
            <TextLine id="tr_2_tl_29" custom="readingOrder {index:28;}">
                <Coords points="1218,2107 1938,2124 1946,2064 1216,2059"/>
                <Baseline points="1224,2087 1260,2087 1296,2087 1332,2088 1369,2090 1405,2090 1441,2093 1478,2093 1514,2093 1550,2094 1587,2096 1623,2096 1659,2098 1695,2099 1732,2099 1768,2099 1804,2102 1841,2102 1877,2104 1913,2105 1950,2105"/>
                <Word id="tr_2_tl_29_w1" custom="readingOrder {index:0;}">
                    <Coords points="1217,2047 1217,2107 1421,2107 1421,2047"/>
                    <TextEquiv>
                        <Unicode>njutaren,</Unicode>
                    </TextEquiv>
                </Word>
                <Word id="tr_2_tl_29_w2" custom="readingOrder {index:1;}">
                    <Coords points="1450,2055 1450,2115 1722,2115 1722,2055"/>
                    <TextEquiv>
                        <Unicode>blandningen</Unicode>
                    </TextEquiv>
                </Word>
                <Word id="tr_2_tl_29_w3" custom="readingOrder {index:2;}">
                    <Coords points="1769,2060 1769,2120 1813,2120 1813,2060"/>
                    <TextEquiv>
                        <Unicode>av</Unicode>
                    </TextEquiv>
                </Word>
                <Word id="tr_2_tl_29_w4" custom="readingOrder {index:3;}">
                    <Coords points="1848,2064 1848,2124 1944,2124 1944,2064"/>
                    <TextEquiv>
                        <Unicode>lätt-</Unicode>
                    </TextEquiv>
                </Word>
                <TextEquiv>
                    <Unicode>njutaren, blandningen av lätt-</Unicode>
                </TextEquiv>
            </TextLine>
            <TextLine id="tr_2_tl_30" custom="readingOrder {index:29;}">
                <Coords points="1218,2149 1930,2170 1950,2123 1891,2111 1822,2141 1756,2103 1216,2106"/>
                <Baseline points="1224,2138 1260,2138 1296,2138 1333,2139 1369,2142 1406,2144 1442,2144 1479,2144 1515,2144 1552,2144 1588,2144 1624,2147 1661,2147 1697,2149 1734,2150 1770,2151 1807,2153 1843,2153 1880,2155 1916,2156 1953,2159"/>
                <Word id="tr_2_tl_30_w1" custom="readingOrder {index:0;}">
                    <Coords points="1216,2098 1216,2158 1359,2158 1359,2098"/>
                    <TextEquiv>
                        <Unicode>sinnet,</Unicode>
                    </TextEquiv>
                </Word>
                <Word id="tr_2_tl_30_w2" custom="readingOrder {index:1;}">
                    <Coords points="1407,2104 1407,2164 1784,2164 1784,2104"/>
                    <TextEquiv>
                        <Unicode>uppsluppenheten</Unicode>
                    </TextEquiv>
                </Word>
                <Word id="tr_2_tl_30_w3" custom="readingOrder {index:2;}">
                    <Coords points="1859,2115 1859,2175 1922,2175 1922,2115"/>
                    <TextEquiv>
                        <Unicode>och</Unicode>
                    </TextEquiv>
                </Word>
                <TextEquiv>
                    <Unicode>sinnet, uppsluppenheten och</Unicode>
                </TextEquiv>
            </TextLine>
            <TextLine id="tr_2_tl_31" custom="readingOrder {index:30;}">
                <Coords points="1212,2203 1950,2214 1934,2166 1818,2193 1633,2152 1210,2154"/>
                <Baseline points="1218,2186 1254,2186 1291,2188 1328,2189 1365,2189 1401,2189 1438,2192 1475,2193 1512,2194 1548,2193 1585,2192 1622,2194 1659,2197 1695,2197 1732,2197 1769,2199 1806,2203 1842,2203 1879,2203 1916,2203 1953,2206"/>
                <Word id="tr_2_tl_31_w1" custom="readingOrder {index:0;}">
                    <Coords points="1210,2149 1210,2209 1448,2209 1448,2149"/>
                    <TextEquiv>
                        <Unicode>melankolin</Unicode>
                    </TextEquiv>
                </Word>
                <Word id="tr_2_tl_31_w2" custom="readingOrder {index:1;}">
                    <Coords points="1481,2153 1481,2213 1549,2213 1549,2153"/>
                    <TextEquiv>
                        <Unicode>hos</Unicode>
                    </TextEquiv>
                </Word>
                <Word id="tr_2_tl_31_w3" custom="readingOrder {index:2;}">
                    <Coords points="1582,2157 1582,2217 1804,2217 1804,2157"/>
                    <TextEquiv>
                        <Unicode>wienaren,</Unicode>
                    </TextEquiv>
                </Word>
                <Word id="tr_2_tl_31_w4" custom="readingOrder {index:3;}">
                    <Coords points="1853,2163 1853,2223 1910,2223 1910,2163"/>
                    <TextEquiv>
                        <Unicode>som</Unicode>
                    </TextEquiv>
                </Word>
                <TextEquiv>
                    <Unicode>melankolin hos wienaren, som</Unicode>
                </TextEquiv>
            </TextLine>
            <TextLine id="tr_2_tl_32" custom="readingOrder {index:31;}">
                <Coords points="1212,2247 1849,2274 1950,2264 1948,2208 1210,2204"/>
                <Baseline points="1218,2236 1254,2234 1291,2235 1328,2237 1365,2239 1401,2239 1438,2239 1475,2241 1512,2242 1548,2242 1585,2243 1622,2245 1659,2248 1695,2248 1732,2248 1769,2249 1806,2251 1842,2254 1879,2252 1916,2253 1953,2254"/>
                <Word id="tr_2_tl_32_w1" custom="readingOrder {index:0;}">
                    <Coords points="1211,2195 1211,2255 1254,2255 1254,2195"/>
                    <TextEquiv>
                        <Unicode>är</Unicode>
                    </TextEquiv>
                </Word>
                <Word id="tr_2_tl_32_w2" custom="readingOrder {index:1;}">
                    <Coords points="1299,2197 1299,2257 1360,2257 1360,2197"/>
                    <TextEquiv>
                        <Unicode>för</Unicode>
                    </TextEquiv>
                </Word>
                <Word id="tr_2_tl_32_w3" custom="readingOrder {index:2;}">
                    <Coords points="1388,2201 1388,2261 1632,2261 1632,2201"/>
                    <TextEquiv>
                        <Unicode>reflekterad</Unicode>
                    </TextEquiv>
                </Word>
                <Word id="tr_2_tl_32_w4" custom="readingOrder {index:3;}">
                    <Coords points="1665,2208 1665,2268 1726,2268 1726,2208"/>
                    <TextEquiv>
                        <Unicode>för</Unicode>
                    </TextEquiv>
                </Word>
                <Word id="tr_2_tl_32_w5" custom="readingOrder {index:4;}">
                    <Coords points="1760,2210 1760,2270 1815,2270 1815,2210"/>
                    <TextEquiv>
                        <Unicode>att</Unicode>
                    </TextEquiv>
                </Word>
                <Word id="tr_2_tl_32_w6" custom="readingOrder {index:5;}">
                    <Coords points="1843,2212 1843,2272 1926,2272 1926,2212"/>
                    <TextEquiv>
                        <Unicode>nöja</Unicode>
                    </TextEquiv>
                </Word>
                <TextEquiv>
                    <Unicode>är för reflekterad för att nöja</Unicode>
                </TextEquiv>
            </TextLine>
            <TextLine id="tr_2_tl_33" custom="readingOrder {index:32;}">
                <Coords points="1208,2295 1951,2311 1950,2266 1918,2260 1207,2248"/>
                <Baseline points="1215,2287 1251,2287 1288,2287 1325,2287 1362,2288 1399,2290 1436,2290 1473,2292 1510,2293 1547,2293 1584,2294 1620,2296 1657,2296 1694,2296 1731,2298 1768,2299 1805,2300 1842,2302 1879,2302 1916,2302 1953,2302"/>
                <Word id="tr_2_tl_33_w1" custom="readingOrder {index:0;}">
                    <Coords points="1207,2247 1207,2307 1256,2307 1256,2247"/>
                    <TextEquiv>
                        <Unicode>sig</Unicode>
                    </TextEquiv>
                </Word>
                <Word id="tr_2_tl_33_w2" custom="readingOrder {index:1;}">
                    <Coords points="1289,2247 1289,2307 1370,2307 1370,2247"/>
                    <TextEquiv>
                        <Unicode>med</Unicode>
                    </TextEquiv>
                </Word>
                <Word id="tr_2_tl_33_w3" custom="readingOrder {index:2;}">
                    <Coords points="1404,2253 1404,2313 1665,2313 1665,2253"/>
                    <TextEquiv>
                        <Unicode>förströelser</Unicode>
                    </TextEquiv>
                </Word>
                <Word id="tr_2_tl_33_w4" custom="readingOrder {index:3;}">
                    <Coords points="1720,2259 1720,2319 1817,2319 1817,2259"/>
                    <TextEquiv>
                        <Unicode>eller</Unicode>
                    </TextEquiv>
                </Word>
                <Word id="tr_2_tl_33_w5" custom="readingOrder {index:4;}">
                    <Coords points="1867,2262 1867,2322 1932,2322 1932,2262"/>
                    <TextEquiv>
                        <Unicode>för</Unicode>
                    </TextEquiv>
                </Word>
                <TextEquiv>
                    <Unicode>sig med förströelser eller för</Unicode>
                </TextEquiv>
            </TextLine>
            <TextLine id="tr_2_tl_34" custom="readingOrder {index:33;}">
                <Coords points="1212,2347 1895,2369 1932,2367 1932,2319 1210,2311"/>
                <Baseline points="1218,2338 1253,2338 1289,2340 1325,2341 1361,2341 1397,2341 1433,2343 1468,2344 1504,2344 1540,2344 1576,2344 1612,2344 1648,2344 1684,2345 1719,2348 1755,2350 1791,2350 1827,2350 1863,2351 1899,2354 1935,2356"/>
                <Word id="tr_2_tl_34_w1" custom="readingOrder {index:0;}">
                    <Coords points="1210,2298 1210,2358 1263,2358 1263,2298"/>
                    <TextEquiv>
                        <Unicode>att</Unicode>
                    </TextEquiv>
                </Word>
                <Word id="tr_2_tl_34_w2" custom="readingOrder {index:1;}">
                    <Coords points="1290,2301 1290,2361 1418,2361 1418,2301"/>
                    <TextEquiv>
                        <Unicode>kunna</Unicode>
                    </TextEquiv>
                </Word>
                <Word id="tr_2_tl_34_w3" custom="readingOrder {index:2;}">
                    <Coords points="1450,2304 1450,2364 1583,2364 1583,2304"/>
                    <TextEquiv>
                        <Unicode>gripas</Unicode>
                    </TextEquiv>
                </Word>
                <Word id="tr_2_tl_34_w4" custom="readingOrder {index:3;}">
                    <Coords points="1610,2304 1610,2364 1652,2364 1652,2304"/>
                    <TextEquiv>
                        <Unicode>av</Unicode>
                    </TextEquiv>
                </Word>
                <Word id="tr_2_tl_34_w5" custom="readingOrder {index:4;}">
                    <Coords points="1685,2306 1685,2366 1722,2366 1722,2306"/>
                    <TextEquiv>
                        <Unicode>en</Unicode>
                    </TextEquiv>
                </Word>
                <Word id="tr_2_tl_34_w6" custom="readingOrder {index:5;}">
                    <Coords points="1754,2310 1754,2370 1914,2370 1914,2310"/>
                    <TextEquiv>
                        <Unicode>lidelse.</Unicode>
                    </TextEquiv>
                </Word>
                <TextEquiv>
                    <Unicode>att kunna gripas av en lidelse.</Unicode>
                </TextEquiv>
            </TextLine>
            <TextLine id="tr_2_tl_35" custom="readingOrder {index:34;}">
                <Coords points="1262,2396 1945,2408 1943,2363 1911,2359 1626,2380 1565,2352 1261,2344"/>
                <Baseline points="1269,2389 1302,2389 1336,2389 1370,2390 1404,2392 1438,2392 1472,2392 1506,2393 1540,2395 1574,2395 1608,2397 1641,2398 1675,2398 1709,2400 1743,2401 1777,2401 1811,2401 1845,2401 1879,2401 1913,2402 1947,2401"/>
                <Word id="tr_2_tl_35_w1" custom="readingOrder {index:0;}">
                    <Coords points="1261,2349 1261,2409 1336,2409 1336,2349"/>
                    <TextEquiv>
                        <Unicode>Den</Unicode>
                    </TextEquiv>
                </Word>
                <Word id="tr_2_tl_35_w2" custom="readingOrder {index:1;}">
                    <Coords points="1375,2352 1375,2412 1613,2412 1613,2352"/>
                    <TextEquiv>
                        <Unicode>kvinnotyp,</Unicode>
                    </TextEquiv>
                </Word>
                <Word id="tr_2_tl_35_w3" custom="readingOrder {index:2;}">
                    <Coords points="1657,2359 1657,2419 1743,2419 1743,2359"/>
                    <TextEquiv>
                        <Unicode>man</Unicode>
                    </TextEquiv>
                </Word>
                <Word id="tr_2_tl_35_w4" custom="readingOrder {index:3;}">
                    <Coords points="1808,2361 1808,2421 1927,2421 1927,2361"/>
                    <TextEquiv>
                        <Unicode>möter</Unicode>
                    </TextEquiv>
                </Word>
                <TextEquiv>
                    <Unicode>Den kvinnotyp, man möter</Unicode>
                </TextEquiv>
            </TextLine>
            <TextLine id="tr_2_tl_36" custom="readingOrder {index:35;}">
                <Coords points="1212,2449 1916,2469 1942,2466 1941,2419 1268,2413 1210,2390"/>
                <Baseline points="1218,2436 1254,2438 1290,2439 1326,2440 1363,2441 1399,2439 1435,2439 1472,2441 1508,2442 1544,2443 1581,2445 1617,2445 1653,2447 1689,2448 1726,2448 1762,2448 1798,2451 1835,2451 1871,2451 1907,2451 1944,2451"/>
                <Word id="tr_2_tl_36_w1" custom="readingOrder {index:0;}">
                    <Coords points="1211,2397 1211,2457 1276,2457 1276,2397"/>
                    <TextEquiv>
                        <Unicode>hos</Unicode>
                    </TextEquiv>
                </Word>
                <Word id="tr_2_tl_36_w2" custom="readingOrder {index:1;}">
                    <Coords points="1305,2399 1305,2459 1343,2459 1343,2399"/>
                    <TextEquiv>
                        <Unicode>S.</Unicode>
                    </TextEquiv>
                </Word>
                <Word id="tr_2_tl_36_w3" custom="readingOrder {index:2;}">
                    <Coords points="1365,2402 1365,2462 1674,2462 1674,2402"/>
                    <TextEquiv>
                        <Unicode>företrädesvis,</Unicode>
                    </TextEquiv>
                </Word>
                <Word id="tr_2_tl_36_w4" custom="readingOrder {index:3;}">
                    <Coords points="1697,2408 1697,2468 1741,2468 1741,2408"/>
                    <TextEquiv>
                        <Unicode>är</Unicode>
                    </TextEquiv>
                </Word>
                <Word id="tr_2_tl_36_w5" custom="readingOrder {index:4;}">
                    <Coords points="1797,2411 1797,2471 1929,2471 1929,2411"/>
                    <TextEquiv>
                        <Unicode>därför</Unicode>
                    </TextEquiv>
                </Word>
                <TextEquiv>
                    <Unicode>hos S. företrädesvis, är därför</Unicode>
                </TextEquiv>
            </TextLine>
            <TextLine id="tr_2_tl_37" custom="readingOrder {index:36;}">
                <Coords points="1219,2497 1941,2519 1940,2467 1218,2451"/>
                <Baseline points="1224,2487 1260,2487 1296,2487 1332,2488 1368,2490 1404,2490 1440,2490 1476,2492 1512,2493 1548,2494 1584,2496 1620,2496 1656,2496 1692,2497 1728,2499 1764,2499 1800,2502 1836,2502 1872,2502 1908,2503 1944,2502"/>
                <Word id="tr_2_tl_37_w1" custom="readingOrder {index:0;}">
                    <Coords points="1213,2447 1213,2507 1276,2507 1276,2447"/>
                    <TextEquiv>
                        <Unicode>den</Unicode>
                    </TextEquiv>
                </Word>
                <Word id="tr_2_tl_37_w2" custom="readingOrder {index:1;}">
                    <Coords points="1329,2450 1329,2510 1434,2510 1434,2450"/>
                    <TextEquiv>
                        <Unicode>stilla</Unicode>
                    </TextEquiv>
                </Word>
                <Word id="tr_2_tl_37_w3" custom="readingOrder {index:2;}">
                    <Coords points="1483,2456 1483,2516 1769,2516 1769,2456"/>
                    <TextEquiv>
                        <Unicode>anspräkslösa</Unicode>
                    </TextEquiv>
                </Word>
                <Word id="tr_2_tl_37_w4" custom="readingOrder {index:3;}">
                    <Coords points="1828,2462 1828,2522 1923,2522 1923,2462"/>
                    <TextEquiv>
                        <Unicode>unga</Unicode>
                    </TextEquiv>
                </Word>
                <TextEquiv>
                    <Unicode>den stilla anspräkslösa unga</Unicode>
                </TextEquiv>
            </TextLine>
            <TextLine id="tr_2_tl_38" custom="readingOrder {index:37;}">
                <Coords points="1209,2542 1935,2553 1909,2517 1772,2502 1208,2506"/>
                <Baseline points="1215,2538 1251,2536 1287,2537 1323,2538 1359,2539 1395,2541 1431,2541 1468,2541 1504,2542 1540,2544 1576,2544 1612,2547 1648,2547 1684,2547 1721,2548 1757,2550 1793,2550 1829,2552 1865,2553 1901,2553 1938,2550"/>
                <Word id="tr_2_tl_38_w1" custom="readingOrder {index:0;}">
                    <Coords points="1208,2496 1208,2556 1354,2556 1354,2496"/>
                    <TextEquiv>
                        <Unicode>flickan</Unicode>
                    </TextEquiv>
                </Word>
                <Word id="tr_2_tl_38_w2" custom="readingOrder {index:1;}">
                    <Coords points="1381,2501 1381,2561 1440,2561 1440,2501"/>
                    <TextEquiv>
                        <Unicode>som</Unicode>
                    </TextEquiv>
                </Word>
                <Word id="tr_2_tl_38_w3" custom="readingOrder {index:2;}">
                    <Coords points="1490,2503 1490,2563 1575,2563 1575,2503"/>
                    <TextEquiv>
                        <Unicode>utan</Unicode>
                    </TextEquiv>
                </Word>
                <Word id="tr_2_tl_38_w4" custom="readingOrder {index:3;}">
                    <Coords points="1609,2507 1609,2567 1803,2567 1803,2507"/>
                    <TextEquiv>
                        <Unicode>patetiska</Unicode>
                    </TextEquiv>
                </Word>
                <Word id="tr_2_tl_38_w5" custom="readingOrder {index:4;}">
                    <Coords points="1836,2513 1836,2573 1932,2573 1932,2513"/>
                    <TextEquiv>
                        <Unicode>upp-</Unicode>
                    </TextEquiv>
                </Word>
                <TextEquiv>
                    <Unicode>flickan som utan patetiska upp-</Unicode>
                </TextEquiv>
            </TextLine>
            <TextLine id="tr_2_tl_39" custom="readingOrder {index:38;}">
                <Coords points="1209,2608 1935,2614 1919,2562 1208,2544"/>
                <Baseline points="1215,2583 1251,2585 1287,2586 1323,2587 1359,2589 1395,2589 1431,2589 1468,2591 1504,2593 1540,2594 1576,2592 1612,2595 1648,2595 1684,2596 1721,2598 1757,2598 1793,2601 1829,2603 1865,2602 1901,2603 1938,2607"/>
                <Word id="tr_2_tl_39_w1" custom="readingOrder {index:0;}">
                    <Coords points="1209,2545 1209,2605 1341,2605 1341,2545"/>
                    <TextEquiv>
                        <Unicode>träden</Unicode>
                    </TextEquiv>
                </Word>
                <Word id="tr_2_tl_39_w2" custom="readingOrder {index:1;}">
                    <Coords points="1386,2553 1386,2613 1623,2613 1623,2553"/>
                    <TextEquiv>
                        <Unicode>undergivet</Unicode>
                    </TextEquiv>
                </Word>
                <Word id="tr_2_tl_39_w3" custom="readingOrder {index:2;}">
                    <Coords points="1651,2558 1651,2618 1811,2618 1811,2558"/>
                    <TextEquiv>
                        <Unicode>hänger</Unicode>
                    </TextEquiv>
                </Word>
                <Word id="tr_2_tl_39_w4" custom="readingOrder {index:3;}">
                    <Coords points="1867,2562 1867,2622 1922,2622 1922,2562"/>
                    <TextEquiv>
                        <Unicode>sig</Unicode>
                    </TextEquiv>
                </Word>
                <TextEquiv>
                    <Unicode>träden undergivet hänger sig</Unicode>
                </TextEquiv>
            </TextLine>
            <TextLine id="tr_2_tl_40" custom="readingOrder {index:39;}">
                <Coords points="1215,2652 1833,2654 1934,2679 1932,2611 1214,2595"/>
                <Baseline points="1221,2636 1256,2636 1292,2638 1328,2639 1363,2639 1399,2639 1435,2641 1470,2642 1506,2643 1542,2645 1578,2645 1613,2645 1649,2645 1685,2646 1720,2648 1756,2648 1792,2650 1827,2651 1863,2651 1899,2651 1935,2648"/>
                <Word id="tr_2_tl_40_w1" custom="readingOrder {index:0;}">
                    <Coords points="1209,2596 1209,2656 1269,2656 1269,2596"/>
                    <TextEquiv>
                        <Unicode>och</Unicode>
                    </TextEquiv>
                </Word>
                <Word id="tr_2_tl_40_w2" custom="readingOrder {index:1;}">
                    <Coords points="1298,2599 1298,2659 1431,2659 1431,2599"/>
                    <TextEquiv>
                        <Unicode>finner</Unicode>
                    </TextEquiv>
                </Word>
                <Word id="tr_2_tl_40_w3" custom="readingOrder {index:2;}">
                    <Coords points="1453,2602 1453,2662 1503,2662 1503,2602"/>
                    <TextEquiv>
                        <Unicode>sig</Unicode>
                    </TextEquiv>
                </Word>
                <Word id="tr_2_tl_40_w4" custom="readingOrder {index:3;}">
                    <Coords points="1537,2605 1537,2665 1548,2665 1548,2605"/>
                    <TextEquiv>
                        <Unicode>i</Unicode>
                    </TextEquiv>
                </Word>
                <Word id="tr_2_tl_40_w5" custom="readingOrder {index:4;}">
                    <Coords points="1570,2605 1570,2665 1625,2665 1625,2605"/>
                    <TextEquiv>
                        <Unicode>att</Unicode>
                    </TextEquiv>
                </Word>
                <Word id="tr_2_tl_40_w6" custom="readingOrder {index:5;}">
                    <Coords points="1649,2607 1649,2667 1764,2667 1764,2607"/>
                    <TextEquiv>
                        <Unicode>sedan</Unicode>
                    </TextEquiv>
                </Word>
                <Word id="tr_2_tl_40_w7" custom="readingOrder {index:6;}">
                    <Coords points="1799,2611 1799,2671 1926,2671 1926,2611"/>
                    <TextEquiv>
                        <Unicode>kastas</Unicode>
                    </TextEquiv>
                </Word>
                <TextEquiv>
                    <Unicode>och finner sig i att sedan kastas</Unicode>
                </TextEquiv>
            </TextLine>
            <TextLine id="tr_2_tl_41" custom="readingOrder {index:40;}">
                <Coords points="1208,2694 1231,2701 1289,2691 1367,2697 1365,2649 1347,2656 1330,2648 1310,2654 1285,2644 1262,2653 1257,2648 1248,2656 1207,2649"/>
                <Baseline points="1215,2684 1240,2686 1266,2687 1292,2687 1318,2688 1344,2690 1370,2690"/>
                <Word id="tr_2_tl_41_w1" custom="readingOrder {index:0;}">
                    <Coords points="1207,2647 1207,2707 1359,2707 1359,2647"/>
                    <TextEquiv>
                        <Unicode>undan.</Unicode>
                    </TextEquiv>
                </Word>
                <TextEquiv>
                    <Unicode>undan.</Unicode>
                </TextEquiv>
            </TextLine>
            <TextLine id="tr_2_tl_42" custom="readingOrder {index:41;}">
                <Coords points="1262,2747 1940,2763 1937,2701 1852,2692 1664,2722 1577,2697 1261,2696"/>
                <Baseline points="1269,2738 1302,2736 1336,2736 1369,2738 1403,2738 1437,2738 1470,2739 1504,2741 1537,2741 1571,2743 1605,2744 1638,2745 1672,2750 1705,2748 1739,2747 1773,2748 1806,2750 1840,2750 1873,2749 1907,2747 1941,2747"/>
                <Word id="tr_2_tl_42_w1" custom="readingOrder {index:0;}">
                    <Coords points="1262,2698 1262,2758 1480,2758 1480,2698"/>
                    <TextEquiv>
                        <Unicode>Schnitzler</Unicode>
                    </TextEquiv>
                </Word>
                <Word id="tr_2_tl_42_w2" custom="readingOrder {index:1;}">
                    <Coords points="1546,2703 1546,2763 1641,2763 1641,2703"/>
                    <TextEquiv>
                        <Unicode>drog</Unicode>
                    </TextEquiv>
                </Word>
                <Word id="tr_2_tl_42_w3" custom="readingOrder {index:2;}">
                    <Coords points="1712,2710 1712,2770 1930,2770 1930,2710"/>
                    <TextEquiv>
                        <Unicode>uppmärk¬</Unicode>
                    </TextEquiv>
                </Word>
                <TextEquiv>
                    <Unicode>Schnitzler drog uppmärk¬</Unicode>
                </TextEquiv>
            </TextLine>
            <TextLine id="tr_2_tl_43" custom="readingOrder {index:42;}">
                <Coords points="1208,2788 1935,2807 1934,2760 1904,2756 1208,2755"/>
                <Baseline points="1215,2786 1251,2786 1287,2786 1323,2786 1359,2786 1395,2786 1431,2786 1468,2788 1504,2790 1540,2793 1576,2795 1612,2795 1648,2795 1684,2795 1721,2795 1757,2795 1793,2798 1829,2798 1865,2798 1901,2798 1938,2798"/>
                <Word id="tr_2_tl_43_w1" custom="readingOrder {index:0;}">
                    <Coords points="1208,2746 1208,2806 1402,2806 1402,2746"/>
                    <TextEquiv>
                        <Unicode>samheten</Unicode>
                    </TextEquiv>
                </Word>
                <Word id="tr_2_tl_43_w2" custom="readingOrder {index:1;}">
                    <Coords points="1435,2747 1435,2807 1500,2807 1500,2747"/>
                    <TextEquiv>
                        <Unicode>till</Unicode>
                    </TextEquiv>
                </Word>
                <Word id="tr_2_tl_43_w3" custom="readingOrder {index:2;}">
                    <Coords points="1522,2753 1522,2813 1575,2813 1575,2753"/>
                    <TextEquiv>
                        <Unicode>sig</Unicode>
                    </TextEquiv>
                </Word>
                <Word id="tr_2_tl_43_w4" custom="readingOrder {index:3;}">
                    <Coords points="1609,2755 1609,2815 1748,2815 1748,2755"/>
                    <TextEquiv>
                        <Unicode>genast</Unicode>
                    </TextEquiv>
                </Word>
                <Word id="tr_2_tl_43_w5" custom="readingOrder {index:4;}">
                    <Coords points="1782,2758 1782,2818 1835,2818 1835,2758"/>
                    <TextEquiv>
                        <Unicode>vid</Unicode>
                    </TextEquiv>
                </Word>
                <Word id="tr_2_tl_43_w6" custom="readingOrder {index:5;}">
                    <Coords points="1868,2758 1868,2818 1916,2818 1916,2758"/>
                    <TextEquiv>
                        <Unicode>sin</Unicode>
                    </TextEquiv>
                </Word>
                <TextEquiv>
                    <Unicode>samheten till sig genast vid sin</Unicode>
                </TextEquiv>
            </TextLine>
            <TextLine id="tr_2_tl_44" custom="readingOrder {index:43;}">
                <Coords points="1205,2851 1940,2856 1938,2809 1898,2802 1799,2822 1205,2804"/>
                <Baseline points="1212,2834 1248,2834 1284,2834 1321,2835 1357,2837 1394,2837 1430,2840 1467,2840 1503,2840 1540,2840 1576,2840 1612,2843 1649,2843 1685,2843 1722,2844 1758,2846 1795,2846 1831,2846 1868,2846 1904,2845 1941,2843"/>
                <Word id="tr_2_tl_44_w1" custom="readingOrder {index:0;}">
                    <Coords points="1206,2794 1206,2854 1321,2854 1321,2794"/>
                    <TextEquiv>
                        <Unicode>första</Unicode>
                    </TextEquiv>
                </Word>
                <Word id="tr_2_tl_44_w2" custom="readingOrder {index:1;}">
                    <Coords points="1383,2800 1383,2860 1482,2860 1482,2800"/>
                    <TextEquiv>
                        <Unicode>bok,</Unicode>
                    </TextEquiv>
                </Word>
                <Word id="tr_2_tl_44_w3" custom="readingOrder {index:2;}">
                    <Coords points="1511,2800 1511,2860 1554,2860 1554,2800"/>
                    <TextEquiv>
                        <Unicode>de</Unicode>
                    </TextEquiv>
                </Word>
                <Word id="tr_2_tl_44_w4" custom="readingOrder {index:3;}">
                    <Coords points="1588,2803 1588,2863 1765,2863 1765,2803"/>
                    <TextEquiv>
                        <Unicode>graciösa</Unicode>
                    </TextEquiv>
                </Word>
                <Word id="tr_2_tl_44_w5" custom="readingOrder {index:4;}">
                    <Coords points="1805,2806 1805,2866 1926,2866 1926,2806"/>
                    <TextEquiv>
                        <Unicode>dialo-</Unicode>
                    </TextEquiv>
                </Word>
                <TextEquiv>
                    <Unicode>första bok, de graciösa dialo-</Unicode>
                </TextEquiv>
            </TextLine>
            <TextLine id="tr_2_tl_45" custom="readingOrder {index:44;}">
                <Coords points="1208,2898 1893,2911 1932,2900 1932,2854 1825,2872 1519,2847 1455,2881 1408,2849 1207,2845"/>
                <Baseline points="1215,2890 1251,2885 1287,2884 1323,2884 1359,2885 1395,2887 1431,2889 1467,2890 1503,2889 1539,2888 1575,2890 1611,2890 1647,2892 1683,2894 1719,2895 1755,2893 1791,2893 1827,2895 1863,2896 1899,2895 1935,2893"/>
                <Word id="tr_2_tl_45_w1" custom="readingOrder {index:0;}">
                    <Coords points="1207,2844 1207,2904 1317,2904 1317,2844"/>
                    <TextEquiv>
                        <Unicode>gerna</Unicode>
                    </TextEquiv>
                </Word>
                <Word id="tr_2_tl_45_w2" custom="readingOrder {index:1;}">
                    <Coords points="1355,2845 1355,2905 1397,2905 1397,2845"/>
                    <TextEquiv>
                        <Unicode>om</Unicode>
                    </TextEquiv>
                </Word>
                <Word id="tr_2_tl_45_w3" custom="readingOrder {index:2;}">
                    <Coords points="1477,2849 1477,2909 1671,2909 1671,2849"/>
                    <TextEquiv>
                        <Unicode>Anatol”.</Unicode>
                    </TextEquiv>
                </Word>
                <Word id="tr_2_tl_45_w4" custom="readingOrder {index:3;}">
                    <Coords points="1725,2853 1725,2913 1809,2913 1809,2853"/>
                    <TextEquiv>
                        <Unicode>Jon</Unicode>
                    </TextEquiv>
                </Word>
                <Word id="tr_2_tl_45_w5" custom="readingOrder {index:4;}">
                    <Coords points="1852,2855 1852,2915 1925,2915 1925,2855"/>
                    <TextEquiv>
                        <Unicode>ele-</Unicode>
                    </TextEquiv>
                </Word>
                <TextEquiv>
                    <Unicode>gerna om Anatol”. Jon ele-</Unicode>
                </TextEquiv>
            </TextLine>
            <TextLine id="tr_2_tl_46" custom="readingOrder {index:45;}">
                <Coords points="1209,2947 1929,2951 1906,2910 1740,2898 1208,2905"/>
                <Baseline points="1215,2938 1250,2933 1286,2934 1322,2935 1358,2936 1394,2938 1430,2938 1465,2938 1501,2938 1537,2939 1573,2941 1609,2939 1645,2940 1681,2941 1716,2942 1752,2944 1788,2946 1824,2947 1860,2947 1896,2947 1932,2947"/>
                <Word id="tr_2_tl_46_w1" custom="readingOrder {index:0;}">
                    <Coords points="1209,2893 1209,2953 1313,2953 1313,2893"/>
                    <TextEquiv>
                        <Unicode>gante</Unicode>
                    </TextEquiv>
                </Word>
                <Word id="tr_2_tl_46_w2" custom="readingOrder {index:1;}">
                    <Coords points="1352,2898 1352,2958 1606,2958 1606,2898"/>
                    <TextEquiv>
                        <Unicode>bortskämde</Unicode>
                    </TextEquiv>
                </Word>
                <Word id="tr_2_tl_46_w3" custom="readingOrder {index:2;}">
                    <Coords points="1639,2902 1639,2962 1816,2962 1816,2902"/>
                    <TextEquiv>
                        <Unicode>hjälten,</Unicode>
                    </TextEquiv>
                </Word>
                <Word id="tr_2_tl_46_w4" custom="readingOrder {index:3;}">
                    <Coords points="1838,2907 1838,2967 1898,2967 1898,2907"/>
                    <TextEquiv>
                        <Unicode>som</Unicode>
                    </TextEquiv>
                </Word>
                <TextEquiv>
                    <Unicode>gante bortskämde hjälten, som</Unicode>
                </TextEquiv>
            </TextLine>
            <TextLine id="tr_2_tl_47" custom="readingOrder {index:46;}">
                <Coords points="1205,3001 1889,3009 1931,3005 1930,2952 1204,2951"/>
                <Baseline points="1212,2980 1248,2982 1284,2983 1320,2983 1356,2984 1392,2986 1428,2986 1464,2988 1500,2989 1536,2989 1572,2989 1608,2989 1644,2989 1680,2990 1716,2992 1752,2992 1788,2995 1824,2995 1860,2995 1896,2996 1932,2998"/>
                <Word id="tr_2_tl_47_w1" custom="readingOrder {index:0;}">
                    <Coords points="1204,2942 1204,3002 1312,3002 1312,2942"/>
                    <TextEquiv>
                        <Unicode>söker</Unicode>
                    </TextEquiv>
                </Word>
                <Word id="tr_2_tl_47_w2" custom="readingOrder {index:1;}">
                    <Coords points="1352,2944 1352,3004 1389,3004 1389,2944"/>
                    <TextEquiv>
                        <Unicode>en</Unicode>
                    </TextEquiv>
                </Word>
                <Word id="tr_2_tl_47_w3" custom="readingOrder {index:2;}">
                    <Coords points="1428,2947 1428,3007 1470,3007 1470,2947"/>
                    <TextEquiv>
                        <Unicode>ny</Unicode>
                    </TextEquiv>
                </Word>
                <Word id="tr_2_tl_47_w4" custom="readingOrder {index:3;}">
                    <Coords points="1510,2949 1510,3009 1803,3009 1803,2949"/>
                    <TextEquiv>
                        <Unicode>färgsensation</Unicode>
                    </TextEquiv>
                </Word>
                <Word id="tr_2_tl_47_w5" custom="readingOrder {index:4;}">
                    <Coords points="1864,2956 1864,3016 1928,3016 1928,2956"/>
                    <TextEquiv>
                        <Unicode>till</Unicode>
                    </TextEquiv>
                </Word>
                <TextEquiv>
                    <Unicode>söker en ny färgsensation till</Unicode>
                </TextEquiv>
            </TextLine>
            <TextLine id="tr_2_tl_48" custom="readingOrder {index:47;}">
                <Coords points="1200,3042 1903,3057 1926,3054 1925,3006 1199,3006"/>
                <Baseline points="1206,3031 1242,3033 1278,3034 1314,3033 1350,3032 1386,3034 1422,3036 1459,3037 1495,3037 1531,3038 1567,3040 1603,3040 1639,3040 1675,3040 1712,3041 1748,3043 1784,3043 1820,3043 1856,3043 1892,3044 1929,3046"/>
                <Word id="tr_2_tl_48_w1" custom="readingOrder {index:0;}">
                    <Coords points="1199,2993 1199,3053 1307,3053 1307,2993"/>
                    <TextEquiv>
                        <Unicode>varje</Unicode>
                    </TextEquiv>
                </Word>
                <Word id="tr_2_tl_48_w2" custom="readingOrder {index:1;}">
                    <Coords points="1345,2995 1345,3055 1480,3055 1480,2995"/>
                    <TextEquiv>
                        <Unicode>erotisk</Unicode>
                    </TextEquiv>
                </Word>
                <Word id="tr_2_tl_48_w3" custom="readingOrder {index:2;}">
                    <Coords points="1551,3000 1551,3060 1783,3060 1783,3000"/>
                    <TextEquiv>
                        <Unicode>upplevelse</Unicode>
                    </TextEquiv>
                </Word>
                <Word id="tr_2_tl_48_w4" custom="readingOrder {index:3;}">
                    <Coords points="1848,3003 1848,3063 1907,3063 1907,3003"/>
                    <TextEquiv>
                        <Unicode>och</Unicode>
                    </TextEquiv>
                </Word>
                <TextEquiv>
                    <Unicode>varje erotisk upplevelse och</Unicode>
                </TextEquiv>
            </TextLine>
            <TextLine id="tr_2_tl_49" custom="readingOrder {index:48;}">
                <Coords points="1202,3093 1929,3102 1918,3053 1743,3071 1701,3048 1200,3042"/>
                <Baseline points="1209,3084 1245,3082 1281,3081 1317,3082 1353,3084 1389,3084 1425,3084 1462,3086 1498,3087 1534,3087 1570,3087 1606,3087 1642,3087 1678,3088 1715,3091 1751,3093 1787,3093 1823,3093 1859,3093 1895,3094 1932,3096"/>
                <Word id="tr_2_tl_49_w1" custom="readingOrder {index:0;}">
                    <Coords points="1200,3041 1200,3101 1428,3101 1428,3041"/>
                    <TextEquiv>
                        <Unicode>koketterar</Unicode>
                    </TextEquiv>
                </Word>
                <Word id="tr_2_tl_49_w2" custom="readingOrder {index:1;}">
                    <Coords points="1455,3047 1455,3107 1624,3107 1624,3047"/>
                    <TextEquiv>
                        <Unicode>svaghet</Unicode>
                    </TextEquiv>
                </Word>
                <Word id="tr_2_tl_49_w3" custom="readingOrder {index:2;}">
                    <Coords points="1651,3048 1651,3108 1714,3108 1714,3048"/>
                    <TextEquiv>
                        <Unicode>och</Unicode>
                    </TextEquiv>
                </Word>
                <Word id="tr_2_tl_49_w4" custom="readingOrder {index:3;}">
                    <Coords points="1752,3053 1752,3113 1927,3113 1927,3053"/>
                    <TextEquiv>
                        <Unicode>sensuell</Unicode>
                    </TextEquiv>
                </Word>
                <TextEquiv>
                    <Unicode>koketterar svaghet och sensuell</Unicode>
                </TextEquiv>
            </TextLine>
            <TextLine id="tr_2_tl_50" custom="readingOrder {index:49;}">
                <Coords points="1200,3148 1851,3145 1929,3171 1927,3107 1879,3101 1199,3090"/>
                <Baseline points="1206,3132 1242,3132 1278,3132 1314,3132 1351,3133 1387,3135 1423,3135 1460,3137 1496,3138 1532,3138 1569,3138 1605,3141 1641,3139 1677,3138 1714,3139 1750,3141 1786,3144 1823,3144 1859,3144 1895,3145 1932,3150"/>
                <Word id="tr_2_tl_50_w1" custom="readingOrder {index:0;}">
                    <Coords points="1200,3092 1200,3152 1472,3152 1472,3092"/>
                    <TextEquiv>
                        <Unicode>hypokondri,</Unicode>
                    </TextEquiv>
                </Word>
                <Word id="tr_2_tl_50_w2" custom="readingOrder {index:1;}">
                    <Coords points="1495,3098 1495,3158 1568,3158 1568,3098"/>
                    <TextEquiv>
                        <Unicode>har</Unicode>
                    </TextEquiv>
                </Word>
                <Word id="tr_2_tl_50_w3" custom="readingOrder {index:2;}">
                    <Coords points="1603,3098 1603,3158 1824,3158 1824,3098"/>
                    <TextEquiv>
                        <Unicode>säkerligen</Unicode>
                    </TextEquiv>
                </Word>
                <Word id="tr_2_tl_50_w4" custom="readingOrder {index:3;}">
                    <Coords points="1864,3104 1864,3164 1914,3164 1914,3104"/>
                    <TextEquiv>
                        <Unicode>sig</Unicode>
                    </TextEquiv>
                </Word>
                <TextEquiv>
                    <Unicode>hypokondri, har säkerligen sig</Unicode>
                </TextEquiv>
            </TextLine>
            <TextLine id="tr_2_tl_51" custom="readingOrder {index:50;}">
                <Coords points="1202,3189 1927,3216 1926,3171 1843,3150 1202,3146"/>
                <Baseline points="1209,3183 1245,3181 1281,3182 1317,3183 1353,3183 1389,3183 1425,3185 1461,3186 1497,3186 1533,3186 1569,3186 1605,3189 1641,3189 1677,3189 1713,3190 1749,3192 1785,3192 1821,3194 1857,3195 1893,3194 1929,3192"/>
                <Word id="tr_2_tl_51_w1" custom="readingOrder {index:0;}">
                    <Coords points="1203,3143 1203,3203 1470,3203 1470,3143"/>
                    <TextEquiv>
                        <Unicode>tillförsäkrad</Unicode>
                    </TextEquiv>
                </Word>
                <Word id="tr_2_tl_51_w2" custom="readingOrder {index:1;}">
                    <Coords points="1505,3149 1505,3209 1738,3209 1738,3149"/>
                    <TextEquiv>
                        <Unicode>odödlighet</Unicode>
                    </TextEquiv>
                </Word>
                <Word id="tr_2_tl_51_w3" custom="readingOrder {index:2;}">
                    <Coords points="1767,3152 1767,3212 1813,3212 1813,3152"/>
                    <TextEquiv>
                        <Unicode>på</Unicode>
                    </TextEquiv>
                </Word>
                <Word id="tr_2_tl_51_w4" custom="readingOrder {index:3;}">
                    <Coords points="1843,3154 1843,3214 1923,3214 1923,3154"/>
                    <TextEquiv>
                        <Unicode>sce-</Unicode>
                    </TextEquiv>
                </Word>
                <TextEquiv>
                    <Unicode>tillförsäkrad odödlighet på sce-</Unicode>
                </TextEquiv>
            </TextLine>
            <TextLine id="tr_2_tl_52" custom="readingOrder {index:51;}">
                <Coords points="1199,3235 1221,3240 1228,3236 1247,3244 1261,3237 1273,3241 1285,3237 1290,3241 1299,3237 1298,3198 1284,3200 1267,3189 1255,3202 1226,3196 1198,3204"/>
                <Baseline points="1206,3231 1238,3229 1270,3231 1302,3234"/>
                <Word id="tr_2_tl_52_w1" custom="readingOrder {index:0;}">
                    <Coords points="1197,3189 1197,3249 1294,3249 1294,3189"/>
                    <TextEquiv>
                        <Unicode>nen.</Unicode>
                    </TextEquiv>
                </Word>
                <TextEquiv>
                    <Unicode>nen.</Unicode>
                </TextEquiv>
            </TextLine>
            <TextLine id="tr_2_tl_53" custom="readingOrder {index:52;}">
                <Coords points="1235,3291 1876,3306 1926,3298 1926,3255 1234,3240"/>
                <Baseline points="1242,3279 1276,3279 1310,3281 1345,3282 1379,3282 1413,3282 1448,3284 1482,3285 1516,3285 1551,3285 1585,3285 1619,3286 1654,3288 1688,3288 1722,3288 1757,3289 1791,3290 1825,3290 1860,3292 1894,3291 1929,3288"/>
                <Word id="tr_2_tl_53_w1" custom="readingOrder {index:0;}">
                    <Coords points="1240,3241 1240,3301 1382,3301 1382,3241"/>
                    <TextEquiv>
                        <Unicode>Senare</Unicode>
                    </TextEquiv>
                </Word>
                <Word id="tr_2_tl_53_w2" custom="readingOrder {index:1;}">
                    <Coords points="1411,3243 1411,3303 1456,3303 1456,3243"/>
                    <TextEquiv>
                        <Unicode>ha</Unicode>
                    </TextEquiv>
                </Word>
                <Word id="tr_2_tl_53_w3" custom="readingOrder {index:2;}">
                    <Coords points="1491,3245 1491,3305 1581,3305 1581,3245"/>
                    <TextEquiv>
                        <Unicode>följt</Unicode>
                    </TextEquiv>
                </Word>
                <Word id="tr_2_tl_53_w4" custom="readingOrder {index:3;}">
                    <Coords points="1610,3246 1610,3306 1650,3306 1650,3246"/>
                    <TextEquiv>
                        <Unicode>en</Unicode>
                    </TextEquiv>
                </Word>
                <Word id="tr_2_tl_53_w5" custom="readingOrder {index:4;}">
                    <Coords points="1679,3248 1679,3308 1747,3308 1747,3248"/>
                    <TextEquiv>
                        <Unicode>rad</Unicode>
                    </TextEquiv>
                </Word>
                <Word id="tr_2_tl_53_w6" custom="readingOrder {index:5;}">
                    <Coords points="1781,3251 1781,3311 1923,3311 1923,3251"/>
                    <TextEquiv>
                        <Unicode>skåde-</Unicode>
                    </TextEquiv>
                </Word>
                <TextEquiv>
                    <Unicode>Senare ha följt en rad skåde-</Unicode>
                </TextEquiv>
            </TextLine>
            <TextLine id="tr_2_tl_54" custom="readingOrder {index:53;}">
                <Coords points="1193,3332 1925,3346 1902,3300 1193,3303"/>
                <Baseline points="1200,3326 1236,3328 1272,3331 1308,3332 1345,3332 1381,3332 1417,3332 1454,3332 1490,3333 1526,3335 1563,3335 1599,3335 1635,3335 1671,3337 1708,3338 1744,3338 1780,3341 1817,3341 1853,3341 1889,3341 1926,3338"/>
                <Word id="tr_2_tl_54_w1" custom="readingOrder {index:0;}">
                    <Coords points="1193,3288 1193,3348 1298,3348 1298,3288"/>
                    <TextEquiv>
                        <Unicode>spel,</Unicode>
                    </TextEquiv>
                </Word>
                <Word id="tr_2_tl_54_w2" custom="readingOrder {index:1;}">
                    <Coords points="1315,3292 1315,3352 1510,3352 1510,3292"/>
                    <TextEquiv>
                        <Unicode>uppförda</Unicode>
                    </TextEquiv>
                </Word>
                <Word id="tr_2_tl_54_w3" custom="readingOrder {index:2;}">
                    <Coords points="1547,3295 1547,3355 1637,3355 1637,3295"/>
                    <TextEquiv>
                        <Unicode>även</Unicode>
                    </TextEquiv>
                </Word>
                <Word id="tr_2_tl_54_w4" custom="readingOrder {index:3;}">
                    <Coords points="1670,3297 1670,3357 1738,3357 1738,3297"/>
                    <TextEquiv>
                        <Unicode>hos</Unicode>
                    </TextEquiv>
                </Word>
                <Word id="tr_2_tl_54_w5" custom="readingOrder {index:4;}">
                    <Coords points="1765,3301 1765,3361 1843,3361 1843,3301"/>
                    <TextEquiv>
                        <Unicode>oss,</Unicode>
                    </TextEquiv>
                </Word>
                <Word id="tr_2_tl_54_w6" custom="readingOrder {index:5;}">
                    <Coords points="1860,3301 1860,3361 1917,3361 1917,3301"/>
                    <TextEquiv>
                        <Unicode>så-</Unicode>
                    </TextEquiv>
                </Word>
                <TextEquiv>
                    <Unicode>spel, uppförda även hos oss, så-</Unicode>
                </TextEquiv>
            </TextLine>
            <TextLine id="tr_2_tl_55" custom="readingOrder {index:54;}">
                <Coords points="1193,3391 1240,3385 1250,3389 1258,3386 1267,3392 1293,3382 1292,3347 1257,3344 1241,3351 1236,3346 1232,3349 1225,3346 1214,3337 1209,3339 1200,3331 1192,3332"/>
                <Baseline points="1200,3377 1232,3377 1264,3378 1296,3380"/>
                <Word id="tr_2_tl_55_w1" custom="readingOrder {index:0;}">
                    <Coords points="1199,3337 1199,3397 1259,3397 1259,3337"/>
                    <TextEquiv>
                        <Unicode>som</Unicode>
                    </TextEquiv>
                </Word>
                <TextEquiv>
                    <Unicode>som</Unicode>
                </TextEquiv>
            </TextLine>
            <TextLine id="tr_2_tl_56" custom="readingOrder {index:55;}">
                <Coords points="1376,3400 1438,3386 1470,3396 1481,3386 1514,3400 1540,3391 1567,3400 1565,3344 1538,3333 1498,3343 1485,3355 1458,3339 1374,3342"/>
                <Baseline points="1382,3380 1408,3382 1435,3383 1462,3383 1489,3384 1516,3386 1543,3388 1570,3389"/>
                <Word id="tr_2_tl_56_w1" custom="readingOrder {index:0;}">
                    <Coords points="1370,3343 1370,3403 1562,3403 1562,3343"/>
                    <TextEquiv>
                        <Unicode>'Alskog',</Unicode>
                    </TextEquiv>
                </Word>
                <TextEquiv>
                    <Unicode>'Alskog',</Unicode>
                </TextEquiv>
            </TextLine>
            <TextLine id="tr_2_tl_57" custom="readingOrder {index:56;}">
                <Coords points="1652,3402 1711,3407 1724,3395 1756,3395 1785,3412 1834,3397 1921,3405 1920,3352 1859,3348 1839,3357 1786,3348 1766,3360 1752,3349 1723,3358 1649,3342"/>
                <Baseline points="1657,3389 1683,3387 1710,3387 1736,3388 1763,3389 1790,3389 1816,3391 1843,3392 1869,3392 1896,3393 1923,3395"/>
                <Word id="tr_2_tl_57_w1" custom="readingOrder {index:0;}">
                    <Coords points="1650,3349 1650,3409 1918,3409 1918,3349"/>
                    <TextEquiv>
                        <Unicode>Paracelsus',</Unicode>
                    </TextEquiv>
                </Word>
                <TextEquiv>
                    <Unicode>Paracelsus',</Unicode>
                </TextEquiv>
            </TextLine>
            <TextLine id="tr_2_tl_58" custom="readingOrder {index:57;}">
                <Coords points="1214,3428 1379,3449 1768,3446 1766,3396 1381,3390 1358,3406 1213,3386"/>
                <Baseline points="1221,3425 1248,3427 1275,3428 1303,3428 1330,3429 1358,3431 1385,3431 1413,3431 1440,3431 1468,3433 1495,3434 1522,3436 1550,3436 1577,3434 1605,3434 1632,3435 1660,3436 1687,3438 1715,3440 1742,3440 1770,3440"/>
                <Word id="tr_2_tl_58_w1" custom="readingOrder {index:0;}">
                    <Coords points="1214,3388 1214,3448 1336,3448 1336,3388"/>
                    <TextEquiv>
                        <Unicode>Gröna</Unicode>
                    </TextEquiv>
                </Word>
                <Word id="tr_2_tl_58_w2" custom="readingOrder {index:1;}">
                    <Coords points="1369,3393 1369,3453 1620,3453 1620,3393"/>
                    <TextEquiv>
                        <Unicode>papegojan’</Unicode>
                    </TextEquiv>
                </Word>
                <Word id="tr_2_tl_58_w3" custom="readingOrder {index:2;}">
                    <Coords points="1643,3396 1643,3456 1699,3456 1699,3396"/>
                    <TextEquiv>
                        <Unicode>m.</Unicode>
                    </TextEquiv>
                </Word>
                <Word id="tr_2_tl_58_w4" custom="readingOrder {index:3;}">
                    <Coords points="1716,3400 1716,3460 1771,3460 1771,3400"/>
                    <TextEquiv>
                        <Unicode>fl.</Unicode>
                    </TextEquiv>
                </Word>
                <TextEquiv>
                    <Unicode>Gröna papegojan’ m. fl.</Unicode>
                </TextEquiv>
            </TextLine>
            <TextLine id="tr_2_tl_59" custom="readingOrder {index:58;}">
                <Coords points="1287,3486 1440,3482 1512,3499 1574,3486 1664,3506 1704,3491 1702,3448 1476,3442 1439,3466 1391,3439 1285,3439"/>
                <Baseline points="1293,3476 1318,3476 1344,3476 1370,3476 1396,3477 1421,3479 1447,3480 1473,3482 1499,3482 1524,3482 1550,3482 1576,3482 1602,3482 1627,3482 1653,3482 1679,3484 1705,3485"/>
                <Word id="tr_2_tl_59_w1" custom="readingOrder {index:0;}">
                    <Coords points="1290,3436 1290,3496 1389,3496 1389,3436"/>
                    <TextEquiv>
                        <Unicode>Mest</Unicode>
                    </TextEquiv>
                </Word>
                <Word id="tr_2_tl_59_w2" custom="readingOrder {index:1;}">
                    <Coords points="1462,3442 1462,3502 1681,3502 1681,3442"/>
                    <TextEquiv>
                        <Unicode>uppseende</Unicode>
                    </TextEquiv>
                </Word>
                <TextEquiv>
                    <Unicode>Mest uppseende</Unicode>
                </TextEquiv>
            </TextLine>
            <TextLine id="tr_2_tl_60" custom="readingOrder {index:59;}">
                <Coords points="1787,3493 1854,3499 1892,3491 1904,3496 1929,3494 1929,3444 1887,3450 1871,3438 1820,3442 1808,3434 1798,3439 1787,3435"/>
                <Baseline points="1794,3485 1821,3485 1849,3485 1876,3485 1904,3486 1932,3485"/>
                <Word id="tr_2_tl_60_w1" custom="readingOrder {index:0;}">
                    <Coords points="1788,3445 1788,3505 1915,3505 1915,3445"/>
                    <TextEquiv>
                        <Unicode>väckte</Unicode>
                    </TextEquiv>
                </Word>
                <TextEquiv>
                    <Unicode>väckte</Unicode>
                </TextEquiv>
            </TextLine>
            <TextLine id="tr_2_tl_61" custom="readingOrder {index:60;}">
                <Coords points="1193,3531 1927,3551 1926,3494 1729,3487 1632,3520 1439,3482 1342,3521 1192,3482"/>
                <Baseline points="1200,3523 1236,3525 1272,3526 1309,3527 1345,3529 1382,3529 1418,3529 1455,3529 1491,3530 1528,3532 1564,3532 1600,3532 1637,3534 1673,3535 1710,3535 1746,3536 1783,3538 1819,3538 1856,3538 1892,3538 1929,3535"/>
                <Word id="tr_2_tl_61_w1" custom="readingOrder {index:0;}">
                    <Coords points="1193,3485 1193,3545 1288,3545 1288,3485"/>
                    <TextEquiv>
                        <Unicode>hans</Unicode>
                    </TextEquiv>
                </Word>
                <Word id="tr_2_tl_61_w2" custom="readingOrder {index:1;}">
                    <Coords points="1362,3489 1362,3549 1589,3549 1589,3489"/>
                    <TextEquiv>
                        <Unicode>dialogserie</Unicode>
                    </TextEquiv>
                </Word>
                <Word id="tr_2_tl_61_w3" custom="readingOrder {index:2;}">
                    <Coords points="1675,3495 1675,3555 1731,3555 1731,3495"/>
                    <TextEquiv>
                        <Unicode>(sà</Unicode>
                    </TextEquiv>
                </Word>
                <Word id="tr_2_tl_61_w4" custom="readingOrder {index:3;}">
                    <Coords points="1789,3498 1789,3558 1907,3558 1907,3498"/>
                    <TextEquiv>
                        <Unicode>typisk</Unicode>
                    </TextEquiv>
                </Word>
                <TextEquiv>
                    <Unicode>hans dialogserie (sà typisk</Unicode>
                </TextEquiv>
            </TextLine>
            <TextLine id="tr_2_tl_62" custom="readingOrder {index:61;}">
                <Coords points="1193,3582 1705,3606 1926,3588 1909,3544 1779,3563 1193,3531"/>
                <Baseline points="1200,3577 1236,3577 1272,3579 1309,3580 1345,3580 1382,3580 1418,3580 1455,3582 1491,3582 1528,3581 1564,3583 1600,3583 1637,3583 1673,3583 1710,3584 1746,3585 1783,3583 1819,3585 1856,3584 1892,3583 1929,3583"/>
                <Word id="tr_2_tl_62_w1" custom="readingOrder {index:0;}">
                    <Coords points="1193,3537 1193,3597 1252,3597 1252,3537"/>
                    <TextEquiv>
                        <Unicode>för</Unicode>
                    </TextEquiv>
                </Word>
                <Word id="tr_2_tl_62_w2" custom="readingOrder {index:1;}">
                    <Coords points="1301,3540 1301,3600 1398,3600 1398,3540"/>
                    <TextEquiv>
                        <Unicode>hans</Unicode>
                    </TextEquiv>
                </Word>
                <Word id="tr_2_tl_62_w3" custom="readingOrder {index:2;}">
                    <Coords points="1447,3542 1447,3602 1517,3602 1517,3542"/>
                    <TextEquiv>
                        <Unicode>stil</Unicode>
                    </TextEquiv>
                </Word>
                <Word id="tr_2_tl_62_w4" custom="readingOrder {index:3;}">
                    <Coords points="1539,3543 1539,3603 1599,3603 1599,3543"/>
                    <TextEquiv>
                        <Unicode>och</Unicode>
                    </TextEquiv>
                </Word>
                <Word id="tr_2_tl_62_w5" custom="readingOrder {index:4;}">
                    <Coords points="1632,3543 1632,3603 1761,3603 1761,3543"/>
                    <TextEquiv>
                        <Unicode>form)</Unicode>
                    </TextEquiv>
                </Word>
                <Word id="tr_2_tl_62_w6" custom="readingOrder {index:5;}">
                    <Coords points="1810,3543 1810,3603 1918,3603 1918,3543"/>
                    <TextEquiv>
                        <Unicode>"Rei¬</Unicode>
                    </TextEquiv>
                </Word>
                <TextEquiv>
                    <Unicode>för hans stil och form) "Rei¬</Unicode>
                </TextEquiv>
            </TextLine>
            <TextLine id="tr_2_tl_63" custom="readingOrder {index:62;}">
                <Coords points="1193,3646 1924,3647 1924,3595 1813,3584 1697,3605 1193,3582"/>
                <Baseline points="1200,3634 1236,3629 1272,3628 1308,3629 1345,3631 1381,3631 1417,3631 1454,3631 1490,3632 1526,3634 1563,3634 1599,3634 1635,3634 1671,3636 1708,3637 1744,3637 1780,3637 1817,3637 1853,3637 1889,3637 1926,3637"/>
                <Word id="tr_2_tl_63_w1" custom="readingOrder {index:0;}">
                    <Coords points="1194,3588 1194,3648 1280,3648 1280,3588"/>
                    <TextEquiv>
                        <Unicode>gen”</Unicode>
                    </TextEquiv>
                </Word>
                <Word id="tr_2_tl_63_w2" custom="readingOrder {index:1;}">
                    <Coords points="1328,3591 1328,3651 1572,3651 1572,3591"/>
                    <TextEquiv>
                        <Unicode>(ringdans),</Unicode>
                    </TextEquiv>
                </Word>
                <Word id="tr_2_tl_63_w3" custom="readingOrder {index:2;}">
                    <Coords points="1596,3594 1596,3654 1659,3654 1659,3594"/>
                    <TextEquiv>
                        <Unicode>som</Unicode>
                    </TextEquiv>
                </Word>
                <Word id="tr_2_tl_63_w4" custom="readingOrder {index:3;}">
                    <Coords points="1706,3597 1706,3657 1915,3657 1915,3597"/>
                    <TextEquiv>
                        <Unicode>författats</Unicode>
                    </TextEquiv>
                </Word>
                <TextEquiv>
                    <Unicode>gen” (ringdans), som författats</Unicode>
                </TextEquiv>
            </TextLine>
            <TextLine id="tr_2_tl_64" custom="readingOrder {index:63;}">
                <Coords points="1197,3688 1926,3705 1925,3649 1731,3642 1696,3669 1625,3638 1197,3642"/>
                <Baseline points="1203,3679 1239,3679 1275,3679 1311,3679 1348,3680 1384,3682 1420,3682 1457,3682 1493,3682 1529,3682 1566,3682 1602,3685 1638,3685 1674,3687 1711,3688 1747,3688 1783,3688 1820,3688 1856,3688 1892,3688 1929,3691"/>
                <Word id="tr_2_tl_64_w1" custom="readingOrder {index:0;}">
                    <Coords points="1197,3639 1197,3699 1279,3699 1279,3639"/>
                    <TextEquiv>
                        <Unicode>1896</Unicode>
                    </TextEquiv>
                </Word>
                <Word id="tr_2_tl_64_w2" custom="readingOrder {index:1;}">
                    <Coords points="1316,3640 1316,3700 1387,3700 1387,3640"/>
                    <TextEquiv>
                        <Unicode>men</Unicode>
                    </TextEquiv>
                </Word>
                <Word id="tr_2_tl_64_w3" custom="readingOrder {index:2;}">
                    <Coords points="1424,3642 1424,3702 1656,3702 1656,3642"/>
                    <TextEquiv>
                        <Unicode>framfördes</Unicode>
                    </TextEquiv>
                </Word>
                <Word id="tr_2_tl_64_w4" custom="readingOrder {index:3;}">
                    <Coords points="1703,3648 1703,3708 1748,3708 1748,3648"/>
                    <TextEquiv>
                        <Unicode>på</Unicode>
                    </TextEquiv>
                </Word>
                <Word id="tr_2_tl_64_w5" custom="readingOrder {index:4;}">
                    <Coords points="1780,3648 1780,3708 1908,3708 1908,3648"/>
                    <TextEquiv>
                        <Unicode>scenen</Unicode>
                    </TextEquiv>
                </Word>
                <TextEquiv>
                    <Unicode>1896 men framfördes på scenen</Unicode>
                </TextEquiv>
            </TextLine>
            <TextLine id="tr_2_tl_65" custom="readingOrder {index:64;}">
                <Coords points="1197,3737 1924,3744 1905,3695 1197,3695"/>
                <Baseline points="1203,3726 1239,3728 1275,3729 1311,3729 1347,3729 1383,3729 1419,3731 1456,3732 1492,3733 1528,3735 1564,3735 1600,3735 1636,3735 1672,3735 1709,3735 1745,3735 1781,3738 1817,3738 1853,3738 1889,3737 1926,3732"/>
                <Word id="tr_2_tl_65_w1" custom="readingOrder {index:0;}">
                    <Coords points="1198,3688 1198,3748 1291,3748 1291,3688"/>
                    <TextEquiv>
                        <Unicode>först</Unicode>
                    </TextEquiv>
                </Word>
                <Word id="tr_2_tl_65_w2" custom="readingOrder {index:1;}">
                    <Coords points="1325,3689 1325,3749 1429,3749 1429,3689"/>
                    <TextEquiv>
                        <Unicode>1921.</Unicode>
                    </TextEquiv>
                </Word>
                <Word id="tr_2_tl_65_w3" custom="readingOrder {index:2;}">
                    <Coords points="1474,3694 1474,3754 1551,3754 1551,3694"/>
                    <TextEquiv>
                        <Unicode>Den</Unicode>
                    </TextEquiv>
                </Word>
                <Word id="tr_2_tl_65_w4" custom="readingOrder {index:3;}">
                    <Coords points="1585,3695 1585,3755 1806,3755 1806,3695"/>
                    <TextEquiv>
                        <Unicode>föranledde</Unicode>
                    </TextEquiv>
                </Word>
                <Word id="tr_2_tl_65_w5" custom="readingOrder {index:4;}">
                    <Coords points="1834,3697 1834,3757 1916,3757 1916,3697"/>
                    <TextEquiv>
                        <Unicode>häf-</Unicode>
                    </TextEquiv>
                </Word>
                <TextEquiv>
                    <Unicode>först 1921. Den föranledde häf-</Unicode>
                </TextEquiv>
            </TextLine>
            <TextLine id="tr_2_tl_66" custom="readingOrder {index:65;}">
                <Coords points="1193,3787 1924,3808 1924,3744 1844,3766 1609,3739 1529,3767 1443,3737 1193,3745"/>
                <Baseline points="1200,3780 1236,3780 1272,3780 1308,3780 1345,3781 1381,3783 1417,3783 1454,3783 1490,3783 1526,3783 1563,3783 1599,3783 1635,3785 1671,3786 1708,3786 1744,3786 1780,3786 1817,3788 1853,3789 1889,3789 1926,3792"/>
                <Word id="tr_2_tl_66_w1" custom="readingOrder {index:0;}">
                    <Coords points="1194,3740 1194,3800 1240,3800 1240,3740"/>
                    <TextEquiv>
                        <Unicode>tig</Unicode>
                    </TextEquiv>
                </Word>
                <Word id="tr_2_tl_66_w2" custom="readingOrder {index:1;}">
                    <Coords points="1275,3742 1275,3802 1482,3802 1482,3742"/>
                    <TextEquiv>
                        <Unicode>diskussion</Unicode>
                    </TextEquiv>
                </Word>
                <Word id="tr_2_tl_66_w3" custom="readingOrder {index:2;}">
                    <Coords points="1541,3743 1541,3803 1603,3803 1603,3743"/>
                    <TextEquiv>
                        <Unicode>och</Unicode>
                    </TextEquiv>
                </Word>
                <Word id="tr_2_tl_66_w4" custom="readingOrder {index:3;}">
                    <Coords points="1639,3746 1639,3806 1811,3806 1811,3746"/>
                    <TextEquiv>
                        <Unicode>förbjöds</Unicode>
                    </TextEquiv>
                </Word>
                <Word id="tr_2_tl_66_w5" custom="readingOrder {index:4;}">
                    <Coords points="1864,3749 1864,3809 1904,3809 1904,3749"/>
                    <TextEquiv>
                        <Unicode>pä</Unicode>
                    </TextEquiv>
                </Word>
                <TextEquiv>
                    <Unicode>tig diskussion och förbjöds pä</Unicode>
                </TextEquiv>
            </TextLine>
            <TextLine id="tr_2_tl_67" custom="readingOrder {index:66;}">
                <Coords points="1197,3834 1460,3854 1700,3845 1699,3798 1379,3787 1242,3801 1196,3781"/>
                <Baseline points="1203,3831 1229,3829 1255,3828 1281,3830 1308,3831 1334,3831 1360,3831 1386,3831 1413,3833 1439,3833 1465,3831 1491,3832 1518,3834 1544,3834 1570,3834 1596,3834 1623,3835 1649,3837 1675,3837 1702,3837"/>
                <Word id="tr_2_tl_67_w1" custom="readingOrder {index:0;}">
                    <Coords points="1196,3788 1196,3848 1278,3848 1278,3788"/>
                    <TextEquiv>
                        <Unicode>flera</Unicode>
                    </TextEquiv>
                </Word>
                <Word id="tr_2_tl_67_w2" custom="readingOrder {index:1;}">
                    <Coords points="1310,3791 1310,3851 1392,3851 1392,3791"/>
                    <TextEquiv>
                        <Unicode>hâll</Unicode>
                    </TextEquiv>
                </Word>
                <Word id="tr_2_tl_67_w3" custom="readingOrder {index:2;}">
                    <Coords points="1413,3793 1413,3853 1455,3853 1455,3793"/>
                    <TextEquiv>
                        <Unicode>av</Unicode>
                    </TextEquiv>
                </Word>
                <Word id="tr_2_tl_67_w4" custom="readingOrder {index:3;}">
                    <Coords points="1481,3794 1481,3854 1688,3854 1688,3794"/>
                    <TextEquiv>
                        <Unicode>censuren.</Unicode>
                    </TextEquiv>
                </Word>
                <TextEquiv>
                    <Unicode>flera hâll av censuren.</Unicode>
                </TextEquiv>
            </TextLine>
            <TextLine id="tr_2_tl_68" custom="readingOrder {index:67;}">
                <Coords points="1235,3882 1927,3902 1926,3845 1891,3840 1536,3859 1235,3834"/>
                <Baseline points="1242,3879 1276,3879 1310,3881 1345,3882 1379,3882 1413,3882 1448,3882 1482,3883 1516,3885 1551,3885 1585,3885 1619,3886 1654,3888 1688,3888 1722,3888 1757,3888 1791,3889 1825,3891 1860,3889 1894,3890 1929,3888"/>
                <Word id="tr_2_tl_68_w1" custom="readingOrder {index:0;}">
                    <Coords points="1241,3841 1241,3901 1444,3901 1444,3841"/>
                    <TextEquiv>
                        <Unicode>Schnitzler</Unicode>
                    </TextEquiv>
                </Word>
                <Word id="tr_2_tl_68_w2" custom="readingOrder {index:1;}">
                    <Coords points="1479,3844 1479,3904 1540,3904 1540,3844"/>
                    <TextEquiv>
                        <Unicode>var</Unicode>
                    </TextEquiv>
                </Word>
                <Word id="tr_2_tl_68_w3" custom="readingOrder {index:2;}">
                    <Coords points="1569,3845 1569,3905 1631,3905 1631,3845"/>
                    <TextEquiv>
                        <Unicode>till</Unicode>
                    </TextEquiv>
                </Word>
                <Word id="tr_2_tl_68_w4" custom="readingOrder {index:3;}">
                    <Coords points="1654,3848 1654,3908 1789,3908 1789,3848"/>
                    <TextEquiv>
                        <Unicode>börden</Unicode>
                    </TextEquiv>
                </Word>
                <Word id="tr_2_tl_68_w5" custom="readingOrder {index:4;}">
                    <Coords points="1823,3849 1823,3909 1908,3909 1908,3849"/>
                    <TextEquiv>
                        <Unicode>jude</Unicode>
                    </TextEquiv>
                </Word>
                <TextEquiv>
                    <Unicode>Schnitzler var till börden jude</Unicode>
                </TextEquiv>
            </TextLine>
            <TextLine id="tr_2_tl_69" custom="readingOrder {index:68;}">
                <Coords points="1193,3938 1860,3953 1926,3946 1925,3900 1192,3902"/>
                <Baseline points="1200,3930 1236,3930 1272,3930 1309,3931 1345,3933 1382,3933 1418,3933 1455,3935 1491,3936 1528,3936 1564,3936 1600,3936 1637,3938 1673,3939 1710,3939 1746,3939 1783,3939 1819,3939 1856,3939 1892,3939 1929,3942"/>
                <Word id="tr_2_tl_69_w1" custom="readingOrder {index:0;}">
                    <Coords points="1193,3890 1193,3950 1253,3950 1253,3890"/>
                    <TextEquiv>
                        <Unicode>och</Unicode>
                    </TextEquiv>
                </Word>
                <Word id="tr_2_tl_69_w2" custom="readingOrder {index:1;}">
                    <Coords points="1281,3891 1281,3951 1341,3951 1341,3891"/>
                    <TextEquiv>
                        <Unicode>till</Unicode>
                    </TextEquiv>
                </Word>
                <Word id="tr_2_tl_69_w3" custom="readingOrder {index:2;}">
                    <Coords points="1358,3893 1358,3953 1463,3953 1463,3893"/>
                    <TextEquiv>
                        <Unicode>yrket</Unicode>
                    </TextEquiv>
                </Word>
                <Word id="tr_2_tl_69_w4" custom="readingOrder {index:3;}">
                    <Coords points="1486,3896 1486,3956 1635,3956 1635,3896"/>
                    <TextEquiv>
                        <Unicode>läkare.</Unicode>
                    </TextEquiv>
                </Word>
                <Word id="tr_2_tl_69_w5" custom="readingOrder {index:4;}">
                    <Coords points="1675,3899 1675,3959 1757,3959 1757,3899"/>
                    <TextEquiv>
                        <Unicode>Icke</Unicode>
                    </TextEquiv>
                </Word>
                <Word id="tr_2_tl_69_w6" custom="readingOrder {index:5;}">
                    <Coords points="1797,3899 1797,3959 1912,3959 1912,3899"/>
                    <TextEquiv>
                        <Unicode>minst</Unicode>
                    </TextEquiv>
                </Word>
                <TextEquiv>
                    <Unicode>och till yrket läkare. Icke minst</Unicode>
                </TextEquiv>
            </TextLine>
            <TextLine id="tr_2_tl_70" custom="readingOrder {index:69;}">
                <Coords points="1187,3995 1920,3998 1920,3942 1187,3945"/>
                <Baseline points="1194,3980 1230,3980 1266,3980 1303,3980 1339,3981 1376,3983 1412,3983 1449,3983 1485,3983 1522,3984 1558,3986 1594,3986 1631,3988 1667,3987 1704,3987 1740,3989 1777,3989 1813,3989 1850,3989 1886,3989 1923,3992"/>
                <Word id="tr_2_tl_70_w1" custom="readingOrder {index:0;}">
                    <Coords points="1188,3940 1188,4000 1198,4000 1198,3940"/>
                    <TextEquiv>
                        <Unicode>i</Unicode>
                    </TextEquiv>
                </Word>
                <Word id="tr_2_tl_70_w2" custom="readingOrder {index:1;}">
                    <Coords points="1221,3940 1221,4000 1315,4000 1315,3940"/>
                    <TextEquiv>
                        <Unicode>hans</Unicode>
                    </TextEquiv>
                </Word>
                <Word id="tr_2_tl_70_w3" custom="readingOrder {index:2;}">
                    <Coords points="1344,3943 1344,4003 1555,4003 1555,3943"/>
                    <TextEquiv>
                        <Unicode>novellistik</Unicode>
                    </TextEquiv>
                </Word>
                <Word id="tr_2_tl_70_w4" custom="readingOrder {index:3;}">
                    <Coords points="1589,3947 1589,4007 1655,4007 1655,3947"/>
                    <TextEquiv>
                        <Unicode>har</Unicode>
                    </TextEquiv>
                </Word>
                <Word id="tr_2_tl_70_w5" custom="readingOrder {index:4;}">
                    <Coords points="1684,3948 1684,4008 1783,4008 1783,3948"/>
                    <TextEquiv>
                        <Unicode>efter</Unicode>
                    </TextEquiv>
                </Word>
                <Word id="tr_2_tl_70_w6" custom="readingOrder {index:5;}">
                    <Coords points="1812,3949 1812,4009 1900,4009 1900,3949"/>
                    <TextEquiv>
                        <Unicode>hand</Unicode>
                    </TextEquiv>
                </Word>
                <TextEquiv>
                    <Unicode>i hans novellistik har efter hand</Unicode>
                </TextEquiv>
            </TextLine>
            <TextLine id="tr_2_tl_71" custom="readingOrder {index:70;}">
                <Coords points="1191,4043 1884,4059 1921,4050 1920,3998 1189,3994"/>
                <Baseline points="1197,4031 1233,4031 1269,4031 1305,4032 1342,4034 1378,4034 1414,4034 1451,4034 1487,4035 1523,4037 1560,4038 1596,4042 1632,4041 1668,4040 1705,4040 1741,4040 1777,4040 1814,4040 1850,4040 1886,4039 1923,4037"/>
                <Word id="tr_2_tl_71_w1" custom="readingOrder {index:0;}">
                    <Coords points="1190,3991 1190,4051 1224,4051 1224,3991"/>
                    <TextEquiv>
                        <Unicode>en</Unicode>
                    </TextEquiv>
                </Word>
                <Word id="tr_2_tl_71_w2" custom="readingOrder {index:1;}">
                    <Coords points="1259,3992 1259,4052 1374,4052 1374,3992"/>
                    <TextEquiv>
                        <Unicode>social</Unicode>
                    </TextEquiv>
                </Word>
                <Word id="tr_2_tl_71_w3" custom="readingOrder {index:2;}">
                    <Coords points="1392,3994 1392,4054 1553,4054 1553,3994"/>
                    <TextEquiv>
                        <Unicode>idévärld</Unicode>
                    </TextEquiv>
                </Word>
                <Word id="tr_2_tl_71_w4" custom="readingOrder {index:3;}">
                    <Coords points="1583,4001 1583,4061 1681,4061 1681,4001"/>
                    <TextEquiv>
                        <Unicode>gjort</Unicode>
                    </TextEquiv>
                </Word>
                <Word id="tr_2_tl_71_w5" custom="readingOrder {index:4;}">
                    <Coords points="1704,4000 1704,4060 1756,4060 1756,4000"/>
                    <TextEquiv>
                        <Unicode>sig</Unicode>
                    </TextEquiv>
                </Word>
                <Word id="tr_2_tl_71_w6" custom="readingOrder {index:5;}">
                    <Coords points="1785,4000 1785,4060 1912,4060 1912,4000"/>
                    <TextEquiv>
                        <Unicode>skönj-</Unicode>
                    </TextEquiv>
                </Word>
                <TextEquiv>
                    <Unicode>en social idévärld gjort sig skönj-</Unicode>
                </TextEquiv>
            </TextLine>
            <TextLine id="tr_2_tl_72" custom="readingOrder {index:71;}">
                <Coords points="1193,4087 1911,4096 1911,4057 1825,4045 1492,4042 1443,4064 1385,4038 1193,4044"/>
                <Baseline points="1200,4079 1235,4081 1271,4082 1307,4083 1342,4085 1378,4085 1414,4085 1449,4085 1485,4085 1521,4085 1557,4088 1592,4088 1628,4088 1664,4088 1699,4088 1735,4091 1771,4091 1806,4091 1842,4090 1878,4088 1914,4091"/>
                <Word id="tr_2_tl_72_w1" custom="readingOrder {index:0;}">
                    <Coords points="1193,4040 1193,4100 1251,4100 1251,4040"/>
                    <TextEquiv>
                        <Unicode>bar</Unicode>
                    </TextEquiv>
                </Word>
                <Word id="tr_2_tl_72_w2" custom="readingOrder {index:1;}">
                    <Coords points="1278,4043 1278,4103 1341,4103 1341,4043"/>
                    <TextEquiv>
                        <Unicode>och</Unicode>
                    </TextEquiv>
                </Word>
                <Word id="tr_2_tl_72_w3" custom="readingOrder {index:2;}">
                    <Coords points="1379,4045 1379,4105 1415,4105 1415,4045"/>
                    <TextEquiv>
                        <Unicode>de</Unicode>
                    </TextEquiv>
                </Word>
                <Word id="tr_2_tl_72_w4" custom="readingOrder {index:3;}">
                    <Coords points="1469,4048 1469,4108 1787,4108 1787,4048"/>
                    <TextEquiv>
                        <Unicode>framskridande</Unicode>
                    </TextEquiv>
                </Word>
                <Word id="tr_2_tl_72_w5" custom="readingOrder {index:4;}">
                    <Coords points="1819,4049 1819,4109 1898,4109 1898,4049"/>
                    <TextEquiv>
                        <Unicode>åren</Unicode>
                    </TextEquiv>
                </Word>
                <TextEquiv>
                    <Unicode>bar och de framskridande åren</Unicode>
                </TextEquiv>
            </TextLine>
            <TextLine id="tr_2_tl_73" custom="readingOrder {index:72;}">
                <Coords points="1187,4144 1913,4149 1911,4098 1351,4090 1307,4116 1187,4087"/>
                <Baseline points="1194,4133 1230,4133 1266,4133 1302,4134 1338,4136 1374,4136 1410,4136 1446,4136 1482,4136 1518,4137 1554,4139 1590,4136 1626,4138 1662,4139 1698,4139 1734,4139 1770,4142 1806,4142 1842,4142 1878,4142 1914,4142"/>
                <Word id="tr_2_tl_73_w1" custom="readingOrder {index:0;}">
                    <Coords points="1188,4093 1188,4153 1276,4153 1276,4093"/>
                    <TextEquiv>
                        <Unicode>hade</Unicode>
                    </TextEquiv>
                </Word>
                <Word id="tr_2_tl_73_w2" custom="readingOrder {index:1;}">
                    <Coords points="1315,4096 1315,4156 1476,4156 1476,4096"/>
                    <TextEquiv>
                        <Unicode>djupare</Unicode>
                    </TextEquiv>
                </Word>
                <Word id="tr_2_tl_73_w3" custom="readingOrder {index:2;}">
                    <Coords points="1505,4097 1505,4157 1537,4157 1537,4097"/>
                    <TextEquiv>
                        <Unicode>än</Unicode>
                    </TextEquiv>
                </Word>
                <Word id="tr_2_tl_73_w4" custom="readingOrder {index:3;}">
                    <Coords points="1571,4097 1571,4157 1649,4157 1649,4097"/>
                    <TextEquiv>
                        <Unicode>förr</Unicode>
                    </TextEquiv>
                </Word>
                <Word id="tr_2_tl_73_w5" custom="readingOrder {index:4;}">
                    <Coords points="1672,4099 1672,4159 1794,4159 1794,4099"/>
                    <TextEquiv>
                        <Unicode>riktat</Unicode>
                    </TextEquiv>
                </Word>
                <Word id="tr_2_tl_73_w6" custom="readingOrder {index:5;}">
                    <Coords points="1817,4102 1817,4162 1904,4162 1904,4102"/>
                    <TextEquiv>
                        <Unicode>hans</Unicode>
                    </TextEquiv>
                </Word>
                <TextEquiv>
                    <Unicode>hade djupare än förr riktat hans</Unicode>
                </TextEquiv>
            </TextLine>
            <TextLine id="tr_2_tl_74" custom="readingOrder {index:73;}">
                <Coords points="1187,4199 1914,4202 1900,4148 1669,4171 1592,4141 1187,4148"/>
                <Baseline points="1194,4180 1230,4182 1266,4183 1302,4183 1338,4183 1374,4183 1410,4183 1447,4185 1483,4186 1519,4186 1555,4186 1591,4183 1627,4181 1663,4183 1700,4187 1736,4189 1772,4189 1808,4191 1844,4190 1880,4189 1917,4189"/>
                <Word id="tr_2_tl_74_w1" custom="readingOrder {index:0;}">
                    <Coords points="1187,4142 1187,4202 1297,4202 1297,4142"/>
                    <TextEquiv>
                        <Unicode>tanke</Unicode>
                    </TextEquiv>
                </Word>
                <Word id="tr_2_tl_74_w2" custom="readingOrder {index:1;}">
                    <Coords points="1330,4143 1330,4203 1372,4203 1372,4143"/>
                    <TextEquiv>
                        <Unicode>på</Unicode>
                    </TextEquiv>
                </Word>
                <Word id="tr_2_tl_74_w3" custom="readingOrder {index:2;}">
                    <Coords points="1404,4143 1404,4203 1446,4203 1446,4143"/>
                    <TextEquiv>
                        <Unicode>de</Unicode>
                    </TextEquiv>
                </Word>
                <Word id="tr_2_tl_74_w4" custom="readingOrder {index:3;}">
                    <Coords points="1478,4146 1478,4206 1626,4206 1626,4146"/>
                    <TextEquiv>
                        <Unicode>problem</Unicode>
                    </TextEquiv>
                </Word>
                <Word id="tr_2_tl_74_w5" custom="readingOrder {index:4;}">
                    <Coords points="1700,4148 1700,4208 1764,4208 1764,4148"/>
                    <TextEquiv>
                        <Unicode>som</Unicode>
                    </TextEquiv>
                </Word>
                <Word id="tr_2_tl_74_w6" custom="readingOrder {index:5;}">
                    <Coords points="1812,4149 1812,4209 1901,4209 1901,4149"/>
                    <TextEquiv>
                        <Unicode>hans</Unicode>
                    </TextEquiv>
                </Word>
                <TextEquiv>
                    <Unicode>tanke på de problem som hans</Unicode>
                </TextEquiv>
            </TextLine>
            <TextLine id="tr_2_tl_75" custom="readingOrder {index:74;}">
                <Coords points="1192,4241 1749,4251 1793,4245 1792,4196 1533,4192 1482,4214 1408,4189 1191,4200"/>
                <Baseline points="1197,4231 1227,4229 1257,4229 1287,4231 1317,4233 1347,4234 1377,4234 1407,4234 1437,4235 1467,4237 1497,4237 1527,4237 1557,4237 1587,4237 1617,4237 1647,4237 1677,4239 1707,4240 1737,4240 1767,4242 1797,4243"/>
                <Word id="tr_2_tl_75_w1" custom="readingOrder {index:0;}">
                    <Coords points="1190,4189 1190,4249 1273,4249 1273,4189"/>
                    <TextEquiv>
                        <Unicode>egen</Unicode>
                    </TextEquiv>
                </Word>
                <Word id="tr_2_tl_75_w2" custom="readingOrder {index:1;}">
                    <Coords points="1304,4193 1304,4253 1362,4253 1362,4193"/>
                    <TextEquiv>
                        <Unicode>ras</Unicode>
                    </TextEquiv>
                </Word>
                <Word id="tr_2_tl_75_w3" custom="readingOrder {index:2;}">
                    <Coords points="1393,4194 1393,4254 1456,4254 1456,4194"/>
                    <TextEquiv>
                        <Unicode>har</Unicode>
                    </TextEquiv>
                </Word>
                <Word id="tr_2_tl_75_w4" custom="readingOrder {index:3;}">
                    <Coords points="1481,4197 1481,4257 1540,4257 1540,4197"/>
                    <TextEquiv>
                        <Unicode>att</Unicode>
                    </TextEquiv>
                </Word>
                <Word id="tr_2_tl_75_w5" custom="readingOrder {index:4;}">
                    <Coords points="1565,4198 1565,4258 1782,4258 1782,4198"/>
                    <TextEquiv>
                        <Unicode>begrunda.</Unicode>
                    </TextEquiv>
                </Word>
                <TextEquiv>
                    <Unicode>egen ras har att begrunda.</Unicode>
                </TextEquiv>
            </TextLine>
            <TextLine id="tr_2_tl_76" custom="readingOrder {index:75;}">
                <Coords points="1582,4296 1604,4300 1608,4296 1627,4298 1645,4306 1657,4301 1669,4305 1667,4247 1635,4251 1629,4246 1605,4251 1598,4244 1579,4247"/>
                <Baseline points="1588,4294 1616,4292 1644,4293 1672,4297"/>
                <TextEquiv>
                    <Unicode></Unicode>
                </TextEquiv>
            </TextLine>
            <TextEquiv>
                <Unicode></Unicode>
            </TextEquiv>
        </TextRegion>
        <TextRegion orientation="0.0" id="tr_3" custom="readingOrder {index:2;}">
            <Coords points="2027,1429 2027,4117 3058,4117 3058,1429"/>
            <TextLine id="tr_3_tl_1" custom="readingOrder {index:0;}">
                <Coords points="2124,1486 2237,1507 2970,1465 2973,1394 2856,1376 2561,1371 2493,1401 2215,1401 2127,1437"/>
                <Baseline points="2132,1478 2174,1479 2216,1480 2258,1478 2300,1477 2342,1475 2384,1475 2426,1475 2468,1472 2510,1472 2553,1469 2595,1471 2637,1470 2679,1463 2721,1464 2763,1465 2805,1463 2847,1462 2889,1457 2931,1454 2974,1457"/>
                <Word id="tr_3_tl_1_w1" custom="readingOrder {index:0;}">
                    <Coords points="2139,1429 2139,1489 2942,1489 2942,1429"/>
                    <TextEquiv>
                        <Unicode>OBSERVER“</Unicode>
                    </TextEquiv>
                </Word>
                <TextEquiv>
                    <Unicode>OBSERVER“</Unicode>
                </TextEquiv>
            </TextLine>
            <TextLine id="tr_3_tl_2" custom="readingOrder {index:1;}">
                <Coords points="2229,1544 2868,1523 2868,1497 2833,1482 2230,1506"/>
                <Baseline points="2236,1537 2267,1536 2299,1534 2331,1534 2363,1533 2395,1532 2426,1532 2458,1530 2490,1529 2522,1528 2554,1526 2585,1524 2617,1523 2649,1523 2681,1521 2713,1520 2744,1520 2776,1520 2808,1520 2840,1518 2872,1514"/>
                <Word id="tr_3_tl_2_w1" custom="readingOrder {index:0;}">
                    <Coords points="2232,1496 2232,1556 2255,1556 2255,1496"/>
                    <TextEquiv>
                        <Unicode>I.</Unicode>
                    </TextEquiv>
                </Word>
                <Word id="tr_3_tl_2_w2" custom="readingOrder {index:1;}">
                    <Coords points="2269,1494 2269,1554 2388,1554 2388,1494"/>
                    <TextEquiv>
                        <Unicode>österr.</Unicode>
                    </TextEquiv>
                </Word>
                <Word id="tr_3_tl_2_w3" custom="readingOrder {index:2;}">
                    <Coords points="2398,1489 2398,1549 2549,1549 2549,1489"/>
                    <TextEquiv>
                        <Unicode>behördl.</Unicode>
                    </TextEquiv>
                </Word>
                <Word id="tr_3_tl_2_w4" custom="readingOrder {index:3;}">
                    <Coords points="2564,1480 2564,1540 2863,1540 2863,1480"/>
                    <TextEquiv>
                        <Unicode>konzessioniertes</Unicode>
                    </TextEquiv>
                </Word>
                <TextEquiv>
                    <Unicode>I. österr. behördl. konzessioniertes</Unicode>
                </TextEquiv>
            </TextLine>
            <TextLine id="tr_3_tl_3" custom="readingOrder {index:2;}">
                <Coords points="2186,1593 2920,1574 2918,1508 2754,1536 2188,1535"/>
                <Baseline points="2192,1582 2228,1579 2265,1578 2301,1576 2338,1573 2374,1573 2411,1571 2447,1570 2484,1569 2520,1567 2557,1567 2594,1565 2630,1564 2667,1563 2703,1561 2740,1561 2776,1561 2813,1559 2849,1558 2886,1557 2923,1555"/>
                <Word id="tr_3_tl_3_w1" custom="readingOrder {index:0;}">
                    <Coords points="2185,1536 2185,1596 2417,1596 2417,1536"/>
                    <TextEquiv>
                        <Unicode>Unternehmen</Unicode>
                    </TextEquiv>
                </Word>
                <Word id="tr_3_tl_3_w2" custom="readingOrder {index:1;}">
                    <Coords points="2450,1529 2450,1589 2496,1589 2496,1529"/>
                    <TextEquiv>
                        <Unicode>für</Unicode>
                    </TextEquiv>
                </Word>
                <Word id="tr_3_tl_3_w3" custom="readingOrder {index:2;}">
                    <Coords points="2520,1521 2520,1581 2902,1581 2902,1521"/>
                    <TextEquiv>
                        <Unicode>Zeitungs-Ausschnitte</Unicode>
                    </TextEquiv>
                </Word>
                <TextEquiv>
                    <Unicode>Unternehmen für Zeitungs-Ausschnitte</Unicode>
                </TextEquiv>
            </TextLine>
            <TextLine id="tr_3_tl_4" custom="readingOrder {index:3;}">
                <Coords points="2237,1649 2537,1631 2878,1647 2879,1584 2771,1565 2510,1579 2464,1604 2311,1582 2239,1599"/>
                <Baseline points="2245,1636 2276,1638 2308,1636 2340,1636 2372,1638 2404,1637 2435,1633 2467,1631 2499,1629 2531,1627 2563,1627 2594,1627 2626,1627 2658,1627 2690,1625 2722,1624 2753,1624 2785,1624 2817,1622 2849,1621 2881,1621"/>
                <Word id="tr_3_tl_4_w1" custom="readingOrder {index:0;}">
                    <Coords points="2241,1596 2241,1656 2391,1656 2391,1596"/>
                    <TextEquiv>
                        <Unicode>WIEN,</Unicode>
                    </TextEquiv>
                </Word>
                <Word id="tr_3_tl_4_w2" custom="readingOrder {index:1;}">
                    <Coords points="2414,1592 2414,1652 2463,1652 2463,1592"/>
                    <TextEquiv>
                        <Unicode>I.,</Unicode>
                    </TextEquiv>
                </Word>
                <Word id="tr_3_tl_4_w3" custom="readingOrder {index:2;}">
                    <Coords points="2493,1587 2493,1647 2772,1647 2772,1587"/>
                    <TextEquiv>
                        <Unicode>WOLLZEILE</Unicode>
                    </TextEquiv>
                </Word>
                <Word id="tr_3_tl_4_w4" custom="readingOrder {index:3;}">
                    <Coords points="2817,1581 2817,1641 2859,1641 2859,1581"/>
                    <TextEquiv>
                        <Unicode>11</Unicode>
                    </TextEquiv>
                </Word>
                <TextEquiv>
                    <Unicode>WIEN, I., WOLLZEILE 11</Unicode>
                </TextEquiv>
            </TextLine>
            <TextLine id="tr_3_tl_5" custom="readingOrder {index:4;}">
                <Coords points="2335,1689 2780,1684 2781,1641 2750,1632 2337,1646"/>
                <Baseline points="2341,1687 2367,1685 2393,1684 2419,1684 2445,1684 2471,1684 2497,1682 2523,1681 2549,1681 2575,1680 2601,1678 2627,1676 2653,1675 2679,1673 2705,1672 2731,1672 2757,1673 2783,1675"/>
                <Word id="tr_3_tl_5_w1" custom="readingOrder {index:0;}">
                    <Coords points="2335,1644 2335,1704 2551,1704 2551,1644"/>
                    <TextEquiv>
                        <Unicode>TELEPHON</Unicode>
                    </TextEquiv>
                </Word>
                <Word id="tr_3_tl_5_w2" custom="readingOrder {index:1;}">
                    <Coords points="2585,1633 2585,1693 2757,1693 2757,1633"/>
                    <TextEquiv>
                        <Unicode>R-23-0-43</Unicode>
                    </TextEquiv>
                </Word>
                <TextEquiv>
                    <Unicode>TELEPHON R-23-0-43</Unicode>
                </TextEquiv>
            </TextLine>
            <TextLine id="tr_3_tl_6" custom="readingOrder {index:5;}">
                <Coords points="2680,1740 2737,1738 2771,1756 2838,1737 2882,1754 2910,1736 2961,1748 2996,1727 3055,1731 3055,1683 3022,1673 2973,1685 2829,1659 2774,1691 2710,1678 2680,1689"/>
                <Baseline points="2687,1720 2713,1720 2740,1720 2766,1720 2793,1720 2819,1720 2846,1718 2872,1717 2899,1717 2925,1717 2952,1717 2978,1717 3005,1717 3031,1719 3058,1720"/>
                <Word id="tr_3_tl_6_w1" custom="readingOrder {index:0;}">
                    <Coords points="2687,1677 2687,1737 3015,1737 3015,1677"/>
                    <TextEquiv>
                        <Unicode>VEN</Unicode>
                    </TextEquiv>
                </Word>
                <TextEquiv>
                    <Unicode>VEN</Unicode>
                </TextEquiv>
            </TextLine>
            <TextLine id="tr_3_tl_7" custom="readingOrder {index:6;}">
                <Coords points="2018,1940 2298,1924 2346,1961 2426,1918 2711,1914 2963,1958 3007,1943 3009,1884 2764,1847 2644,1884 2357,1881 2229,1831 2171,1868 2020,1836"/>
                <Baseline points="2027,1923 2076,1923 2125,1919 2174,1918 2223,1920 2272,1920 2321,1920 2371,1920 2420,1920 2469,1917 2518,1914 2567,1914 2616,1911 2665,1911 2715,1911 2764,1911 2813,1911 2862,1911 2911,1915 2960,1919 3010,1926"/>
                <Word id="tr_3_tl_7_w1" custom="readingOrder {index:0;}">
                    <Coords points="2029,1879 2029,1939 2400,1939 2400,1879"/>
                    <TextEquiv>
                        <Unicode>dehinge</Unicode>
                    </TextEquiv>
                </Word>
                <Word id="tr_3_tl_7_w2" custom="readingOrder {index:1;}">
                    <Coords points="2454,1874 2454,1934 2612,1934 2612,1874"/>
                    <TextEquiv>
                        <Unicode>kans</Unicode>
                    </TextEquiv>
                </Word>
                <Word id="tr_3_tl_7_w3" custom="readingOrder {index:2;}">
                    <Coords points="2655,1871 2655,1931 2963,1931 2963,1871"/>
                    <TextEquiv>
                        <Unicode>vanng</Unicode>
                    </TextEquiv>
                </Word>
                <TextEquiv>
                    <Unicode>dehinge kans vanng</Unicode>
                </TextEquiv>
            </TextLine>
            <TextLine id="tr_3_tl_8" custom="readingOrder {index:7;}">
                <Coords points="2428,2060 2454,2069 2492,2053 2557,2069 2587,2053 2699,2057 2740,2037 2738,1974 2670,2005 2603,2009 2560,1984 2513,1993 2458,1964 2424,1968"/>
                <Baseline points="2433,2019 2458,2035 2484,2042 2510,2042 2536,2042 2562,2042 2588,2042 2614,2043 2640,2044 2666,2045 2692,2045 2718,2045 2744,2045"/>
                <Word id="tr_3_tl_8_w1" custom="readingOrder {index:0;}">
                    <Coords points="2433,2002 2433,2062 2550,2062 2550,2002"/>
                    <TextEquiv>
                        <Unicode>10</Unicode>
                    </TextEquiv>
                </Word>
                <Word id="tr_3_tl_8_w2" custom="readingOrder {index:1;}">
                    <Coords points="2601,2003 2601,2063 2669,2063 2669,2003"/>
                    <TextEquiv>
                        <Unicode>193</Unicode>
                    </TextEquiv>
                </Word>
                <TextEquiv>
                    <Unicode>10 193</Unicode>
                </TextEquiv>
            </TextLine>
            <TextLine id="tr_3_tl_9" custom="readingOrder {index:8;}">
                <Coords points="2224,2133 2726,2103 2834,2139 3034,2121 3034,2069 2999,2049 2839,2077 2224,2060"/>
                <Baseline points="2230,2096 2270,2096 2310,2096 2351,2096 2391,2096 2431,2096 2472,2097 2512,2099 2552,2099 2593,2099 2633,2099 2673,2099 2714,2099 2754,2099 2794,2099 2835,2099 2875,2099 2915,2099 2956,2099 2996,2099 3037,2102"/>
                <Word id="tr_3_tl_9_w1" custom="readingOrder {index:0;}">
                    <Coords points="2226,2056 2226,2116 2368,2116 2368,2056"/>
                    <TextEquiv>
                        <Unicode>napten</Unicode>
                    </TextEquiv>
                </Word>
                <Word id="tr_3_tl_9_w2" custom="readingOrder {index:1;}">
                    <Coords points="2413,2056 2413,2116 2450,2116 2450,2056"/>
                    <TextEquiv>
                        <Unicode>n</Unicode>
                    </TextEquiv>
                </Word>
                <Word id="tr_3_tl_9_w3" custom="readingOrder {index:2;}">
                    <Coords points="2488,2059 2488,2119 2743,2119 2743,2059"/>
                    <TextEquiv>
                        <Unicode>regeringens</Unicode>
                    </TextEquiv>
                </Word>
                <Word id="tr_3_tl_9_w4" custom="readingOrder {index:3;}">
                    <Coords points="2768,2059 2768,2119 3030,2119 3030,2059"/>
                    <TextEquiv>
                        <Unicode>rotrogande.</Unicode>
                    </TextEquiv>
                </Word>
                <TextEquiv>
                    <Unicode>napten n regeringens rotrogande.</Unicode>
                </TextEquiv>
            </TextLine>
            <TextLine id="tr_3_tl_10" custom="readingOrder {index:9;}">
                <Coords points="2289,2312 2970,2311 2969,2212 2938,2205 2587,2215 2537,2255 2459,2209 2288,2210"/>
                <Baseline points="2296,2284 2329,2284 2363,2284 2397,2284 2431,2284 2465,2286 2499,2287 2533,2286 2567,2284 2601,2284 2635,2284 2668,2285 2702,2287 2736,2287 2770,2287 2804,2287 2838,2287 2872,2287 2906,2287 2940,2288 2974,2290"/>
                <Word id="tr_3_tl_10_w1" custom="readingOrder {index:0;}">
                    <Coords points="2301,2244 2301,2304 2465,2304 2465,2244"/>
                    <TextEquiv>
                        <Unicode>Arthur</Unicode>
                    </TextEquiv>
                </Word>
                <Word id="tr_3_tl_10_w2" custom="readingOrder {index:1;}">
                    <Coords points="2515,2244 2515,2304 2776,2304 2776,2244"/>
                    <TextEquiv>
                        <Unicode>Schnitzler</Unicode>
                    </TextEquiv>
                </Word>
                <Word id="tr_3_tl_10_w3" custom="readingOrder {index:2;}">
                    <Coords points="2836,2247 2836,2307 2953,2307 2953,2247"/>
                    <TextEquiv>
                        <Unicode>död.</Unicode>
                    </TextEquiv>
                </Word>
                <TextEquiv>
                    <Unicode>Arthur Schnitzler död.</Unicode>
                </TextEquiv>
            </TextLine>
            <TextLine id="tr_3_tl_11" custom="readingOrder {index:10;}">
                <Coords points="2443,2416 2477,2406 2536,2433 2571,2413 2711,2429 2974,2410 2973,2358 2707,2355 2678,2375 2598,2375 2568,2351 2539,2367 2442,2357"/>
                <Baseline points="2448,2398 2474,2400 2500,2401 2527,2401 2553,2401 2580,2401 2606,2401 2633,2401 2659,2401 2686,2401 2712,2401 2738,2401 2765,2401 2791,2403 2818,2404 2844,2404 2871,2404 2897,2404 2924,2404 2950,2404 2977,2404"/>
                <Word id="tr_3_tl_11_w1" custom="readingOrder {index:0;}">
                    <Coords points="2444,2361 2444,2421 2591,2421 2591,2361"/>
                    <TextEquiv>
                        <Unicode>WIEN,</Unicode>
                    </TextEquiv>
                </Word>
                <Word id="tr_3_tl_11_w2" custom="readingOrder {index:1;}">
                    <Coords points="2611,2361 2611,2421 2758,2421 2758,2361"/>
                    <TextEquiv>
                        <Unicode>onsdag</Unicode>
                    </TextEquiv>
                </Word>
                <Word id="tr_3_tl_11_w3" custom="readingOrder {index:2;}">
                    <Coords points="2797,2364 2797,2424 2867,2424 2867,2364"/>
                    <TextEquiv>
                        <Unicode>(T.</Unicode>
                    </TextEquiv>
                </Word>
                <Word id="tr_3_tl_11_w4" custom="readingOrder {index:3;}">
                    <Coords points="2893,2364 2893,2424 2956,2424 2956,2364"/>
                    <TextEquiv>
                        <Unicode>T.)</Unicode>
                    </TextEquiv>
                </Word>
                <TextEquiv>
                    <Unicode>WIEN, onsdag (T. T.)</Unicode>
                </TextEquiv>
            </TextLine>
            <TextLine id="tr_3_tl_12" custom="readingOrder {index:11;}">
                <Coords points="2059,2442 2138,2439 2155,2446 2196,2437 2216,2446 2230,2440 2230,2398 2196,2396 2148,2410 2134,2401 2118,2414 2102,2416 2059,2402"/>
                <Baseline points="2066,2433 2093,2433 2121,2433 2149,2433 2177,2433 2205,2433 2233,2433"/>
                <Word id="tr_3_tl_12_w1" custom="readingOrder {index:0;}">
                    <Coords points="2060,2393 2060,2453 2188,2453 2188,2393"/>
                    <TextEquiv>
                        <Unicode>EV</Unicode>
                    </TextEquiv>
                </Word>
                <TextEquiv>
                    <Unicode>EV</Unicode>
                </TextEquiv>
            </TextLine>
            <TextLine id="tr_3_tl_13" custom="readingOrder {index:12;}">
                <Coords points="2277,2474 3038,2480 3038,2406 2995,2401 2914,2426 2277,2424"/>
                <Baseline points="2284,2463 2321,2461 2359,2460 2397,2460 2435,2460 2473,2460 2510,2460 2548,2460 2586,2460 2624,2460 2662,2460 2699,2460 2737,2460 2775,2460 2813,2462 2851,2461 2888,2461 2926,2462 2964,2460 3002,2460 3040,2463"/>
                <Word id="tr_3_tl_13_w1" custom="readingOrder {index:0;}">
                    <Coords points="2280,2420 2280,2480 2422,2480 2422,2420"/>
                    <TextEquiv>
                        <Unicode>Arthur</Unicode>
                    </TextEquiv>
                </Word>
                <Word id="tr_3_tl_13_w2" custom="readingOrder {index:1;}">
                    <Coords points="2450,2420 2450,2480 2666,2480 2666,2420"/>
                    <TextEquiv>
                        <Unicode>Schnitzler</Unicode>
                    </TextEquiv>
                </Word>
                <Word id="tr_3_tl_13_w3" custom="readingOrder {index:2;}">
                    <Coords points="2694,2420 2694,2480 2795,2480 2795,2420"/>
                    <TextEquiv>
                        <Unicode>avled</Unicode>
                    </TextEquiv>
                </Word>
                <Word id="tr_3_tl_13_w4" custom="readingOrder {index:3;}">
                    <Coords points="2830,2421 2830,2481 2897,2481 2897,2421"/>
                    <TextEquiv>
                        <Unicode>här</Unicode>
                    </TextEquiv>
                </Word>
                <Word id="tr_3_tl_13_w5" custom="readingOrder {index:4;}">
                    <Coords points="2952,2420 2952,2480 3019,2480 3019,2420"/>
                    <TextEquiv>
                        <Unicode>vil</Unicode>
                    </TextEquiv>
                </Word>
                <TextEquiv>
                    <Unicode>Arthur Schnitzler avled här vil</Unicode>
                </TextEquiv>
            </TextLine>
            <TextLine id="tr_3_tl_14" custom="readingOrder {index:13;}">
                <Coords points="2226,2512 2327,2540 2360,2518 3025,2518 3025,2491 2966,2471 2726,2491 2226,2464"/>
                <Baseline points="2233,2511 2272,2508 2312,2510 2352,2511 2392,2513 2431,2513 2471,2511 2511,2511 2551,2511 2590,2511 2630,2511 2670,2511 2710,2511 2749,2511 2789,2511 2829,2511 2869,2511 2908,2511 2948,2514 2988,2511 3028,2511"/>
                <Word id="tr_3_tl_14_w1" custom="readingOrder {index:0;}">
                    <Coords points="2229,2469 2229,2529 2392,2529 2392,2469"/>
                    <TextEquiv>
                        <Unicode>17-tiden</Unicode>
                    </TextEquiv>
                </Word>
                <Word id="tr_3_tl_14_w2" custom="readingOrder {index:1;}">
                    <Coords points="2425,2472 2425,2532 2470,2532 2470,2472"/>
                    <TextEquiv>
                        <Unicode>på</Unicode>
                    </TextEquiv>
                </Word>
                <Word id="tr_3_tl_14_w3" custom="readingOrder {index:2;}">
                    <Coords points="2503,2471 2503,2531 2719,2531 2719,2471"/>
                    <TextEquiv>
                        <Unicode>onsdagen.</Unicode>
                    </TextEquiv>
                </Word>
                <Word id="tr_3_tl_14_w4" custom="readingOrder {index:3;}">
                    <Coords points="2746,2471 2746,2531 2797,2531 2797,2471"/>
                    <TextEquiv>
                        <Unicode>Dä</Unicode>
                    </TextEquiv>
                </Word>
                <Word id="tr_3_tl_14_w5" custom="readingOrder {index:4;}">
                    <Coords points="2831,2472 2831,2532 3013,2532 3013,2472"/>
                    <TextEquiv>
                        <Unicode>författa¬</Unicode>
                    </TextEquiv>
                </Word>
                <TextEquiv>
                    <Unicode>17-tiden på onsdagen. Dä författa¬</Unicode>
                </TextEquiv>
            </TextLine>
            <TextLine id="tr_3_tl_15" custom="readingOrder {index:14;}">
                <Coords points="2226,2581 3034,2569 3009,2515 2226,2530"/>
                <Baseline points="2233,2562 2273,2562 2313,2562 2353,2560 2393,2559 2434,2560 2474,2561 2514,2560 2554,2562 2594,2562 2635,2562 2675,2562 2715,2562 2755,2562 2795,2562 2836,2562 2876,2562 2916,2562 2956,2562 2996,2562 3037,2565"/>
                <Word id="tr_3_tl_15_w1" custom="readingOrder {index:0;}">
                    <Coords points="2228,2522 2228,2582 2284,2582 2284,2522"/>
                    <TextEquiv>
                        <Unicode>ren</Unicode>
                    </TextEquiv>
                </Word>
                <Word id="tr_3_tl_15_w2" custom="readingOrder {index:1;}">
                    <Coords points="2322,2520 2322,2580 2365,2580 2365,2520"/>
                    <TextEquiv>
                        <Unicode>pä</Unicode>
                    </TextEquiv>
                </Word>
                <Word id="tr_3_tl_15_w3" custom="readingOrder {index:2;}">
                    <Coords points="2429,2522 2429,2582 2735,2582 2735,2522"/>
                    <TextEquiv>
                        <Unicode>eftermiddagen</Unicode>
                    </TextEquiv>
                </Word>
                <Word id="tr_3_tl_15_w4" custom="readingOrder {index:3;}">
                    <Coords points="2805,2522 2805,2582 2979,2582 2979,2522"/>
                    <TextEquiv>
                        <Unicode>ätervänd</Unicode>
                    </TextEquiv>
                </Word>
                <TextEquiv>
                    <Unicode>ren pä eftermiddagen ätervänd</Unicode>
                </TextEquiv>
            </TextLine>
            <TextLine id="tr_3_tl_16" custom="readingOrder {index:15;}">
                <Coords points="2229,2631 3031,2631 3029,2574 2980,2566 2916,2598 2812,2563 2228,2578"/>
                <Baseline points="2236,2613 2275,2610 2315,2610 2355,2610 2395,2612 2435,2612 2475,2611 2515,2613 2555,2613 2595,2613 2635,2613 2674,2613 2714,2613 2754,2613 2794,2612 2834,2611 2874,2613 2914,2613 2954,2613 2994,2613 3034,2613"/>
                <Word id="tr_3_tl_16_w1" custom="readingOrder {index:0;}">
                    <Coords points="2231,2570 2231,2630 2308,2630 2308,2570"/>
                    <TextEquiv>
                        <Unicode>fran</Unicode>
                    </TextEquiv>
                </Word>
                <Word id="tr_3_tl_16_w2" custom="readingOrder {index:1;}">
                    <Coords points="2341,2570 2341,2630 2379,2630 2379,2570"/>
                    <TextEquiv>
                        <Unicode>en</Unicode>
                    </TextEquiv>
                </Word>
                <Word id="tr_3_tl_16_w3" custom="readingOrder {index:2;}">
                    <Coords points="2413,2573 2413,2633 2648,2633 2648,2573"/>
                    <TextEquiv>
                        <Unicode>promenad,</Unicode>
                    </TextEquiv>
                </Word>
                <Word id="tr_3_tl_16_w4" custom="readingOrder {index:3;}">
                    <Coords points="2668,2572 2668,2632 2883,2632 2883,2572"/>
                    <TextEquiv>
                        <Unicode>drabbades</Unicode>
                    </TextEquiv>
                </Word>
                <Word id="tr_3_tl_16_w5" custom="readingOrder {index:4;}">
                    <Coords points="2936,2573 2936,2633 3006,2633 3006,2573"/>
                    <TextEquiv>
                        <Unicode>han</Unicode>
                    </TextEquiv>
                </Word>
                <TextEquiv>
                    <Unicode>fran en promenad, drabbades han</Unicode>
                </TextEquiv>
            </TextLine>
            <TextLine id="tr_3_tl_17" custom="readingOrder {index:16;}">
                <Coords points="2229,2670 3037,2673 3036,2637 2963,2620 2228,2624"/>
                <Baseline points="2236,2660 2276,2657 2316,2659 2356,2660 2396,2660 2437,2660 2477,2660 2517,2660 2557,2660 2597,2660 2638,2660 2678,2660 2718,2660 2758,2662 2798,2663 2839,2663 2879,2663 2919,2663 2959,2663 2999,2663 3040,2666"/>
                <Word id="tr_3_tl_17_w1" custom="readingOrder {index:0;}">
                    <Coords points="2229,2619 2229,2679 2264,2679 2264,2619"/>
                    <TextEquiv>
                        <Unicode>av</Unicode>
                    </TextEquiv>
                </Word>
                <Word id="tr_3_tl_17_w2" custom="readingOrder {index:1;}">
                    <Coords points="2294,2620 2294,2680 2507,2680 2507,2620"/>
                    <TextEquiv>
                        <Unicode>slaganfall</Unicode>
                    </TextEquiv>
                </Word>
                <Word id="tr_3_tl_17_w3" custom="readingOrder {index:2;}">
                    <Coords points="2525,2620 2525,2680 2590,2680 2590,2620"/>
                    <TextEquiv>
                        <Unicode>och</Unicode>
                    </TextEquiv>
                </Word>
                <Word id="tr_3_tl_17_w4" custom="readingOrder {index:3;}">
                    <Coords points="2626,2620 2626,2680 2725,2680 2725,2620"/>
                    <TextEquiv>
                        <Unicode>avled</Unicode>
                    </TextEquiv>
                </Word>
                <Word id="tr_3_tl_17_w5" custom="readingOrder {index:4;}">
                    <Coords points="2762,2623 2762,2683 2850,2683 2850,2623"/>
                    <TextEquiv>
                        <Unicode>utan</Unicode>
                    </TextEquiv>
                </Word>
                <Word id="tr_3_tl_17_w6" custom="readingOrder {index:5;}">
                    <Coords points="2886,2623 2886,2683 2939,2683 2939,2623"/>
                    <TextEquiv>
                        <Unicode>att</Unicode>
                    </TextEquiv>
                </Word>
                <Word id="tr_3_tl_17_w7" custom="readingOrder {index:6;}">
                    <Coords points="2963,2623 2963,2683 3015,2683 3015,2623"/>
                    <TextEquiv>
                        <Unicode>hi</Unicode>
                    </TextEquiv>
                </Word>
                <TextEquiv>
                    <Unicode>av slaganfall och avled utan att hi</Unicode>
                </TextEquiv>
            </TextLine>
            <TextLine id="tr_3_tl_18" custom="readingOrder {index:17;}">
                <Coords points="2220,2733 3022,2724 3022,2673 2986,2667 2220,2672"/>
                <Baseline points="2227,2711 2266,2711 2306,2709 2346,2710 2386,2711 2426,2711 2466,2711 2506,2711 2546,2711 2586,2711 2626,2714 2665,2712 2705,2713 2745,2714 2785,2714 2825,2713 2865,2712 2905,2714 2945,2714 2985,2711 3025,2711"/>
                <Word id="tr_3_tl_18_w1" custom="readingOrder {index:0;}">
                    <Coords points="2222,2669 2222,2729 2388,2729 2388,2669"/>
                    <TextEquiv>
                        <Unicode>äterfätt</Unicode>
                    </TextEquiv>
                </Word>
                <Word id="tr_3_tl_18_w2" custom="readingOrder {index:1;}">
                    <Coords points="2408,2671 2408,2731 2703,2731 2703,2671"/>
                    <TextEquiv>
                        <Unicode>medvetandet.</Unicode>
                    </TextEquiv>
                </Word>
                <Word id="tr_3_tl_18_w3" custom="readingOrder {index:2;}">
                    <Coords points="2723,2674 2723,2734 2799,2734 2799,2674"/>
                    <TextEquiv>
                        <Unicode>Han</Unicode>
                    </TextEquiv>
                </Word>
                <Word id="tr_3_tl_18_w4" custom="readingOrder {index:3;}">
                    <Coords points="2832,2672 2832,2732 2896,2732 2896,2672"/>
                    <TextEquiv>
                        <Unicode>var</Unicode>
                    </TextEquiv>
                </Word>
                <Word id="tr_3_tl_18_w5" custom="readingOrder {index:4;}">
                    <Coords points="2922,2672 2922,2732 3011,2732 3011,2672"/>
                    <TextEquiv>
                        <Unicode>född</Unicode>
                    </TextEquiv>
                </Word>
                <TextEquiv>
                    <Unicode>äterfätt medvetandet. Han var född</Unicode>
                </TextEquiv>
            </TextLine>
            <TextLine id="tr_3_tl_19" custom="readingOrder {index:18;}">
                <Coords points="2226,2770 2699,2776 2763,2802 3038,2775 3037,2715 2226,2734"/>
                <Baseline points="2233,2762 2273,2759 2313,2759 2354,2759 2394,2761 2434,2761 2475,2760 2515,2762 2555,2762 2596,2762 2636,2765 2676,2765 2717,2767 2757,2766 2797,2765 2838,2765 2878,2765 2918,2765 2959,2765 2999,2765 3040,2765"/>
                <Word id="tr_3_tl_19_w1" custom="readingOrder {index:0;}">
                    <Coords points="2229,2719 2229,2779 2320,2779 2320,2719"/>
                    <TextEquiv>
                        <Unicode>1862</Unicode>
                    </TextEquiv>
                </Word>
                <Word id="tr_3_tl_19_w2" custom="readingOrder {index:1;}">
                    <Coords points="2356,2720 2356,2780 2418,2780 2418,2720"/>
                    <TextEquiv>
                        <Unicode>och</Unicode>
                    </TextEquiv>
                </Word>
                <Word id="tr_3_tl_19_w3" custom="readingOrder {index:2;}">
                    <Coords points="2455,2721 2455,2781 2574,2781 2574,2721"/>
                    <TextEquiv>
                        <Unicode>skulle</Unicode>
                    </TextEquiv>
                </Word>
                <Word id="tr_3_tl_19_w4" custom="readingOrder {index:3;}">
                    <Coords points="2610,2723 2610,2783 2623,2783 2623,2723"/>
                    <TextEquiv>
                        <Unicode>i</Unicode>
                    </TextEquiv>
                </Word>
                <Word id="tr_3_tl_19_w5" custom="readingOrder {index:4;}">
                    <Coords points="2645,2725 2645,2785 2729,2785 2729,2725"/>
                    <TextEquiv>
                        <Unicode>maj</Unicode>
                    </TextEquiv>
                </Word>
                <Word id="tr_3_tl_19_w6" custom="readingOrder {index:5;}">
                    <Coords points="2758,2725 2758,2785 2863,2785 2863,2725"/>
                    <TextEquiv>
                        <Unicode>nästa</Unicode>
                    </TextEquiv>
                </Word>
                <Word id="tr_3_tl_19_w7" custom="readingOrder {index:6;}">
                    <Coords points="2899,2725 2899,2785 2934,2785 2934,2725"/>
                    <TextEquiv>
                        <Unicode>àr</Unicode>
                    </TextEquiv>
                </Word>
                <Word id="tr_3_tl_19_w8" custom="readingOrder {index:7;}">
                    <Coords points="2970,2725 2970,2785 3011,2785 3011,2725"/>
                    <TextEquiv>
                        <Unicode>ha</Unicode>
                    </TextEquiv>
                </Word>
                <TextEquiv>
                    <Unicode>1862 och skulle i maj nästa àr ha</Unicode>
                </TextEquiv>
            </TextLine>
            <TextLine id="tr_3_tl_20" custom="readingOrder {index:19;}">
                <Coords points="2229,2828 2678,2829 2678,2781 2656,2775 2620,2790 2547,2772 2323,2781 2260,2760 2229,2768"/>
                <Baseline points="2236,2813 2262,2811 2288,2810 2314,2810 2340,2810 2366,2810 2393,2810 2419,2810 2445,2812 2471,2813 2497,2813 2523,2813 2550,2813 2576,2813 2602,2813 2628,2813 2654,2813 2681,2813"/>
                <Word id="tr_3_tl_20_w1" custom="readingOrder {index:0;}">
                    <Coords points="2225,2770 2225,2830 2333,2830 2333,2770"/>
                    <TextEquiv>
                        <Unicode>blivit</Unicode>
                    </TextEquiv>
                </Word>
                <Word id="tr_3_tl_20_w2" custom="readingOrder {index:1;}">
                    <Coords points="2353,2770 2353,2830 2391,2830 2391,2770"/>
                    <TextEquiv>
                        <Unicode>70</Unicode>
                    </TextEquiv>
                </Word>
                <Word id="tr_3_tl_20_w3" custom="readingOrder {index:2;}">
                    <Coords points="2423,2771 2423,2831 2462,2831 2462,2771"/>
                    <TextEquiv>
                        <Unicode>àr</Unicode>
                    </TextEquiv>
                </Word>
                <Word id="tr_3_tl_20_w4" custom="readingOrder {index:3;}">
                    <Coords points="2488,2773 2488,2833 2673,2833 2673,2773"/>
                    <TextEquiv>
                        <Unicode>gammal.</Unicode>
                    </TextEquiv>
                </Word>
                <TextEquiv>
                    <Unicode>blivit 70 àr gammal.</Unicode>
                </TextEquiv>
            </TextLine>
            <TextLine id="tr_3_tl_21" custom="readingOrder {index:20;}">
                <Coords points="2603,2883 2640,2887 2692,2873 2731,2886 2765,2878 2777,2888 2820,2873 2840,2882 2865,2875 2871,2786 2824,2797 2790,2788 2744,2807 2676,2814 2657,2830 2606,2830"/>
                <Baseline points="2610,2878 2635,2874 2661,2870 2687,2866 2713,2864 2739,2862 2765,2859 2791,2857 2817,2857 2843,2858 2869,2860"/>
                <TextEquiv>
                    <Unicode></Unicode>
                </TextEquiv>
            </TextLine>
            <TextLine id="tr_3_tl_22" custom="readingOrder {index:21;}">
                <Coords points="2256,2968 3039,2952 3039,2899 2978,2940 2884,2895 2692,2875 2256,2892"/>
                <Baseline points="2263,2944 2302,2947 2341,2947 2380,2947 2419,2947 2458,2947 2497,2947 2536,2947 2575,2947 2614,2949 2653,2950 2692,2948 2731,2948 2770,2949 2809,2948 2848,2950 2887,2950 2926,2950 2965,2950 3004,2948 3043,2944"/>
                <Word id="tr_3_tl_22_w1" custom="readingOrder {index:0;}">
                    <Coords points="2263,2907 2263,2967 2456,2967 2456,2907"/>
                    <TextEquiv>
                        <Unicode>Schnitzler</Unicode>
                    </TextEquiv>
                </Word>
                <Word id="tr_3_tl_22_w2" custom="readingOrder {index:1;}">
                    <Coords points="2483,2907 2483,2967 2535,2967 2535,2907"/>
                    <TextEquiv>
                        <Unicode>var</Unicode>
                    </TextEquiv>
                </Word>
                <Word id="tr_3_tl_22_w3" custom="readingOrder {index:2;}">
                    <Coords points="2572,2909 2572,2969 2747,2969 2747,2909"/>
                    <TextEquiv>
                        <Unicode>altigenom</Unicode>
                    </TextEquiv>
                </Word>
                <Word id="tr_3_tl_22_w4" custom="readingOrder {index:3;}">
                    <Coords points="2792,2910 2792,2970 2958,2970 2958,2910"/>
                    <TextEquiv>
                        <Unicode>wienare.</Unicode>
                    </TextEquiv>
                </Word>
                <TextEquiv>
                    <Unicode>Schnitzler var altigenom wienare.</Unicode>
                </TextEquiv>
            </TextLine>
            <TextLine id="tr_3_tl_23" custom="readingOrder {index:22;}">
                <Coords points="2214,3000 2287,3025 2365,3002 3014,3014 3014,2977 2959,2959 2332,2979 2214,2942"/>
                <Baseline points="2221,2998 2260,2998 2300,2998 2340,2998 2380,2998 2419,2998 2459,2999 2499,3000 2539,2998 2578,2998 2618,3001 2658,2999 2698,2998 2737,2998 2777,2998 2817,2999 2857,3001 2896,3001 2936,3001 2976,3001 3016,3004"/>
                <Word id="tr_3_tl_23_w1" custom="readingOrder {index:0;}">
                    <Coords points="2222,2958 2222,3018 2309,3018 2309,2958"/>
                    <TextEquiv>
                        <Unicode>hans</Unicode>
                    </TextEquiv>
                </Word>
                <Word id="tr_3_tl_23_w2" custom="readingOrder {index:1;}">
                    <Coords points="2335,2958 2335,3018 2581,3018 2581,2958"/>
                    <TextEquiv>
                        <Unicode>författarskap</Unicode>
                    </TextEquiv>
                </Word>
                <Word id="tr_3_tl_23_w3" custom="readingOrder {index:2;}">
                    <Coords points="2607,2958 2607,3018 2739,3018 2739,2958"/>
                    <TextEquiv>
                        <Unicode>âterges</Unicode>
                    </TextEquiv>
                </Word>
                <Word id="tr_3_tl_23_w4" custom="readingOrder {index:3;}">
                    <Coords points="2765,2958 2765,3018 2820,3018 2820,2958"/>
                    <TextEquiv>
                        <Unicode>den</Unicode>
                    </TextEquiv>
                </Word>
                <Word id="tr_3_tl_23_w5" custom="readingOrder {index:4;}">
                    <Coords points="2852,2961 2852,3021 2991,3021 2991,2961"/>
                    <TextEquiv>
                        <Unicode>särwien</Unicode>
                    </TextEquiv>
                </Word>
                <TextEquiv>
                    <Unicode>hans författarskap âterges den särwien</Unicode>
                </TextEquiv>
            </TextLine>
            <TextLine id="tr_3_tl_24" custom="readingOrder {index:23;}">
                <Coords points="2218,3053 3025,3064 3025,3026 2909,3002 2218,3017"/>
                <Baseline points="2224,3049 2264,3049 2304,3049 2344,3049 2384,3049 2425,3049 2465,3049 2505,3049 2545,3049 2585,3049 2626,3049 2666,3049 2706,3049 2746,3049 2786,3049 2827,3049 2867,3050 2907,3052 2947,3052 2987,3049 3028,3052"/>
                <Word id="tr_3_tl_24_w1" custom="readingOrder {index:0;}">
                    <Coords points="2220,3009 2220,3069 2277,3069 2277,3009"/>
                    <TextEquiv>
                        <Unicode>ska</Unicode>
                    </TextEquiv>
                </Word>
                <Word id="tr_3_tl_24_w2" custom="readingOrder {index:1;}">
                    <Coords points="2303,3009 2303,3069 2520,3069 2520,3009"/>
                    <TextEquiv>
                        <Unicode>stämningen</Unicode>
                    </TextEquiv>
                </Word>
                <Word id="tr_3_tl_24_w3" custom="readingOrder {index:2;}">
                    <Coords points="2547,3009 2547,3069 2603,3069 2603,3009"/>
                    <TextEquiv>
                        <Unicode>och</Unicode>
                    </TextEquiv>
                </Word>
                <Word id="tr_3_tl_24_w4" custom="readingOrder {index:3;}">
                    <Coords points="2637,3009 2637,3069 2681,3069 2681,3009"/>
                    <TextEquiv>
                        <Unicode>för</Unicode>
                    </TextEquiv>
                </Word>
                <Word id="tr_3_tl_24_w5" custom="readingOrder {index:4;}">
                    <Coords points="2707,3009 2707,3069 2822,3069 2822,3009"/>
                    <TextEquiv>
                        <Unicode>staden</Unicode>
                    </TextEquiv>
                </Word>
                <Word id="tr_3_tl_24_w6" custom="readingOrder {index:5;}">
                    <Coords points="2848,3010 2848,3070 2905,3070 2905,3010"/>
                    <TextEquiv>
                        <Unicode>och</Unicode>
                    </TextEquiv>
                </Word>
                <Word id="tr_3_tl_24_w7" custom="readingOrder {index:6;}">
                    <Coords points="2938,3010 2938,3070 3007,3070 3007,3010"/>
                    <TextEquiv>
                        <Unicode>dess</Unicode>
                    </TextEquiv>
                </Word>
                <TextEquiv>
                    <Unicode>ska stämningen och för staden och dess</Unicode>
                </TextEquiv>
            </TextLine>
            <TextLine id="tr_3_tl_25" custom="readingOrder {index:24;}">
                <Coords points="2225,3117 3023,3109 3015,3063 2449,3054 2412,3079 2224,3053"/>
                <Baseline points="2230,3102 2269,3099 2309,3097 2349,3098 2389,3099 2428,3099 2468,3099 2508,3099 2548,3099 2587,3099 2627,3099 2667,3099 2707,3099 2746,3101 2786,3101 2826,3099 2866,3100 2905,3102 2945,3099 2985,3102 3025,3102"/>
                <Word id="tr_3_tl_25_w1" custom="readingOrder {index:0;}">
                    <Coords points="2227,3057 2227,3117 2389,3117 2389,3057"/>
                    <TextEquiv>
                        <Unicode>invänare</Unicode>
                    </TextEquiv>
                </Word>
                <Word id="tr_3_tl_25_w2" custom="readingOrder {index:1;}">
                    <Coords points="2423,3059 2423,3119 2710,3119 2710,3059"/>
                    <TextEquiv>
                        <Unicode>karaktäristiska</Unicode>
                    </TextEquiv>
                </Word>
                <Word id="tr_3_tl_25_w3" custom="readingOrder {index:2;}">
                    <Coords points="2763,3059 2763,3119 2900,3119 2900,3059"/>
                    <TextEquiv>
                        <Unicode>kretsar</Unicode>
                    </TextEquiv>
                </Word>
                <Word id="tr_3_tl_25_w4" custom="readingOrder {index:3;}">
                    <Coords points="2947,3061 2947,3121 3005,3121 3005,3061"/>
                    <TextEquiv>
                        <Unicode>och</Unicode>
                    </TextEquiv>
                </Word>
                <TextEquiv>
                    <Unicode>invänare karaktäristiska kretsar och</Unicode>
                </TextEquiv>
            </TextLine>
            <TextLine id="tr_3_tl_26" custom="readingOrder {index:25;}">
                <Coords points="2220,3156 3022,3166 3010,3118 2684,3132 2220,3100"/>
                <Baseline points="2227,3147 2266,3147 2306,3147 2346,3149 2386,3150 2426,3150 2466,3150 2506,3150 2546,3150 2586,3150 2626,3150 2665,3150 2705,3150 2745,3152 2785,3152 2825,3150 2865,3150 2905,3150 2945,3153 2985,3150 3025,3153"/>
                <Word id="tr_3_tl_26_w1" custom="readingOrder {index:0;}">
                    <Coords points="2222,3107 2222,3167 2380,3167 2380,3107"/>
                    <TextEquiv>
                        <Unicode>kynnen.</Unicode>
                    </TextEquiv>
                </Word>
                <Word id="tr_3_tl_26_w2" custom="readingOrder {index:1;}">
                    <Coords points="2412,3110 2412,3170 2485,3170 2485,3110"/>
                    <TextEquiv>
                        <Unicode>Han</Unicode>
                    </TextEquiv>
                </Word>
                <Word id="tr_3_tl_26_w3" custom="readingOrder {index:2;}">
                    <Coords points="2516,3110 2516,3170 2576,3170 2576,3110"/>
                    <TextEquiv>
                        <Unicode>har</Unicode>
                    </TextEquiv>
                </Word>
                <Word id="tr_3_tl_26_w4" custom="readingOrder {index:3;}">
                    <Coords points="2602,3110 2602,3170 2656,3170 2656,3110"/>
                    <TextEquiv>
                        <Unicode>som</Unicode>
                    </TextEquiv>
                </Word>
                <Word id="tr_3_tl_26_w5" custom="readingOrder {index:4;}">
                    <Coords points="2700,3111 2700,3171 2871,3171 2871,3111"/>
                    <TextEquiv>
                        <Unicode>knappast</Unicode>
                    </TextEquiv>
                </Word>
                <Word id="tr_3_tl_26_w6" custom="readingOrder {index:5;}">
                    <Coords points="2896,3112 2896,3172 2999,3172 2999,3112"/>
                    <TextEquiv>
                        <Unicode>nâgon</Unicode>
                    </TextEquiv>
                </Word>
                <TextEquiv>
                    <Unicode>kynnen. Han har som knappast nâgon</Unicode>
                </TextEquiv>
            </TextLine>
            <TextLine id="tr_3_tl_27" custom="readingOrder {index:26;}">
                <Coords points="2220,3208 3031,3218 3022,3166 2220,3157"/>
                <Baseline points="2227,3198 2267,3198 2307,3198 2348,3198 2388,3200 2428,3201 2469,3201 2509,3201 2549,3201 2590,3201 2630,3201 2670,3201 2711,3201 2751,3201 2791,3201 2832,3201 2872,3201 2912,3202 2953,3204 2993,3204 3034,3207"/>
                <Word id="tr_3_tl_27_w1" custom="readingOrder {index:0;}">
                    <Coords points="2223,3158 2223,3218 2287,3218 2287,3158"/>
                    <TextEquiv>
                        <Unicode>fôre</Unicode>
                    </TextEquiv>
                </Word>
                <Word id="tr_3_tl_27_w2" custom="readingOrder {index:1;}">
                    <Coords points="2314,3158 2314,3218 2417,3218 2417,3158"/>
                    <TextEquiv>
                        <Unicode>honom</Unicode>
                    </TextEquiv>
                </Word>
                <Word id="tr_3_tl_27_w3" custom="readingOrder {index:2;}">
                    <Coords points="2457,3161 2457,3221 2607,3221 2607,3161"/>
                    <TextEquiv>
                        <Unicode>skildrat</Unicode>
                    </TextEquiv>
                </Word>
                <Word id="tr_3_tl_27_w4" custom="readingOrder {index:3;}">
                    <Coords points="2628,3161 2628,3221 2686,3221 2686,3161"/>
                    <TextEquiv>
                        <Unicode>den</Unicode>
                    </TextEquiv>
                </Word>
                <Word id="tr_3_tl_27_w5" custom="readingOrder {index:4;}">
                    <Coords points="2713,3161 2713,3221 2804,3221 2804,3161"/>
                    <TextEquiv>
                        <Unicode>unge</Unicode>
                    </TextEquiv>
                </Word>
                <Word id="tr_3_tl_27_w6" custom="readingOrder {index:5;}">
                    <Coords points="2831,3162 2831,3222 3019,3222 3019,3162"/>
                    <TextEquiv>
                        <Unicode>wienaren,</Unicode>
                    </TextEquiv>
                </Word>
                <TextEquiv>
                    <Unicode>fôre honom skildrat den unge wienaren,</Unicode>
                </TextEquiv>
            </TextLine>
            <TextLine id="tr_3_tl_28" custom="readingOrder {index:27;}">
                <Coords points="2226,3268 3022,3263 3022,3224 2807,3207 2560,3234 2460,3200 2395,3224 2226,3210"/>
                <Baseline points="2233,3252 2272,3249 2312,3251 2351,3252 2391,3252 2431,3252 2470,3251 2510,3250 2549,3252 2589,3252 2629,3252 2668,3252 2708,3252 2747,3252 2787,3252 2827,3252 2866,3252 2906,3252 2945,3252 2985,3252 3025,3252"/>
                <Word id="tr_3_tl_28_w1" custom="readingOrder {index:0;}">
                    <Coords points="2228,3212 2228,3272 2546,3272 2546,3212"/>
                    <TextEquiv>
                        <Unicode>levnadsnjutaren,</Unicode>
                    </TextEquiv>
                </Word>
                <Word id="tr_3_tl_28_w2" custom="readingOrder {index:1;}">
                    <Coords points="2565,3212 2565,3272 2626,3272 2626,3212"/>
                    <TextEquiv>
                        <Unicode>den</Unicode>
                    </TextEquiv>
                </Word>
                <Word id="tr_3_tl_28_w3" custom="readingOrder {index:2;}">
                    <Coords points="2657,3212 2657,3272 2724,3272 2724,3212"/>
                    <TextEquiv>
                        <Unicode>rike</Unicode>
                    </TextEquiv>
                </Word>
                <Word id="tr_3_tl_28_w4" custom="readingOrder {index:3;}">
                    <Coords points="2755,3212 2755,3272 2890,3272 2890,3212"/>
                    <TextEquiv>
                        <Unicode>bildade</Unicode>
                    </TextEquiv>
                </Word>
                <Word id="tr_3_tl_28_w5" custom="readingOrder {index:4;}">
                    <Coords points="2915,3212 2915,3272 3012,3272 3012,3212"/>
                    <TextEquiv>
                        <Unicode>mau¬</Unicode>
                    </TextEquiv>
                </Word>
                <TextEquiv>
                    <Unicode>levnadsnjutaren, den rike bildade mau¬</Unicode>
                </TextEquiv>
            </TextLine>
            <TextLine id="tr_3_tl_29" custom="readingOrder {index:28;}">
                <Coords points="2224,3304 2702,3307 2770,3333 2893,3301 2957,3330 3018,3326 3017,3262 2863,3288 2716,3258 2691,3282 2223,3262"/>
                <Baseline points="2230,3302 2269,3299 2309,3299 2348,3299 2388,3299 2428,3299 2467,3299 2507,3299 2546,3299 2586,3302 2626,3302 2665,3302 2705,3302 2744,3303 2784,3304 2824,3302 2863,3302 2903,3302 2942,3302 2982,3302 3022,3305"/>
                <Word id="tr_3_tl_29_w1" custom="readingOrder {index:0;}">
                    <Coords points="2225,3259 2225,3319 2306,3319 2306,3259"/>
                    <TextEquiv>
                        <Unicode>nen,</Unicode>
                    </TextEquiv>
                </Word>
                <Word id="tr_3_tl_29_w2" custom="readingOrder {index:1;}">
                    <Coords points="2325,3259 2325,3319 2400,3319 2400,3259"/>
                    <TextEquiv>
                        <Unicode>vars</Unicode>
                    </TextEquiv>
                </Word>
                <Word id="tr_3_tl_29_w3" custom="readingOrder {index:2;}">
                    <Coords points="2426,3259 2426,3319 2594,3319 2594,3259"/>
                    <TextEquiv>
                        <Unicode>särtecken</Unicode>
                    </TextEquiv>
                </Word>
                <Word id="tr_3_tl_29_w4" custom="readingOrder {index:3;}">
                    <Coords points="2626,3262 2626,3322 2663,3322 2663,3262"/>
                    <TextEquiv>
                        <Unicode>är</Unicode>
                    </TextEquiv>
                </Word>
                <Word id="tr_3_tl_29_w5" custom="readingOrder {index:4;}">
                    <Coords points="2689,3262 2689,3322 2738,3322 2738,3262"/>
                    <TextEquiv>
                        <Unicode>att</Unicode>
                    </TextEquiv>
                </Word>
                <Word id="tr_3_tl_29_w6" custom="readingOrder {index:5;}">
                    <Coords points="2764,3263 2764,3323 2839,3323 2839,3263"/>
                    <TextEquiv>
                        <Unicode>vara</Unicode>
                    </TextEquiv>
                </Word>
                <Word id="tr_3_tl_29_w7" custom="readingOrder {index:6;}">
                    <Coords points="2871,3262 2871,3322 2901,3322 2901,3262"/>
                    <TextEquiv>
                        <Unicode>en</Unicode>
                    </TextEquiv>
                </Word>
                <Word id="tr_3_tl_29_w8" custom="readingOrder {index:7;}">
                    <Coords points="2933,3262 2933,3322 3014,3322 3014,3262"/>
                    <TextEquiv>
                        <Unicode>lätt¬</Unicode>
                    </TextEquiv>
                </Word>
                <TextEquiv>
                    <Unicode>nen, vars särtecken är att vara en lätt¬</Unicode>
                </TextEquiv>
            </TextLine>
            <TextLine id="tr_3_tl_30" custom="readingOrder {index:29;}">
                <Coords points="2218,3365 3022,3369 3022,3326 2974,3317 2769,3335 2681,3309 2218,3304"/>
                <Baseline points="2224,3350 2264,3350 2304,3350 2344,3350 2384,3350 2424,3350 2464,3350 2504,3350 2544,3350 2584,3350 2624,3353 2664,3353 2704,3351 2744,3352 2784,3353 2824,3353 2864,3352 2904,3351 2944,3353 2984,3353 3025,3353"/>
                <Word id="tr_3_tl_30_w1" custom="readingOrder {index:0;}">
                    <Coords points="2220,3310 2220,3370 2335,3370 2335,3310"/>
                    <TextEquiv>
                        <Unicode>sinnig</Unicode>
                    </TextEquiv>
                </Word>
                <Word id="tr_3_tl_30_w2" custom="readingOrder {index:1;}">
                    <Coords points="2368,3310 2368,3370 2644,3370 2644,3310"/>
                    <TextEquiv>
                        <Unicode>melankoliker,</Unicode>
                    </TextEquiv>
                </Word>
                <Word id="tr_3_tl_30_w3" custom="readingOrder {index:2;}">
                    <Coords points="2677,3311 2677,3371 2734,3371 2734,3311"/>
                    <TextEquiv>
                        <Unicode>som</Unicode>
                    </TextEquiv>
                </Word>
                <Word id="tr_3_tl_30_w4" custom="readingOrder {index:3;}">
                    <Coords points="2806,3311 2806,3371 3011,3371 3011,3311"/>
                    <TextEquiv>
                        <Unicode>reflekterar</Unicode>
                    </TextEquiv>
                </Word>
                <TextEquiv>
                    <Unicode>sinnig melankoliker, som reflekterar</Unicode>
                </TextEquiv>
            </TextLine>
            <TextLine id="tr_3_tl_31" custom="readingOrder {index:30;}">
                <Coords points="2224,3405 3025,3414 3025,3369 2957,3354 2846,3381 2224,3365"/>
                <Baseline points="2230,3401 2269,3401 2309,3399 2349,3400 2389,3401 2429,3401 2469,3401 2509,3401 2549,3401 2589,3401 2629,3401 2668,3401 2708,3403 2748,3402 2788,3402 2828,3404 2868,3404 2908,3404 2948,3404 2988,3404 3028,3404"/>
                <Word id="tr_3_tl_31_w1" custom="readingOrder {index:0;}">
                    <Coords points="2225,3360 2225,3420 2337,3420 2337,3360"/>
                    <TextEquiv>
                        <Unicode>alltför</Unicode>
                    </TextEquiv>
                </Word>
                <Word id="tr_3_tl_31_w2" custom="readingOrder {index:1;}">
                    <Coords points="2361,3361 2361,3421 2502,3421 2502,3361"/>
                    <TextEquiv>
                        <Unicode>mycket</Unicode>
                    </TextEquiv>
                </Word>
                <Word id="tr_3_tl_31_w3" custom="readingOrder {index:2;}">
                    <Coords points="2520,3361 2520,3421 2567,3421 2567,3361"/>
                    <TextEquiv>
                        <Unicode>för</Unicode>
                    </TextEquiv>
                </Word>
                <Word id="tr_3_tl_31_w4" custom="readingOrder {index:3;}">
                    <Coords points="2597,3361 2597,3421 2644,3421 2644,3361"/>
                    <TextEquiv>
                        <Unicode>att</Unicode>
                    </TextEquiv>
                </Word>
                <Word id="tr_3_tl_31_w5" custom="readingOrder {index:4;}">
                    <Coords points="2668,3362 2668,3422 2744,3422 2744,3362"/>
                    <TextEquiv>
                        <Unicode>nöja</Unicode>
                    </TextEquiv>
                </Word>
                <Word id="tr_3_tl_31_w6" custom="readingOrder {index:5;}">
                    <Coords points="2774,3362 2774,3422 2815,3422 2815,3362"/>
                    <TextEquiv>
                        <Unicode>sig</Unicode>
                    </TextEquiv>
                </Word>
                <Word id="tr_3_tl_31_w7" custom="readingOrder {index:6;}">
                    <Coords points="2845,3364 2845,3424 2915,3424 2915,3364"/>
                    <TextEquiv>
                        <Unicode>med</Unicode>
                    </TextEquiv>
                </Word>
                <Word id="tr_3_tl_31_w8" custom="readingOrder {index:7;}">
                    <Coords points="2945,3364 2945,3424 3009,3424 3009,3364"/>
                    <TextEquiv>
                        <Unicode>för-</Unicode>
                    </TextEquiv>
                </Word>
                <TextEquiv>
                    <Unicode>alltför mycket för att nöja sig med för-</Unicode>
                </TextEquiv>
            </TextLine>
            <TextLine id="tr_3_tl_32" custom="readingOrder {index:31;}">
                <Coords points="2220,3456 2337,3480 2417,3454 2727,3478 2802,3455 2878,3490 3016,3465 3015,3414 2219,3417"/>
                <Baseline points="2227,3452 2266,3449 2306,3449 2345,3449 2385,3449 2425,3450 2464,3452 2504,3453 2543,3455 2583,3452 2623,3452 2662,3454 2702,3455 2741,3454 2781,3452 2821,3452 2860,3452 2900,3452 2939,3455 2979,3455 3019,3452"/>
                <Word id="tr_3_tl_32_w1" custom="readingOrder {index:0;}">
                    <Coords points="2223,3409 2223,3469 2379,3469 2379,3409"/>
                    <TextEquiv>
                        <Unicode>ströclser</Unicode>
                    </TextEquiv>
                </Word>
                <Word id="tr_3_tl_32_w2" custom="readingOrder {index:1;}">
                    <Coords points="2409,3411 2409,3471 2487,3471 2487,3411"/>
                    <TextEquiv>
                        <Unicode>eller</Unicode>
                    </TextEquiv>
                </Word>
                <Word id="tr_3_tl_32_w3" custom="readingOrder {index:2;}">
                    <Coords points="2517,3412 2517,3472 2637,3472 2637,3412"/>
                    <TextEquiv>
                        <Unicode>kunna</Unicode>
                    </TextEquiv>
                </Word>
                <Word id="tr_3_tl_32_w4" custom="readingOrder {index:3;}">
                    <Coords points="2667,3414 2667,3474 2781,3474 2781,3414"/>
                    <TextEquiv>
                        <Unicode>gripas</Unicode>
                    </TextEquiv>
                </Word>
                <Word id="tr_3_tl_32_w5" custom="readingOrder {index:4;}">
                    <Coords points="2810,3412 2810,3472 2852,3472 2852,3412"/>
                    <TextEquiv>
                        <Unicode>av</Unicode>
                    </TextEquiv>
                </Word>
                <Word id="tr_3_tl_32_w6" custom="readingOrder {index:5;}">
                    <Coords points="2882,3412 2882,3472 2917,3472 2917,3412"/>
                    <TextEquiv>
                        <Unicode>en</Unicode>
                    </TextEquiv>
                </Word>
                <Word id="tr_3_tl_32_w7" custom="readingOrder {index:6;}">
                    <Coords points="2967,3414 2967,3474 3017,3474 3017,3414"/>
                    <TextEquiv>
                        <Unicode>li-</Unicode>
                    </TextEquiv>
                </Word>
                <TextEquiv>
                    <Unicode>ströclser eller kunna gripas av en li-</Unicode>
                </TextEquiv>
            </TextLine>
            <TextLine id="tr_3_tl_33" custom="readingOrder {index:32;}">
                <Coords points="2224,3506 3025,3513 3025,3475 2948,3466 2670,3490 2412,3455 2357,3494 2289,3459 2224,3470"/>
                <Baseline points="2230,3500 2269,3500 2309,3500 2349,3502 2389,3503 2429,3503 2469,3503 2509,3503 2549,3503 2589,3503 2629,3503 2668,3505 2708,3504 2748,3503 2788,3503 2828,3504 2868,3506 2908,3506 2948,3506 2988,3503 3028,3503"/>
                <Word id="tr_3_tl_33_w1" custom="readingOrder {index:0;}">
                    <Coords points="2226,3460 2226,3520 2330,3520 2330,3460"/>
                    <TextEquiv>
                        <Unicode>delse.</Unicode>
                    </TextEquiv>
                </Word>
                <Word id="tr_3_tl_33_w2" custom="readingOrder {index:1;}">
                    <Coords points="2386,3463 2386,3523 2496,3523 2496,3463"/>
                    <TextEquiv>
                        <Unicode>Kring</Unicode>
                    </TextEquiv>
                </Word>
                <Word id="tr_3_tl_33_w3" custom="readingOrder {index:2;}">
                    <Coords points="2553,3463 2553,3523 2626,3523 2626,3463"/>
                    <TextEquiv>
                        <Unicode>sina</Unicode>
                    </TextEquiv>
                </Word>
                <Word id="tr_3_tl_33_w4" custom="readingOrder {index:3;}">
                    <Coords points="2682,3463 2682,3523 2848,3523 2848,3463"/>
                    <TextEquiv>
                        <Unicode>personer</Unicode>
                    </TextEquiv>
                </Word>
                <Word id="tr_3_tl_33_w5" custom="readingOrder {index:4;}">
                    <Coords points="2892,3465 2892,3525 3008,3525 3008,3465"/>
                    <TextEquiv>
                        <Unicode>gjute;</Unicode>
                    </TextEquiv>
                </Word>
                <TextEquiv>
                    <Unicode>delse. Kring sina personer gjute;</Unicode>
                </TextEquiv>
            </TextLine>
            <TextLine id="tr_3_tl_34" custom="readingOrder {index:33;}">
                <Coords points="2214,3557 2871,3557 2916,3592 3018,3556 2996,3510 2214,3517"/>
                <Baseline points="2221,3550 2261,3550 2301,3550 2341,3550 2381,3550 2421,3550 2461,3551 2501,3553 2541,3553 2581,3550 2621,3553 2661,3553 2701,3553 2741,3553 2781,3553 2821,3554 2861,3556 2901,3556 2941,3556 2981,3553 3022,3550"/>
                <Word id="tr_3_tl_34_w1" custom="readingOrder {index:0;}">
                    <Coords points="2215,3510 2215,3570 2410,3570 2410,3510"/>
                    <TextEquiv>
                        <Unicode>Schnitzler</Unicode>
                    </TextEquiv>
                </Word>
                <Word id="tr_3_tl_34_w2" custom="readingOrder {index:1;}">
                    <Coords points="2441,3510 2441,3570 2475,3570 2475,3510"/>
                    <TextEquiv>
                        <Unicode>en</Unicode>
                    </TextEquiv>
                </Word>
                <Word id="tr_3_tl_34_w3" custom="readingOrder {index:2;}">
                    <Coords points="2505,3510 2505,3570 2677,3570 2677,3510"/>
                    <TextEquiv>
                        <Unicode>atmosfär</Unicode>
                    </TextEquiv>
                </Word>
                <Word id="tr_3_tl_34_w4" custom="readingOrder {index:3;}">
                    <Coords points="2701,3513 2701,3573 2742,3573 2742,3513"/>
                    <TextEquiv>
                        <Unicode>av</Unicode>
                    </TextEquiv>
                </Word>
                <Word id="tr_3_tl_34_w5" custom="readingOrder {index:4;}">
                    <Coords points="2772,3513 2772,3573 2843,3573 2843,3513"/>
                    <TextEquiv>
                        <Unicode>fint</Unicode>
                    </TextEquiv>
                </Word>
                <Word id="tr_3_tl_34_w6" custom="readingOrder {index:5;}">
                    <Coords points="2867,3516 2867,3576 3014,3576 3014,3516"/>
                    <TextEquiv>
                        <Unicode>nyanse¬</Unicode>
                    </TextEquiv>
                </Word>
                <TextEquiv>
                    <Unicode>Schnitzler en atmosfär av fint nyanse¬</Unicode>
                </TextEquiv>
            </TextLine>
            <TextLine id="tr_3_tl_35" custom="readingOrder {index:34;}">
                <Coords points="2220,3611 3018,3619 2999,3560 2916,3590 2839,3558 2220,3561"/>
                <Baseline points="2227,3601 2266,3601 2306,3601 2346,3601 2386,3603 2425,3604 2465,3603 2505,3601 2545,3601 2584,3604 2624,3604 2664,3604 2704,3602 2743,3603 2783,3604 2823,3604 2863,3604 2902,3604 2942,3604 2982,3607 3022,3604"/>
                <Word id="tr_3_tl_35_w1" custom="readingOrder {index:0;}">
                    <Coords points="2221,3561 2221,3621 2295,3621 2295,3561"/>
                    <TextEquiv>
                        <Unicode>rade</Unicode>
                    </TextEquiv>
                </Word>
                <Word id="tr_3_tl_35_w2" custom="readingOrder {index:1;}">
                    <Coords points="2337,3563 2337,3623 2516,3623 2516,3563"/>
                    <TextEquiv>
                        <Unicode>,dämpade</Unicode>
                    </TextEquiv>
                </Word>
                <Word id="tr_3_tl_35_w3" custom="readingOrder {index:2;}">
                    <Coords points="2546,3564 2546,3624 2684,3624 2684,3564"/>
                    <TextEquiv>
                        <Unicode>färger:</Unicode>
                    </TextEquiv>
                </Word>
                <Word id="tr_3_tl_35_w4" custom="readingOrder {index:3;}">
                    <Coords points="2714,3562 2714,3622 2771,3622 2771,3562"/>
                    <TextEquiv>
                        <Unicode>det</Unicode>
                    </TextEquiv>
                </Word>
                <Word id="tr_3_tl_35_w5" custom="readingOrder {index:4;}">
                    <Coords points="2801,3564 2801,3624 2887,3624 2887,3564"/>
                    <TextEquiv>
                        <Unicode>vilda</Unicode>
                    </TextEquiv>
                </Word>
                <Word id="tr_3_tl_35_w6" custom="readingOrder {index:5;}">
                    <Coords points="2940,3565 2940,3625 2986,3625 2986,3565"/>
                    <TextEquiv>
                        <Unicode>ac</Unicode>
                    </TextEquiv>
                </Word>
                <TextEquiv>
                    <Unicode>rade ,dämpade färger: det vilda ac</Unicode>
                </TextEquiv>
            </TextLine>
            <TextLine id="tr_3_tl_36" custom="readingOrder {index:35;}">
                <Coords points="2224,3663 3025,3664 3025,3620 2929,3604 2224,3613"/>
                <Baseline points="2230,3655 2269,3652 2309,3652 2349,3652 2389,3652 2429,3653 2469,3654 2509,3652 2549,3652 2589,3652 2629,3655 2668,3655 2708,3653 2748,3654 2788,3655 2828,3655 2868,3655 2908,3655 2948,3655 2988,3658 3028,3661"/>
                <Word id="tr_3_tl_36_w1" custom="readingOrder {index:0;}">
                    <Coords points="2226,3612 2226,3672 2391,3672 2391,3612"/>
                    <TextEquiv>
                        <Unicode>upphöjaa</Unicode>
                    </TextEquiv>
                </Word>
                <Word id="tr_3_tl_36_w2" custom="readingOrder {index:1;}">
                    <Coords points="2430,3613 2430,3673 2466,3673 2466,3613"/>
                    <TextEquiv>
                        <Unicode>är</Unicode>
                    </TextEquiv>
                </Word>
                <Word id="tr_3_tl_36_w3" custom="readingOrder {index:2;}">
                    <Coords points="2503,3612 2503,3672 2626,3672 2626,3612"/>
                    <TextEquiv>
                        <Unicode>fjärran</Unicode>
                    </TextEquiv>
                </Word>
                <Word id="tr_3_tl_36_w4" custom="readingOrder {index:3;}">
                    <Coords points="2664,3613 2664,3673 2737,3673 2737,3613"/>
                    <TextEquiv>
                        <Unicode>från</Unicode>
                    </TextEquiv>
                </Word>
                <Word id="tr_3_tl_36_w5" custom="readingOrder {index:4;}">
                    <Coords points="2775,3615 2775,3675 2867,3675 2867,3615"/>
                    <TextEquiv>
                        <Unicode>hans</Unicode>
                    </TextEquiv>
                </Word>
                <Word id="tr_3_tl_36_w6" custom="readingOrder {index:5;}">
                    <Coords points="2898,3615 2898,3675 3015,3675 3015,3615"/>
                    <TextEquiv>
                        <Unicode>konst,</Unicode>
                    </TextEquiv>
                </Word>
                <TextEquiv>
                    <Unicode>upphöjaa är fjärran från hans konst,</Unicode>
                </TextEquiv>
            </TextLine>
            <TextLine id="tr_3_tl_37" custom="readingOrder {index:36;}">
                <Coords points="2214,3705 2656,3732 2722,3708 3014,3716 2999,3658 2214,3669"/>
                <Baseline points="2221,3703 2260,3703 2300,3703 2340,3703 2380,3703 2419,3703 2459,3703 2499,3703 2539,3703 2578,3703 2618,3703 2658,3703 2698,3703 2737,3705 2777,3706 2817,3706 2857,3706 2896,3706 2936,3706 2976,3706 3016,3706"/>
                <Word id="tr_3_tl_37_w1" custom="readingOrder {index:0;}">
                    <Coords points="2220,3663 2220,3723 2273,3723 2273,3663"/>
                    <TextEquiv>
                        <Unicode>som</Unicode>
                    </TextEquiv>
                </Word>
                <Word id="tr_3_tl_37_w2" custom="readingOrder {index:1;}">
                    <Coords points="2322,3663 2322,3723 2391,3723 2391,3663"/>
                    <TextEquiv>
                        <Unicode>stâr</Unicode>
                    </TextEquiv>
                </Word>
                <Word id="tr_3_tl_37_w3" custom="readingOrder {index:2;}">
                    <Coords points="2425,3663 2425,3723 2623,3723 2623,3663"/>
                    <TextEquiv>
                        <Unicode>miniatyren</Unicode>
                    </TextEquiv>
                </Word>
                <Word id="tr_3_tl_37_w4" custom="readingOrder {index:3;}">
                    <Coords points="2662,3663 2662,3723 2769,3723 2769,3663"/>
                    <TextEquiv>
                        <Unicode>nära.</Unicode>
                    </TextEquiv>
                </Word>
                <Word id="tr_3_tl_37_w5" custom="readingOrder {index:4;}">
                    <Coords points="2791,3666 2791,3726 2887,3726 2887,3666"/>
                    <TextEquiv>
                        <Unicode>Hans</Unicode>
                    </TextEquiv>
                </Word>
                <Word id="tr_3_tl_37_w6" custom="readingOrder {index:5;}">
                    <Coords points="2915,3666 2915,3726 3006,3726 3006,3666"/>
                    <TextEquiv>
                        <Unicode>mest</Unicode>
                    </TextEquiv>
                </Word>
                <TextEquiv>
                    <Unicode>som stâr miniatyren nära. Hans mest</Unicode>
                </TextEquiv>
            </TextLine>
            <TextLine id="tr_3_tl_38" custom="readingOrder {index:37;}">
                <Coords points="2224,3767 3018,3776 3018,3718 2952,3708 2224,3720"/>
                <Baseline points="2230,3756 2269,3753 2309,3753 2348,3753 2388,3753 2428,3753 2467,3753 2507,3753 2546,3753 2586,3754 2626,3756 2665,3753 2705,3756 2744,3756 2784,3756 2824,3756 2863,3755 2903,3754 2942,3756 2982,3756 3022,3753"/>
                <Word id="tr_3_tl_38_w1" custom="readingOrder {index:0;}">
                    <Coords points="2224,3713 2224,3773 2353,3773 2353,3713"/>
                    <TextEquiv>
                        <Unicode>typiska</Unicode>
                    </TextEquiv>
                </Word>
                <Word id="tr_3_tl_38_w2" custom="readingOrder {index:1;}">
                    <Coords points="2382,3713 2382,3773 2451,3773 2451,3713"/>
                    <TextEquiv>
                        <Unicode>form</Unicode>
                    </TextEquiv>
                </Word>
                <Word id="tr_3_tl_38_w3" custom="readingOrder {index:2;}">
                    <Coords points="2501,3713 2501,3773 2560,3773 2560,3713"/>
                    <TextEquiv>
                        <Unicode>kan</Unicode>
                    </TextEquiv>
                </Word>
                <Word id="tr_3_tl_38_w4" custom="readingOrder {index:3;}">
                    <Coords points="2593,3715 2593,3775 2668,3775 2668,3715"/>
                    <TextEquiv>
                        <Unicode>man</Unicode>
                    </TextEquiv>
                </Word>
                <Word id="tr_3_tl_38_w5" custom="readingOrder {index:4;}">
                    <Coords points="2702,3716 2702,3776 2782,3776 2782,3716"/>
                    <TextEquiv>
                        <Unicode>anse</Unicode>
                    </TextEquiv>
                </Word>
                <Word id="tr_3_tl_38_w6" custom="readingOrder {index:5;}">
                    <Coords points="2815,3715 2815,3775 2869,3775 2869,3715"/>
                    <TextEquiv>
                        <Unicode>den</Unicode>
                    </TextEquiv>
                </Word>
                <Word id="tr_3_tl_38_w7" custom="readingOrder {index:6;}">
                    <Coords points="2903,3716 2903,3776 2994,3776 2994,3716"/>
                    <TextEquiv>
                        <Unicode>dialo</Unicode>
                    </TextEquiv>
                </Word>
                <TextEquiv>
                    <Unicode>typiska form kan man anse den dialo</Unicode>
                </TextEquiv>
            </TextLine>
            <TextLine id="tr_3_tl_39" custom="readingOrder {index:38;}">
                <Coords points="2225,3815 3017,3808 3016,3776 2904,3759 2224,3767"/>
                <Baseline points="2230,3804 2269,3801 2308,3801 2348,3801 2387,3801 2427,3802 2466,3804 2506,3804 2545,3804 2585,3807 2624,3807 2663,3805 2703,3806 2742,3807 2782,3807 2821,3807 2861,3807 2900,3807 2940,3807 2979,3805 3019,3804"/>
                <Word id="tr_3_tl_39_w1" custom="readingOrder {index:0;}">
                    <Coords points="2219,3761 2219,3821 2369,3821 2369,3761"/>
                    <TextEquiv>
                        <Unicode>giserade</Unicode>
                    </TextEquiv>
                </Word>
                <Word id="tr_3_tl_39_w2" custom="readingOrder {index:1;}">
                    <Coords points="2400,3764 2400,3824 2551,3824 2551,3764"/>
                    <TextEquiv>
                        <Unicode>novellen</Unicode>
                    </TextEquiv>
                </Word>
                <Word id="tr_3_tl_39_w3" custom="readingOrder {index:2;}">
                    <Coords points="2582,3766 2582,3826 2667,3826 2667,3766"/>
                    <TextEquiv>
                        <Unicode>efter</Unicode>
                    </TextEquiv>
                </Word>
                <Word id="tr_3_tl_39_w4" custom="readingOrder {index:3;}">
                    <Coords points="2693,3767 2693,3827 2834,3827 2834,3767"/>
                    <TextEquiv>
                        <Unicode>franskt</Unicode>
                    </TextEquiv>
                </Word>
                <Word id="tr_3_tl_39_w5" custom="readingOrder {index:4;}">
                    <Coords points="2854,3767 2854,3827 3005,3827 3005,3767"/>
                    <TextEquiv>
                        <Unicode>mönster</Unicode>
                    </TextEquiv>
                </Word>
                <TextEquiv>
                    <Unicode>giserade novellen efter franskt mönster</Unicode>
                </TextEquiv>
            </TextLine>
            <TextLine id="tr_3_tl_40" custom="readingOrder {index:39;}">
                <Coords points="2220,3870 3022,3857 3022,3822 2972,3812 2718,3835 2220,3814"/>
                <Baseline points="2227,3852 2266,3852 2306,3852 2346,3852 2386,3852 2426,3853 2466,3855 2506,3855 2546,3855 2586,3855 2626,3855 2665,3855 2705,3855 2745,3857 2785,3858 2825,3858 2865,3857 2905,3855 2945,3855 2985,3855 3025,3855"/>
                <Word id="tr_3_tl_40_w1" custom="readingOrder {index:0;}">
                    <Coords points="2219,3812 2219,3872 2312,3872 2312,3812"/>
                    <TextEquiv>
                        <Unicode>vara.</Unicode>
                    </TextEquiv>
                </Word>
                <Word id="tr_3_tl_40_w2" custom="readingOrder {index:1;}">
                    <Coords points="2332,3812 2332,3872 2400,3872 2400,3812"/>
                    <TextEquiv>
                        <Unicode>Han</Unicode>
                    </TextEquiv>
                </Word>
                <Word id="tr_3_tl_40_w3" custom="readingOrder {index:2;}">
                    <Coords points="2431,3815 2431,3875 2563,3875 2563,3815"/>
                    <TextEquiv>
                        <Unicode>nyttjar</Unicode>
                    </TextEquiv>
                </Word>
                <Word id="tr_3_tl_40_w4" custom="readingOrder {index:3;}">
                    <Coords points="2588,3815 2588,3875 2691,3875 2691,3815"/>
                    <TextEquiv>
                        <Unicode>gärna</Unicode>
                    </TextEquiv>
                </Word>
                <Word id="tr_3_tl_40_w5" custom="readingOrder {index:4;}">
                    <Coords points="2721,3818 2721,3878 2912,3878 2912,3818"/>
                    <TextEquiv>
                        <Unicode>suggestion</Unicode>
                    </TextEquiv>
                </Word>
                <Word id="tr_3_tl_40_w6" custom="readingOrder {index:5;}">
                    <Coords points="2942,3815 2942,3875 3001,3875 3001,3815"/>
                    <TextEquiv>
                        <Unicode>och</Unicode>
                    </TextEquiv>
                </Word>
                <TextEquiv>
                    <Unicode>vara. Han nyttjar gärna suggestion och</Unicode>
                </TextEquiv>
            </TextLine>
            <TextLine id="tr_3_tl_41" custom="readingOrder {index:40;}">
                <Coords points="2215,3921 2590,3934 2688,3906 2893,3934 3026,3911 2993,3866 2876,3860 2214,3876"/>
                <Baseline points="2221,3900 2261,3900 2301,3900 2342,3900 2382,3902 2422,3903 2463,3903 2503,3903 2543,3904 2584,3906 2624,3906 2664,3906 2705,3906 2745,3906 2785,3906 2826,3907 2866,3909 2906,3908 2947,3906 2987,3907 3028,3912"/>
                <Word id="tr_3_tl_41_w1" custom="readingOrder {index:0;}">
                    <Coords points="2214,3860 2214,3920 2327,3920 2327,3860"/>
                    <TextEquiv>
                        <Unicode>dylika</Unicode>
                    </TextEquiv>
                </Word>
                <Word id="tr_3_tl_41_w2" custom="readingOrder {index:1;}">
                    <Coords points="2367,3863 2367,3923 2523,3923 2523,3863"/>
                    <TextEquiv>
                        <Unicode>fenomen</Unicode>
                    </TextEquiv>
                </Word>
                <Word id="tr_3_tl_41_w3" custom="readingOrder {index:2;}">
                    <Coords points="2557,3866 2557,3926 2615,3926 2615,3866"/>
                    <TextEquiv>
                        <Unicode>som</Unicode>
                    </TextEquiv>
                </Word>
                <Word id="tr_3_tl_41_w4" custom="readingOrder {index:3;}">
                    <Coords points="2682,3866 2682,3926 2812,3926 2812,3866"/>
                    <TextEquiv>
                        <Unicode>motiv.</Unicode>
                    </TextEquiv>
                </Word>
                <Word id="tr_3_tl_41_w5" custom="readingOrder {index:4;}">
                    <Coords points="2850,3866 2850,3926 3007,3926 3007,3866"/>
                    <TextEquiv>
                        <Unicode>Enstaki</Unicode>
                    </TextEquiv>
                </Word>
                <TextEquiv>
                    <Unicode>dylika fenomen som motiv. Enstaki</Unicode>
                </TextEquiv>
            </TextLine>
            <TextLine id="tr_3_tl_42" custom="readingOrder {index:41;}">
                <Coords points="2219,3973 3023,3975 3022,3913 2218,3924"/>
                <Baseline points="2224,3956 2264,3951 2304,3950 2344,3950 2384,3950 2424,3951 2464,3953 2504,3953 2544,3953 2584,3953 2624,3956 2664,3954 2704,3953 2744,3953 2784,3954 2824,3956 2864,3956 2904,3956 2944,3956 2984,3956 3025,3959"/>
                <Word id="tr_3_tl_42_w1" custom="readingOrder {index:0;}">
                    <Coords points="2219,3910 2219,3970 2346,3970 2346,3910"/>
                    <TextEquiv>
                        <Unicode>ganger</Unicode>
                    </TextEquiv>
                </Word>
                <Word id="tr_3_tl_42_w2" custom="readingOrder {index:1;}">
                    <Coords points="2376,3910 2376,3970 2462,3970 2462,3910"/>
                    <TextEquiv>
                        <Unicode>lâter</Unicode>
                    </TextEquiv>
                </Word>
                <Word id="tr_3_tl_42_w3" custom="readingOrder {index:2;}">
                    <Coords points="2492,3913 2492,3973 2550,3973 2550,3913"/>
                    <TextEquiv>
                        <Unicode>han</Unicode>
                    </TextEquiv>
                </Word>
                <Word id="tr_3_tl_42_w4" custom="readingOrder {index:3;}">
                    <Coords points="2608,3913 2608,3973 2735,3973 2735,3913"/>
                    <TextEquiv>
                        <Unicode>sociala</Unicode>
                    </TextEquiv>
                </Word>
                <Word id="tr_3_tl_42_w5" custom="readingOrder {index:4;}">
                    <Coords points="2782,3916 2782,3976 3008,3976 3008,3916"/>
                    <TextEquiv>
                        <Unicode>synpunkter</Unicode>
                    </TextEquiv>
                </Word>
                <TextEquiv>
                    <Unicode>ganger lâter han sociala synpunkter</Unicode>
                </TextEquiv>
            </TextLine>
            <TextLine id="tr_3_tl_43" custom="readingOrder {index:42;}">
                <Coords points="2214,4007 3022,4016 3004,3966 2214,3973"/>
                <Baseline points="2221,4004 2261,3999 2301,3998 2341,4000 2381,4001 2422,4001 2462,4001 2502,4001 2542,4001 2582,4004 2623,4004 2663,4004 2703,4004 2743,4004 2783,4004 2824,4005 2864,4007 2904,4007 2944,4007 2984,4010 3025,4007"/>
                <Word id="tr_3_tl_43_w1" custom="readingOrder {index:0;}">
                    <Coords points="2213,3960 2213,4020 2289,4020 2289,3960"/>
                    <TextEquiv>
                        <Unicode>göra</Unicode>
                    </TextEquiv>
                </Word>
                <Word id="tr_3_tl_43_w2" custom="readingOrder {index:1;}">
                    <Coords points="2318,3959 2318,4019 2362,4019 2362,3959"/>
                    <TextEquiv>
                        <Unicode>sig</Unicode>
                    </TextEquiv>
                </Word>
                <Word id="tr_3_tl_43_w3" custom="readingOrder {index:2;}">
                    <Coords points="2391,3961 2391,4021 2569,4021 2569,3961"/>
                    <TextEquiv>
                        <Unicode>gällande,</Unicode>
                    </TextEquiv>
                </Word>
                <Word id="tr_3_tl_43_w4" custom="readingOrder {index:3;}">
                    <Coords points="2584,3964 2584,4024 2641,4024 2641,3964"/>
                    <TextEquiv>
                        <Unicode>och</Unicode>
                    </TextEquiv>
                </Word>
                <Word id="tr_3_tl_43_w5" custom="readingOrder {index:4;}">
                    <Coords points="2670,3964 2670,4024 2780,4024 2780,3964"/>
                    <TextEquiv>
                        <Unicode>under</Unicode>
                    </TextEquiv>
                </Word>
                <Word id="tr_3_tl_43_w6" custom="readingOrder {index:5;}">
                    <Coords points="2805,3966 2805,4026 2886,4026 2886,3966"/>
                    <TextEquiv>
                        <Unicode>hans</Unicode>
                    </TextEquiv>
                </Word>
                <Word id="tr_3_tl_43_w7" custom="readingOrder {index:6;}">
                    <Coords points="2916,3968 2916,4028 3011,4028 3011,3968"/>
                    <TextEquiv>
                        <Unicode>sena-</Unicode>
                    </TextEquiv>
                </Word>
                <TextEquiv>
                    <Unicode>göra sig gällande, och under hans sena-</Unicode>
                </TextEquiv>
            </TextLine>
            <TextLine id="tr_3_tl_44" custom="readingOrder {index:43;}">
                <Coords points="2218,4065 2986,4074 3028,4060 3027,4020 2216,4011"/>
                <Baseline points="2224,4052 2264,4049 2304,4047 2345,4048 2385,4047 2425,4047 2466,4050 2506,4052 2546,4052 2587,4052 2627,4055 2667,4052 2708,4054 2748,4053 2788,4054 2829,4056 2869,4057 2909,4056 2950,4058 2990,4058 3031,4061"/>
                <Word id="tr_3_tl_44_w1" custom="readingOrder {index:0;}">
                    <Coords points="2216,4011 2216,4071 2243,4071 2243,4011"/>
                    <TextEquiv>
                        <Unicode>re</Unicode>
                    </TextEquiv>
                </Word>
                <Word id="tr_3_tl_44_w2" custom="readingOrder {index:1;}">
                    <Coords points="2270,4007 2270,4067 2308,4067 2308,4007"/>
                    <TextEquiv>
                        <Unicode>âr</Unicode>
                    </TextEquiv>
                </Word>
                <Word id="tr_3_tl_44_w3" custom="readingOrder {index:2;}">
                    <Coords points="2335,4007 2335,4067 2379,4067 2379,4007"/>
                    <TextEquiv>
                        <Unicode>ha</Unicode>
                    </TextEquiv>
                </Word>
                <Word id="tr_3_tl_44_w4" custom="readingOrder {index:3;}">
                    <Coords points="2407,4007 2407,4067 2449,4067 2449,4007"/>
                    <TextEquiv>
                        <Unicode>de</Unicode>
                    </TextEquiv>
                </Word>
                <Word id="tr_3_tl_44_w5" custom="readingOrder {index:4;}">
                    <Coords points="2477,4012 2477,4072 2612,4072 2612,4012"/>
                    <TextEquiv>
                        <Unicode>judiska</Unicode>
                    </TextEquiv>
                </Word>
                <Word id="tr_3_tl_44_w6" custom="readingOrder {index:5;}">
                    <Coords points="2646,4013 2646,4073 2841,4073 2841,4013"/>
                    <TextEquiv>
                        <Unicode>problemen</Unicode>
                    </TextEquiv>
                </Word>
                <Word id="tr_3_tl_44_w7" custom="readingOrder {index:6;}">
                    <Coords points="2874,4017 2874,4077 3009,4077 3009,4017"/>
                    <TextEquiv>
                        <Unicode>ute'ort</Unicode>
                    </TextEquiv>
                </Word>
                <TextEquiv>
                    <Unicode>re âr ha de judiska problemen ute'ort</Unicode>
                </TextEquiv>
            </TextLine>
            <TextLine id="tr_3_tl_45" custom="readingOrder {index:44;}">
                <Coords points="2208,4127 2353,4102 2448,4112 2487,4141 2635,4105 2840,4112 2831,4058 2722,4081 2362,4055 2208,4074"/>
                <Baseline points="2215,4097 2246,4097 2277,4097 2309,4097 2340,4097 2372,4097 2403,4097 2434,4097 2466,4099 2497,4100 2529,4100 2560,4102 2591,4102 2623,4100 2654,4102 2686,4103 2717,4103 2748,4103 2780,4103 2811,4104 2843,4106"/>
                <Word id="tr_3_tl_45_w1" custom="readingOrder {index:0;}">
                    <Coords points="2210,4057 2210,4117 2510,4117 2510,4057"/>
                    <TextEquiv>
                        <Unicode>huvudsporsmal</Unicode>
                    </TextEquiv>
                </Word>
                <Word id="tr_3_tl_45_w2" custom="readingOrder {index:1;}">
                    <Coords points="2574,4062 2574,4122 2592,4122 2592,4062"/>
                    <TextEquiv>
                        <Unicode>i</Unicode>
                    </TextEquiv>
                </Word>
                <Word id="tr_3_tl_45_w3" custom="readingOrder {index:2;}">
                    <Coords points="2611,4062 2611,4122 2698,4122 2698,4062"/>
                    <TextEquiv>
                        <Unicode>hans</Unicode>
                    </TextEquiv>
                </Word>
                <Word id="tr_3_tl_45_w4" custom="readingOrder {index:3;}">
                    <Coords points="2730,4063 2730,4123 2830,4123 2830,4063"/>
                    <TextEquiv>
                        <Unicode>verk.</Unicode>
                    </TextEquiv>
                </Word>
                <TextEquiv>
                    <Unicode>huvudsporsmal i hans verk.</Unicode>
                </TextEquiv>
            </TextLine>
            <TextEquiv>
                <Unicode></Unicode>
            </TextEquiv>
        </TextRegion>
    </Page>
</PcGts>
